<?xml version="1.0" encoding="UTF-8"?>
<!DOCTYPE html PUBLIC "-//W3C//DTD XHTML 1.0 Transitional//EN"
    "http://www.w3.org/TR/xhtml1/DTD/xhtml1-transitional.dtd">
<html xmlns="http://www.w3.org/1999/xhtml" xml:lang="en" lang="en">
 <head>
  <title>
</title>
<meta http-equiv="Content-Type" content="text/html;charset=utf-8" />
  <meta name='ocr-system' content='tesseract 3.04.00' />
  <meta name='ocr-capabilities' content='ocr_page ocr_carea ocr_par ocr_line ocrx_word'/>
</head>
<body>
  <div class='ocr_page' id='page_1' title='image "./theodoriepiscop02swetgoog_0198.png"; bbox 0 0 3221 5116; ppageno 0'>
   <div class='ocr_carea' id='block_1_1' title="bbox 302 424 2715 509">
    <p class='ocr_par' dir='ltr' id='par_1_1' title="bbox 302 424 2715 509">
     <span class='ocr_line' id='line_1_1' title="bbox 302 424 2715 509; baseline 0.001 -22"><span class='ocrx_word' id='word_1_1' title='bbox 302 424 421 492; x_wconf 74' lang='lat' dir='ltr'>VI.</span> <span class='ocrx_word' id='word_1_2' title='bbox 454 440 556 503; x_wconf 88' lang='lat'>20,</span> <span class='ocrx_word' id='word_1_3' title='bbox 589 424 715 509; x_wconf 88' lang='lat'>21.]</span> <span class='ocrx_word' id='word_1_4' title='bbox 1011 437 1093 488; x_wconf 81' lang='grc' dir='ltr'>ΙΝ</span> <span class='ocrx_word' id='word_1_5' title='bbox 1141 437 1248 490; x_wconf 82' lang='grc' dir='ltr'>ΕΡ.</span> <span class='ocrx_word' id='word_1_6' title='bbox 1292 436 1396 490; x_wconf 80' lang='grc' dir='ltr'>ΑΙ)</span> <span class='ocrx_word' id='word_1_7' title='bbox 1441 436 1906 491; x_wconf 76' lang='grc' dir='ltr'>ΤΙΜΟΤΗΕΗΜ</span> <span class='ocrx_word' id='word_1_8' title='bbox 1954 438 2001 490; x_wconf 90' lang='lat'>1.</span> <span class='ocrx_word' id='word_1_9' title='bbox 2594 427 2715 507; x_wconf 91' lang='lat'>187</span> 
     </span>
    </p>
   </div>
   <div class='ocr_carea' id='block_1_2' title="bbox 296 609 2832 1834">
    <p class='ocr_par' dir='ltr' id='par_1_2' title="bbox 296 609 2832 1834">
     <span class='ocr_line' id='line_1_2' title="bbox 428 609 2716 695; baseline -0 -19"><span class='ocrx_word' id='word_1_10' title='bbox 428 612 794 695; x_wconf 85' lang='lat' dir='ltr'>percipient</span> <span class='ocrx_word' id='word_1_11' title='bbox 842 619 1070 677; x_wconf 84' lang='lat' dir='ltr'>autern</span> <span class='ocrx_word' id='word_1_12' title='bbox 1122 612 1189 676; x_wconf 89' lang='lat' dir='ltr'>in</span> <span class='ocrx_word' id='word_1_13' title='bbox 1243 611 1467 676; x_wconf 87' lang='lat' dir='ltr'>futuro</span> <span class='ocrx_word' id='word_1_14' title='bbox 1518 609 1791 675; x_wconf 90' lang='lat' dir='ltr'>saeculo</span> <span class='ocrx_word' id='word_1_15' title='bbox 1846 609 2188 675; x_wconf 86' lang='lat' dir='ltr'>mercedes</span> <span class='ocrx_word' id='word_1_16' title='bbox 2251 629 2532 693; x_wconf 88' lang='lat' dir='ltr'>magnas</span> <span class='ocrx_word' id='word_1_17' title='bbox 2593 629 2716 694; x_wconf 90' lang='lat' dir='ltr'>pro</span> 
     </span>
     <span class='ocr_line' id='line_1_3' title="bbox 296 712 2716 798; baseline -0 -20"><span class='ocrx_word' id='word_1_18' title='bbox 296 715 539 798; x_wconf 86' lang='lat' dir='ltr'>quibus</span> <span class='ocrx_word' id='word_1_19' title='bbox 571 715 638 778; x_wconf 91' lang='lat' dir='ltr'>in</span> <span class='ocrx_word' id='word_1_20' title='bbox 668 713 796 779; x_wconf 86' lang='lat' dir='ltr'>hoc</span> <span class='ocrx_word' id='word_1_21' title='bbox 825 714 1092 779; x_wconf 84' lang='lat' dir='ltr'>saeculo</span> <span class='ocrx_word' id='word_1_22' title='bbox 1133 716 1261 779; x_wconf 87' lang='lat' dir='ltr'>ista</span> <span class='ocrx_word' id='word_1_23' title='bbox 1297 714 1567 779; x_wconf 86' lang='lat' dir='ltr'>faciunt.</span> <span class='ocrx_word' id='word_1_24' title='bbox 1659 732 1816 776; x_wconf 90' lang='lat' dir='ltr'>nam</span> <span class='ocrx_word' id='word_1_25' title='bbox 1850 723 1920 776; x_wconf 91' lang='lat' dir='ltr'>et</span> <span class='ocrx_word' id='word_1_26' title='bbox 1963 712 2306 778; x_wconf 88' lang='lat' dir='ltr'>mercedes</span> <span class='ocrx_word' id='word_1_27' title='bbox 2337 714 2716 796; x_wconf 86' lang='lat' dir='ltr'>percipient</span> 
     </span>
     <span class='ocr_line' id='line_1_4' title="bbox 298 816 2717 900; baseline 0.001 -19"><span class='ocrx_word' id='word_1_28' title='bbox 298 817 471 882; x_wconf 90' lang='lat' dir='ltr'>tales</span> <span class='ocrx_word' id='word_1_29' title='bbox 516 837 690 900; x_wconf 91' lang='lat' dir='ltr'>quae</span> <span class='ocrx_word' id='word_1_30' title='bbox 741 817 994 881; x_wconf 91' lang='lat' dir='ltr'>nullam</span> <span class='ocrx_word' id='word_1_31' title='bbox 1046 837 1367 900; x_wconf 85' lang='lat' dir='ltr'>umquam</span> <span class='ocrx_word' id='word_1_32' title='bbox 1421 824 1739 899; x_wconf 88' lang='lat' dir='ltr'>poterunt</span> <span class='ocrx_word' id='word_1_33' title='bbox 1793 816 2313 880; x_wconf 86' lang='lat' dir='ltr'>mutabilitatem</span> <span class='ocrx_word' id='word_1_34' title='bbox 2374 818 2717 884; x_wconf 87' lang='lat' dir='ltr'>sustinere.</span> 
     </span>
     <span class='ocr_line' id='line_1_5' title="bbox 300 919 2718 1005; baseline 0 -21"><span class='ocrx_word' id='word_1_35' title='bbox 300 940 456 984; x_wconf 88' lang='lat' dir='ltr'>nam</span> <span class='ocrx_word' id='word_1_36' title='bbox 502 921 684 1005; x_wconf 93' lang='lat' dir='ltr'>quod</span> <span class='ocrx_word' id='word_1_37' title='bbox 731 922 907 986; x_wconf 84' lang='lat' dir='ltr'>dixit</span> <span class='ocrx_word' id='word_1_38' title='bbox 936 922 1469 1004; x_wconf 79' lang='lat' dir='ltr'>fundamentum,</span> <span class='ocrx_word' id='word_1_39' title='bbox 1503 920 1890 984; x_wconf 89' lang='lat' dir='ltr'>firmitatem</span> <span class='ocrx_word' id='word_1_40' title='bbox 1930 940 2162 985; x_wconf 90' lang='lat' dir='ltr'>eorum</span> <span class='ocrx_word' id='word_1_41' title='bbox 2201 919 2419 984; x_wconf 91' lang='lat' dir='ltr'>uoluit</span> <span class='ocrx_word' id='word_1_42' title='bbox 2461 921 2718 1004; x_wconf 88' lang='lat' dir='ltr'>signifi-</span> 
     </span>
     <span class='ocr_line' id='line_1_6' title="bbox 301 1023 2821 1113; baseline 0.001 -25"><span class='ocrx_word' id='word_1_43' title='bbox 301 1044 468 1089; x_wconf 87' lang='lat' dir='ltr'>care.</span> <span class='ocrx_word' id='word_1_44' title='bbox 556 1024 1028 1107; x_wconf 88' lang='lat' dir='ltr'>compendiose</span> <span class='ocrx_word' id='word_1_45' title='bbox 1064 1045 1224 1088; x_wconf 87' lang='lat' dir='ltr'>uero</span> <span class='ocrx_word' id='word_1_46' title='bbox 1270 1023 1398 1089; x_wconf 91' lang='lat' dir='ltr'>hoc</span> <span class='ocrx_word' id='word_1_47' title='bbox 1446 1023 1661 1087; x_wconf 90' lang='lat' dir='ltr'>uoluit</span> <span class='ocrx_word' id='word_1_48' title='bbox 1711 1023 1970 1087; x_wconf 88' lang='lat' dir='ltr'>dicere:</span> <span class='ocrx_word' id='word_1_49' title='bbox 2060 1024 2406 1106; x_wconf 87' lang='lat' dir='ltr'>‘praecipe</span> <span class='ocrx_word' id='word_1_50' title='bbox 2457 1023 2587 1088; x_wconf 90' lang='lat' dir='ltr'>illis</span> <span class='ocrx_word' id='word_1_51' title='bbox 2641 1034 2717 1090; x_wconf 91' lang='lat' dir='ltr'>ut</span> <span class='ocrx_word' id='word_1_52' title='bbox 2789 1045 2821 1113; x_wconf 87' lang='lat'><strong>5</strong></span> 
     </span>
     <span class='ocr_line' id='line_1_7' title="bbox 300 1126 2717 1211; baseline 0 -20"><span class='ocrx_word' id='word_1_53' title='bbox 300 1148 435 1192; x_wconf 91' lang='lat' dir='ltr'>non</span> <span class='ocrx_word' id='word_1_54' title='bbox 480 1147 725 1211; x_wconf 88' lang='lat' dir='ltr'>magna</span> <span class='ocrx_word' id='word_1_55' title='bbox 776 1129 1041 1211; x_wconf 89' lang='lat' dir='ltr'>sapiant</span> <span class='ocrx_word' id='word_1_56' title='bbox 1088 1137 1363 1211; x_wconf 88' lang='lat' dir='ltr'>propter</span> <span class='ocrx_word' id='word_1_57' title='bbox 1434 1127 1551 1192; x_wconf 86' lang='lat' dir='ltr'>illa</span> <span class='ocrx_word' id='word_1_58' title='bbox 1608 1147 1783 1210; x_wconf 88' lang='lat' dir='ltr'>quae</span> <span class='ocrx_word' id='word_1_59' title='bbox 1844 1126 2229 1210; x_wconf 81' lang='lat' dir='ltr'>possident3</span> <span class='ocrx_word' id='word_1_60' title='bbox 2301 1137 2717 1211; x_wconf 89' lang='lat' dir='ltr'>cognoscant</span> 
     </span>
     <span class='ocr_line' id='line_1_8' title="bbox 296 1231 2717 1315; baseline 0 -20"><span class='ocrx_word' id='word_1_61' title='bbox 296 1251 458 1295; x_wconf 90' lang='lat' dir='ltr'>uero</span> <span class='ocrx_word' id='word_1_62' title='bbox 504 1233 873 1296; x_wconf 90' lang='lat' dir='ltr'>Dominum</span> <span class='ocrx_word' id='word_1_63' title='bbox 917 1232 1154 1297; x_wconf 88' lang='lat' dir='ltr'>horum</span> <span class='ocrx_word' id='word_1_64' title='bbox 1197 1234 1323 1296; x_wconf 88' lang='lat' dir='ltr'>sibi</span> <span class='ocrx_word' id='word_1_65' title='bbox 1364 1252 1510 1296; x_wconf 89' lang='lat' dir='ltr'>esse</span> <span class='ocrx_word' id='word_1_66' title='bbox 1552 1231 1954 1314; x_wconf 87' lang='lat' dir='ltr'>largitorem,</span> <span class='ocrx_word' id='word_1_67' title='bbox 1989 1241 2057 1296; x_wconf 90' lang='lat' dir='ltr'>et</span> <span class='ocrx_word' id='word_1_68' title='bbox 2095 1231 2251 1296; x_wconf 92' lang='lat' dir='ltr'>huic</span> <span class='ocrx_word' id='word_1_69' title='bbox 2294 1252 2559 1314; x_wconf 88' lang='lat' dir='ltr'>semper</span> <span class='ocrx_word' id='word_1_70' title='bbox 2593 1253 2717 1315; x_wconf 87' lang='lat' dir='ltr'>pro</span> 
     </span>
     <span class='ocr_line' id='line_1_9' title="bbox 299 1335 2715 1421; baseline 0.001 -23"><span class='ocrx_word' id='word_1_71' title='bbox 299 1336 611 1401; x_wconf 91' lang='lat' dir='ltr'>omnibus</span> <span class='ocrx_word' id='word_1_72' title='bbox 663 1336 788 1401; x_wconf 88' lang='lat' dir='ltr'>sibi</span> <span class='ocrx_word' id='word_1_73' title='bbox 834 1337 1099 1402; x_wconf 86' lang='lat' dir='ltr'>tributis</span> <span class='ocrx_word' id='word_1_74' title='bbox 1146 1338 1395 1421; x_wconf 88' lang='lat' dir='ltr'>gratias</span> <span class='ocrx_word' id='word_1_75' title='bbox 1443 1337 1696 1401; x_wconf 91' lang='lat' dir='ltr'>debent</span> <span class='ocrx_word' id='word_1_76' title='bbox 1748 1335 2009 1414; x_wconf 86' lang='lat' dir='ltr'>referre,</span> <span class='ocrx_word' id='word_1_77' title='bbox 2042 1336 2109 1399; x_wconf 91' lang='lat' dir='ltr'>in</span> <span class='ocrx_word' id='word_1_78' title='bbox 2146 1335 2341 1399; x_wconf 88' lang='lat' dir='ltr'>bonis</span> <span class='ocrx_word' id='word_1_79' title='bbox 2403 1336 2715 1418; x_wconf 87' lang='lat' dir='ltr'>operibus</span> 
     </span>
     <span class='ocr_line' id='line_1_10' title="bbox 300 1437 2720 1522; baseline 0.001 -21"><span class='ocrx_word' id='word_1_80' title='bbox 300 1437 815 1503; x_wconf 88' lang='lat' dir='ltr'>sollicitudinem</span> <span class='ocrx_word' id='word_1_81' title='bbox 846 1439 1327 1521; x_wconf 80' lang='lat' dir='ltr'>expendenteS,</span> <span class='ocrx_word' id='word_1_82' title='bbox 1358 1439 1541 1522; x_wconf 89' lang='lat' dir='ltr'>quod</span> <span class='ocrx_word' id='word_1_83' title='bbox 1574 1458 1786 1522; x_wconf 87' lang='lat' dir='ltr'>parua</span> <span class='ocrx_word' id='word_1_84' title='bbox 1830 1438 2071 1502; x_wconf 84' lang='lat' dir='ltr'>dantes</span> <span class='ocrx_word' id='word_1_85' title='bbox 2104 1440 2172 1501; x_wconf 90' lang='lat' dir='ltr'>in</span> <span class='ocrx_word' id='word_1_86' title='bbox 2202 1439 2543 1520; x_wconf 87' lang='lat' dir='ltr'>praesenti</span> <span class='ocrx_word' id='word_1_87' title='bbox 2575 1439 2720 1504; x_wconf 82' lang='lat' dir='ltr'>uita</span> 
     </span>
     <span class='ocr_line' id='line_1_11' title="bbox 305 1540 2832 1625; baseline 0.003 -20"><span class='ocrx_word' id='word_1_88' title='bbox 305 1562 550 1625; x_wconf 90' lang='lat' dir='ltr'>magna</span> <span class='ocrx_word' id='word_1_89' title='bbox 610 1543 678 1606; x_wconf 91' lang='lat' dir='ltr'>in</span> <span class='ocrx_word' id='word_1_90' title='bbox 738 1541 1286 1607; x_wconf 83' lang='lat' dir='ltr'>futuro‘saeculo</span> <span class='ocrx_word' id='word_1_91' title='bbox 1360 1540 1722 1625; x_wconf 65' lang='lat' dir='ltr'>recipiant!</span> <span class='ocrx_word' id='word_1_92' title='bbox 1810 1551 1881 1606; x_wconf 91' lang='lat' dir='ltr'>et</span> <span class='ocrx_word' id='word_1_93' title='bbox 1939 1543 2169 1607; x_wconf 88' lang='lat' dir='ltr'>dicens</span> <span class='ocrx_word' id='word_1_94' title='bbox 2231 1542 2317 1606; x_wconf 91' lang='lat' dir='ltr'>de</span> <span class='ocrx_word' id='word_1_95' title='bbox 2391 1542 2716 1607; x_wconf 88' lang='lat' dir='ltr'>diuitibus</span> <span class='ocrx_word' id='word_1_96' title='bbox 2750 1564 2832 1613; x_wconf 91' lang='lat'>10</span> 
     </span>
     <span class='ocr_line' id='line_1_12' title="bbox 302 1646 2720 1730; baseline 0.001 -22"><span class='ocrx_word' id='word_1_97' title='bbox 302 1646 543 1710; x_wconf 91' lang='lat' dir='ltr'>iterum</span> <span class='ocrx_word' id='word_1_98' title='bbox 592 1649 678 1711; x_wconf 91' lang='lat' dir='ltr'>ad</span> <span class='ocrx_word' id='word_1_99' title='bbox 732 1646 1074 1712; x_wconf 89' lang='lat' dir='ltr'>Timothei</span> <span class='ocrx_word' id='word_1_100' title='bbox 1122 1668 1197 1711; x_wconf 91' lang='lat' dir='ltr'>se</span> <span class='ocrx_word' id='word_1_101' title='bbox 1249 1646 1451 1712; x_wconf 89' lang='lat' dir='ltr'>uertit</span> <span class='ocrx_word' id='word_1_102' title='bbox 1505 1665 1886 1730; x_wconf 90' lang='lat' dir='ltr'>personam,</span> <span class='ocrx_word' id='word_1_103' title='bbox 1936 1646 2066 1710; x_wconf 89' lang='lat' dir='ltr'>illis</span> <span class='ocrx_word' id='word_1_104' title='bbox 2126 1666 2298 1728; x_wconf 89' lang='lat' dir='ltr'>quae</span> <span class='ocrx_word' id='word_1_105' title='bbox 2371 1646 2720 1728; x_wconf 81' lang='lat' dir='ltr'>praedicta</span> 
     </span>
     <span class='ocr_line' id='line_1_13' title="bbox 304 1747 1417 1834; baseline 0.004 -23"><span class='ocrx_word' id='word_1_106' title='bbox 304 1747 565 1815; x_wconf 85' lang='lat' dir='ltr'>fuerant</span> <span class='ocrx_word' id='word_1_107' title='bbox 596 1760 1054 1834; x_wconf 90' lang='lat' dir='ltr'>competenter</span> <span class='ocrx_word' id='word_1_108' title='bbox 1083 1751 1417 1815; x_wconf 88' lang='lat' dir='ltr'>adiciens:</span> 
     </span>
    </p>
   </div>
   <div class='ocr_carea' id='block_1_3' title="bbox 431 1916 2720 2001">
    <p class='ocr_par' dir='ltr' id='par_1_3' title="bbox 431 1916 2720 2001">
     <span class='ocr_line' id='line_1_14' title="bbox 431 1916 2720 2001; baseline 0.002 -21"><span class='ocrx_word' id='word_1_109' title='bbox 431 1938 468 1980; x_wconf 84' lang='grc' dir='ltr'>ο</span> <span class='ocrx_word' id='word_1_110' title='bbox 508 1917 570 1981; x_wconf 88' lang='lat' dir='ltr'><em>T</em></span> <span class='ocrx_word' id='word_1_111' title='bbox 565 1917 842 1996; x_wconf 82' lang='lat' dir='ltr'>imotlzee,</span> <span class='ocrx_word' id='word_1_112' title='bbox 871 1916 1381 1983; x_wconf 83' lang='lat' dir='ltr'>commendatum</span> <span class='ocrx_word' id='word_1_113' title='bbox 1419 1916 1682 1996; x_wconf 83' lang='lat' dir='ltr'>custodi,</span> <span class='ocrx_word' id='word_1_114' title='bbox 1713 1916 2016 1982; x_wconf 82' lang='lat' dir='ltr'>deuitans</span> <span class='ocrx_word' id='word_1_115' title='bbox 2042 1919 2373 2001; x_wconf 85' lang='lat' dir='ltr'>profanas</span> <span class='ocrx_word' id='word_1_116' title='bbox 2400 1919 2720 1985; x_wconf 80' lang='lat' dir='ltr'>nom’tates</span> 
     </span>
    </p>
   </div>
   <div class='ocr_carea' id='block_1_4' title="bbox 304 2021 2880 2217">
    <p class='ocr_par' dir='ltr' id='par_1_4' title="bbox 304 2021 2880 2217">
     <span class='ocr_line' id='line_1_15' title="bbox 304 2021 2880 2107; baseline 0.002 -24"><span class='ocrx_word' id='word_1_117' title='bbox 304 2041 527 2085; x_wconf 83' lang='lat' dir='ltr'>uocum</span> <span class='ocrx_word' id='word_1_118' title='bbox 556 2031 620 2086; x_wconf 83' lang='lat' dir='ltr'>et</span> <span class='ocrx_word' id='word_1_119' title='bbox 643 2022 1050 2106; x_wconf 84' lang='lat' dir='ltr'>oppositiones</span> <span class='ocrx_word' id='word_1_120' title='bbox 1062 2021 1247 2106; x_wconf 83' lang='lat' dir='ltr'>salsi</span> <span class='ocrx_word' id='word_1_121' title='bbox 1270 2022 1555 2087; x_wconf 84' lang='lat' dir='ltr'>nominis</span> <span class='ocrx_word' id='word_1_122' title='bbox 1582 2022 1897 2102; x_wconf 82' lang='lat' dir='ltr'>scientiae,</span> <span class='ocrx_word' id='word_1_123' title='bbox 1921 2044 2121 2106; x_wconf 82' lang='lat' dir='ltr'>quam</span> <span class='ocrx_word' id='word_1_124' title='bbox 2150 2023 2419 2107; x_wconf 85' lang='lat' dir='ltr'>quidam</span> <span class='ocrx_word' id='word_1_125' title='bbox 2436 2025 2716 2106; x_wconf 79' lang='lat' dir='ltr'>promit·</span> <span class='ocrx_word' id='word_1_126' title='bbox 2876 2050 2880 2055; x_wconf 93' lang='lat'><em>·</em></span> 
     </span>
     <span class='ocr_line' id='line_1_16' title="bbox 306 2124 2822 2217; baseline 0.002 -30"><span class='ocrx_word' id='word_1_127' title='bbox 306 2132 501 2189; x_wconf 83' lang='lat' dir='ltr'>tentes</span> <span class='ocrx_word' id='word_1_128' title='bbox 526 2146 572 2188; x_wconf 89' lang='lat' dir='ltr'>a</span> <span class='ocrx_word' id='word_1_129' title='bbox 583 2124 728 2208; x_wconf 77' lang='lat' dir='ltr'>fide</span> <span class='ocrx_word' id='word_1_130' title='bbox 751 2124 1136 2190; x_wconf 70' lang='lat' dir='ltr'>exciderunt.</span> <span class='ocrx_word' id='word_1_131' title='bbox 2749 2149 2822 2217; x_wconf 83' lang='lat'>15</span> 
     </span>
    </p>
   </div>
   <div class='ocr_carea' id='block_1_5' title="bbox 243 2250 2828 2839">
    <p class='ocr_par' dir='ltr' id='par_1_5' title="bbox 243 2250 2828 2839">
     <span class='ocr_line' id='line_1_17' title="bbox 432 2250 2719 2337; baseline 0.001 -20"><span class='ocrx_word' id='word_1_132' title='bbox 432 2253 518 2318; x_wconf 91' lang='lat' dir='ltr'>de</span> <span class='ocrx_word' id='word_1_133' title='bbox 557 2252 687 2317; x_wconf 92' lang='lat' dir='ltr'>illis</span> <span class='ocrx_word' id='word_1_134' title='bbox 728 2253 905 2317; x_wconf 90' lang='lat' dir='ltr'>enim</span> <span class='ocrx_word' id='word_1_135' title='bbox 953 2251 1078 2316; x_wconf 90' lang='lat' dir='ltr'>hoc</span> <span class='ocrx_word' id='word_1_136' title='bbox 1120 2252 1189 2318; x_wconf 91' lang='lat' dir='ltr'>in</span> <span class='ocrx_word' id='word_1_137' title='bbox 1228 2250 1376 2317; x_wconf 90' lang='lat' dir='ltr'>loco</span> <span class='ocrx_word' id='word_1_138' title='bbox 1429 2252 1607 2318; x_wconf 88' lang='lat' dir='ltr'>dicit.</span> <span class='ocrx_word' id='word_1_139' title='bbox 1700 2255 1816 2317; x_wconf 88' lang='lat' dir='ltr'>‘tu</span> <span class='ocrx_word' id='word_1_140' title='bbox 1868 2251 2137 2337; x_wconf 87' lang='lat' dir='ltr'>(inquit)</span> <span class='ocrx_word' id='word_1_141' title='bbox 2179 2255 2444 2319; x_wconf 90' lang='lat' dir='ltr'>custodi</span> <span class='ocrx_word' id='word_1_142' title='bbox 2488 2253 2719 2333; x_wconf 89' lang='lat' dir='ltr'>fidem,</span> 
     </span>
     <span class='ocr_line' id='line_1_18' title="bbox 243 2356 2716 2445; baseline 0 -24"><span class='ocrx_word' id='word_1_143' title='bbox 243 2441 248 2445; x_wconf 15' lang='grc' dir='ltr'><strong>μ</strong></span> <span class='ocrx_word' id='word_1_144' title='bbox 302 2358 485 2421; x_wconf 92' lang='lat' dir='ltr'>omni</span> <span class='ocrx_word' id='word_1_145' title='bbox 536 2359 783 2422; x_wconf 89' lang='lat' dir='ltr'>uirtute</span> <span class='ocrx_word' id='word_1_146' title='bbox 827 2356 1165 2422; x_wconf 89' lang='lat' dir='ltr'>declinans</span> <span class='ocrx_word' id='word_1_147' title='bbox 1203 2377 1319 2422; x_wconf 92' lang='lat' dir='ltr'>eos</span> <span class='ocrx_word' id='word_1_148' title='bbox 1363 2358 1477 2440; x_wconf 92' lang='lat' dir='ltr'>qui</span> <span class='ocrx_word' id='word_1_149' title='bbox 1523 2358 1856 2422; x_wconf 87' lang='lat' dir='ltr'>contraria</span> <span class='ocrx_word' id='word_1_150' title='bbox 1898 2358 2148 2422; x_wconf 90' lang='lat' dir='ltr'>docent</span> <span class='ocrx_word' id='word_1_151' title='bbox 2191 2368 2260 2423; x_wconf 90' lang='lat' dir='ltr'>et</span> <span class='ocrx_word' id='word_1_152' title='bbox 2301 2378 2566 2441; x_wconf 88' lang='lat' dir='ltr'>semper</span> <span class='ocrx_word' id='word_1_153' title='bbox 2596 2380 2716 2422; x_wconf 79' lang='lat' dir='ltr'>ex·</span> 
     </span>
     <span class='ocr_line' id='line_1_19' title="bbox 301 2459 2714 2545; baseline 0.002 -20"><span class='ocrx_word' id='word_1_154' title='bbox 301 2461 598 2544; x_wconf 89' lang='lat' dir='ltr'>cogitant</span> <span class='ocrx_word' id='word_1_155' title='bbox 645 2460 893 2545; x_wconf 91' lang='lat' dir='ltr'>aliquid</span> <span class='ocrx_word' id='word_1_156' title='bbox 948 2461 1185 2524; x_wconf 90' lang='lat' dir='ltr'>nouius</span> <span class='ocrx_word' id='word_1_157' title='bbox 1235 2460 1455 2524; x_wconf 88' lang='lat' dir='ltr'>dicere</span> <span class='ocrx_word' id='word_1_158' title='bbox 1494 2467 1563 2523; x_wconf 87' lang='lat' dir='ltr'>et</span> <span class='ocrx_word' id='word_1_159' title='bbox 1610 2459 2125 2541; x_wconf 81' lang='lat' dir='ltr'>inconuenien53</span> <span class='ocrx_word' id='word_1_160' title='bbox 2180 2461 2293 2543; x_wconf 92' lang='lat' dir='ltr'>qui</span> <span class='ocrx_word' id='word_1_161' title='bbox 2346 2472 2415 2527; x_wconf 91' lang='lat' dir='ltr'>et</span> <span class='ocrx_word' id='word_1_162' title='bbox 2452 2474 2714 2530; x_wconf 91' lang='lat' dir='ltr'>contro-</span> 
     </span>
     <span class='ocr_line' id='line_1_20' title="bbox 298 2555 2709 2650; baseline 0.002 -22"><span class='ocrx_word' id='word_1_163' title='bbox 298 2564 545 2628; x_wconf 90' lang='lat' dir='ltr'>uersias</span> <span class='ocrx_word' id='word_1_164' title='bbox 576 2574 809 2629; x_wconf 89' lang='lat' dir='ltr'>contra</span> <span class='ocrx_word' id='word_1_165' title='bbox 846 2564 1199 2627; x_wconf 88' lang='lat' dir='ltr'>ueritatem</span> <span class='ocrx_word' id='word_1_166' title='bbox 1235 2555 1630 2646; x_wconf 87' lang='lat' dir='ltr'>excogitant</span> <span class='ocrx_word' id='word_1_167' title='bbox 1657 2563 1785 2626; x_wconf 90' lang='lat' dir='ltr'>sub</span> <span class='ocrx_word' id='word_1_168' title='bbox 1826 2563 2098 2627; x_wconf 91' lang='lat' dir='ltr'>nomine</span> <span class='ocrx_word' id='word_1_169' title='bbox 2144 2564 2462 2630; x_wconf 89' lang='lat' dir='ltr'>scientiae</span> <span class='ocrx_word' id='word_1_170' title='bbox 2503 2587 2709 2650; x_wconf 90' lang='lat' dir='ltr'>quam</span> 
     </span>
     <span class='ocr_line' id='line_1_21' title="bbox 304 2666 2828 2756; baseline 0.003 -24"><span class='ocrx_word' id='word_1_171' title='bbox 304 2669 565 2733; x_wconf 91' lang='lat' dir='ltr'>mentiti</span> <span class='ocrx_word' id='word_1_172' title='bbox 616 2666 1019 2745; x_wconf 89' lang='lat' dir='ltr'>insimulant,</span> <span class='ocrx_word' id='word_1_173' title='bbox 1074 2667 1609 2750; x_wconf 90' lang='lat' dir='ltr'>promittuntque</span> <span class='ocrx_word' id='word_1_174' title='bbox 1657 2686 1730 2730; x_wconf 88' lang='lat' dir='ltr'>se</span> <span class='ocrx_word' id='word_1_175' title='bbox 1782 2667 2131 2732; x_wconf 86' lang='lat' dir='ltr'>scientiam</span> <span class='ocrx_word' id='word_1_176' title='bbox 2192 2668 2458 2745; x_wconf 87' lang='lat' dir='ltr'>habere,</span> <span class='ocrx_word' id='word_1_177' title='bbox 2514 2669 2716 2756; x_wconf 90' lang='lat' dir='ltr'>longe</span> <span class='ocrx_word' id='word_1_178' title='bbox 2743 2693 2828 2741; x_wconf 89' lang='lat'>20</span> 
     </span>
     <span class='ocr_line' id='line_1_22' title="bbox 303 2769 2716 2839; baseline 0.001 -3"><span class='ocrx_word' id='word_1_179' title='bbox 303 2782 529 2837; x_wconf 89' lang='lat' dir='ltr'>autem</span> <span class='ocrx_word' id='word_1_180' title='bbox 585 2771 872 2838; x_wconf 91' lang='lat' dir='ltr'>multum</span> <span class='ocrx_word' id='word_1_181' title='bbox 932 2772 1185 2836; x_wconf 87' lang='lat' dir='ltr'>distant</span> <span class='ocrx_word' id='word_1_182' title='bbox 1246 2792 1289 2836; x_wconf 88' lang='lat' dir='ltr'>a</span> <span class='ocrx_word' id='word_1_183' title='bbox 1347 2769 1512 2839; x_wconf 88' lang='lat' dir='ltr'>fide.&#39;</span> <span class='ocrx_word' id='word_1_184' title='bbox 1600 2771 1774 2836; x_wconf 91' lang='lat' dir='ltr'>bene</span> <span class='ocrx_word' id='word_1_185' title='bbox 1833 2780 2060 2837; x_wconf 88' lang='lat' dir='ltr'>autem</span> <span class='ocrx_word' id='word_1_186' title='bbox 2114 2781 2182 2838; x_wconf 91' lang='lat' dir='ltr'>et</span> <span class='ocrx_word' id='word_1_187' title='bbox 2244 2775 2716 2839; x_wconf 89' lang='lat' dir='ltr'>‘commenda-</span> 
     </span>
    </p>
   </div>
   <div class='ocr_carea' id='block_1_6' title="bbox 299 2925 1961 3233">
    <p class='ocr_par' dir='ltr' id='par_1_6' title="bbox 299 2925 1961 3233">
     <span class='ocr_line' id='line_1_23' title="bbox 398 2925 1917 2992; baseline 0.001 -17"><span class='ocrx_word' id='word_1_188' title='bbox 398 2941 427 2976; x_wconf 67' lang='grc' dir='ltr'>α</span> <span class='ocrx_word' id='word_1_189' title='bbox 462 2926 743 2977; x_wconf 86' lang='lat' dir='ltr'>mercedem</span> <span class='ocrx_word' id='word_1_190' title='bbox 764 2941 817 2992; x_wconf 88' lang='lat' dir='ltr'>p.</span> <span class='ocrx_word' id='word_1_191' title='bbox 841 2925 994 2976; x_wconf 87' lang='lat' dir='ltr'>talem</span> <span class='ocrx_word' id='word_1_192' title='bbox 1017 2942 1051 2975; x_wconf 85' lang='lat' dir='ltr'>r</span> <span class='ocrx_word' id='word_1_193' title='bbox 1276 2942 1305 2991; x_wconf 81' lang='lat'><strong>3</strong></span> <span class='ocrx_word' id='word_1_194' title='bbox 1339 2942 1616 2992; x_wconf 80' lang='lat' dir='ltr'>numquam</span> <span class='ocrx_word' id='word_1_195' title='bbox 1636 2927 1793 2977; x_wconf 84' lang='lat' dir='ltr'>ullam</span> <span class='ocrx_word' id='word_1_196' title='bbox 1820 2926 1867 2977; x_wconf 88' lang='lat' dir='ltr'><em>C</em></span> <span class='ocrx_word' id='word_1_197' title='bbox 1882 2944 1917 2977; x_wconf 83' lang='lat' dir='ltr'>r</span> 
     </span>
     <span class='ocr_line' id='line_1_24' title="bbox 301 3003 1609 3069; baseline 0.001 -14"><span class='ocrx_word' id='word_1_198' title='bbox 301 3003 606 3069; x_wconf 78' lang='lat' dir='ltr'>firmitatem)</span> <span class='ocrx_word' id='word_1_199' title='bbox 651 3020 684 3053; x_wconf 86' lang='lat' dir='ltr'>r</span> <span class='ocrx_word' id='word_1_200' title='bbox 935 3016 961 3068; x_wconf 93' lang='lat'><strong>7</strong></span> <span class='ocrx_word' id='word_1_201' title='bbox 995 3005 1129 3055; x_wconf 90' lang='lat' dir='ltr'>hunc</span> <span class='ocrx_word' id='word_1_202' title='bbox 1152 3004 1267 3069; x_wconf 87' lang='lat' dir='ltr'>(for</span> <span class='ocrx_word' id='word_1_203' title='bbox 1284 3006 1422 3067; x_wconf 88' lang='lat' dir='ltr'>huic)</span> <span class='ocrx_word' id='word_1_204' title='bbox 1445 3005 1523 3056; x_wconf 80' lang='lat' dir='ltr'>C*</span> <span class='ocrx_word' id='word_1_205' title='bbox 1547 3008 1609 3056; x_wconf 83' lang='lat' dir='ltr'><em>H</em></span> 
     </span>
     <span class='ocr_line' id='line_1_25' title="bbox 299 3084 1788 3150; baseline 0.001 -17"><span class='ocrx_word' id='word_1_206' title='bbox 299 3092 469 3134; x_wconf 87' lang='lat' dir='ltr'>autem</span> <span class='ocrx_word' id='word_1_207' title='bbox 491 3100 525 3133; x_wconf 85' lang='lat' dir='ltr'>r</span> <span class='ocrx_word' id='word_1_208' title='bbox 705 3098 764 3148; x_wconf 80' lang='lat'>13</span> <span class='ocrx_word' id='word_1_209' title='bbox 798 3099 832 3134; x_wconf 93' lang='lat' dir='ltr'>o</span> <span class='ocrx_word' id='word_1_210' title='bbox 855 3084 916 3135; x_wconf 90' lang='lat' dir='ltr'>T.</span> <span class='ocrx_word' id='word_1_211' title='bbox 945 3085 1229 3150; x_wconf 88' lang='lat' dir='ltr'>depositum</span> <span class='ocrx_word' id='word_1_212' title='bbox 1252 3086 1340 3137; x_wconf 87' lang='lat' dir='ltr'>&amp;c.</span> <span class='ocrx_word' id='word_1_213' title='bbox 1369 3086 1448 3149; x_wconf 81' lang='lat' dir='ltr'>[as</span> <span class='ocrx_word' id='word_1_214' title='bbox 1469 3086 1529 3135; x_wconf 80' lang='lat' dir='ltr'>in</span> <span class='ocrx_word' id='word_1_215' title='bbox 1564 3085 1732 3150; x_wconf 84' lang='lat' dir='ltr'>Vulg.]</span> <span class='ocrx_word' id='word_1_216' title='bbox 1753 3102 1788 3135; x_wconf 83' lang='lat' dir='ltr'>r</span> 
     </span>
     <span class='ocr_line' id='line_1_26' title="bbox 301 3163 1961 3233; baseline 0.001 -19"><span class='ocrx_word' id='word_1_217' title='bbox 301 3163 420 3214; x_wconf 89' lang='lat' dir='ltr'>noui</span> <span class='ocrx_word' id='word_1_218' title='bbox 444 3180 478 3214; x_wconf 82' lang='lat' dir='ltr'>r</span> <span class='ocrx_word' id='word_1_219' title='bbox 674 3177 733 3232; x_wconf 83' lang='lat'>19</span> <span class='ocrx_word' id='word_1_220' title='bbox 763 3165 973 3215; x_wconf 82' lang='lat' dir='ltr'>scientia</span> <span class='ocrx_word' id='word_1_221' title='bbox 994 3181 1094 3230; x_wconf 89' lang='lat' dir='ltr'>qua</span> <span class='ocrx_word' id='word_1_222' title='bbox 1116 3166 1185 3215; x_wconf 81' lang='lat' dir='ltr'>II</span> <span class='ocrx_word' id='word_1_223' title='bbox 1364 3181 1428 3217; x_wconf 70' lang='grc' dir='ltr'>ἰο</span> <span class='ocrx_word' id='word_1_224' title='bbox 1460 3167 1759 3233; x_wconf 85' lang='lat' dir='ltr'>promittunt</span> <span class='ocrx_word' id='word_1_225' title='bbox 1781 3165 1869 3232; x_wconf 88' lang='lat' dir='ltr'>qui</span> <span class='ocrx_word' id='word_1_226' title='bbox 1892 3168 1961 3216; x_wconf 85' lang='grc' dir='ltr'><em>Η</em></span> 
     </span>
    </p>
   </div>
   <div class='ocr_carea' id='block_1_7' title="bbox 1864 2926 2723 3233">
    <p class='ocr_par' dir='ltr' id='par_1_7' title="bbox 2150 2926 2723 2993">
     <span class='ocr_line' id='line_1_27' title="bbox 2150 2926 2723 2993; baseline 0.002 -16"><span class='ocrx_word' id='word_1_227' title='bbox 2150 2947 2182 2990; x_wconf 89' lang='grc'><strong>4</strong></span> <span class='ocrx_word' id='word_1_228' title='bbox 2215 2926 2581 2979; x_wconf 87' lang='lat' dir='ltr'>firmamentum</span> <span class='ocrx_word' id='word_1_229' title='bbox 2605 2927 2723 2993; x_wconf 84' lang='lat' dir='ltr'>(sor</span> 
     </span>
    </p>

    <p class='ocr_par' dir='ltr' id='par_1_8' title="bbox 1864 3006 2718 3071">
     <span class='ocr_line' id='line_1_28' title="bbox 1864 3006 2718 3071; baseline 0.004 -15"><span class='ocrx_word' id='word_1_230' title='bbox 1864 3021 1897 3071; x_wconf 92' lang='lat'>9</span> <span class='ocrx_word' id='word_1_231' title='bbox 1930 3006 2072 3057; x_wconf 87' lang='lat' dir='ltr'>dates</span> <span class='ocrx_word' id='word_1_232' title='bbox 2092 3008 2159 3056; x_wconf 85' lang='lat' dir='ltr'><em>H</em></span> <span class='ocrx_word' id='word_1_233' title='bbox 2161 3006 2190 3033; x_wconf 73' lang='lat'>⁴*</span> <span class='ocrx_word' id='word_1_234' title='bbox 2456 3024 2514 3059; x_wconf 89' lang='lat'>10</span> <span class='ocrx_word' id='word_1_235' title='bbox 2546 3008 2718 3059; x_wconf 86' lang='lat' dir='ltr'>dicens</span> 
     </span>
    </p>

    <p class='ocr_par' dir='ltr' id='par_1_9' title="bbox 1973 3087 2717 3233">
     <span class='ocr_line' id='line_1_29' title="bbox 1973 3087 2717 3152; baseline 0.004 -17"><span class='ocrx_word' id='word_1_236' title='bbox 1973 3102 2031 3148; x_wconf 97' lang='grc'>14</span> <span class='ocrx_word' id='word_1_237' title='bbox 2064 3087 2269 3152; x_wconf 88' lang='lat' dir='ltr'>quidem</span> <span class='ocrx_word' id='word_1_238' title='bbox 2295 3088 2342 3137; x_wconf 89' lang='lat' dir='ltr'><em>C</em></span> <span class='ocrx_word' id='word_1_239' title='bbox 2359 3088 2428 3136; x_wconf 80' lang='lat' dir='ltr'><em>H</em></span> <span class='ocrx_word' id='word_1_240' title='bbox 2438 3104 2470 3137; x_wconf 86' lang='lat' dir='ltr'>r</span> <span class='ocrx_word' id='word_1_241' title='bbox 2657 3090 2717 3138; x_wconf 89' lang='lat'>18</span> 
     </span>
     <span class='ocr_line' id='line_1_30' title="bbox 2146 3167 2612 3233; baseline -0.002 -15"><span class='ocrx_word' id='word_1_242' title='bbox 2146 3182 2203 3218; x_wconf 71' lang='grc' dir='ltr'>αι</span> <span class='ocrx_word' id='word_1_243' title='bbox 2242 3167 2555 3233; x_wconf 87' lang='lat' dir='ltr'>multumque</span> <span class='ocrx_word' id='word_1_244' title='bbox 2577 3183 2612 3217; x_wconf 84' lang='lat' dir='ltr'>r</span> 
     </span>
    </p>
   </div>
   <div class='ocr_carea' id='block_1_8' title="bbox 305 3302 1462 3445">
    <p class='ocr_par' dir='ltr' id='par_1_10' title="bbox 305 3302 1462 3445">
     <span class='ocr_line' id='line_1_31' title="bbox 369 3302 1461 3370; baseline -0.002 -17"><span class='ocrx_word' id='word_1_245' title='bbox 369 3325 417 3368; x_wconf 94' lang='grc'>4.</span> <span class='ocrx_word' id='word_1_246' title='bbox 475 3303 773 3370; x_wconf 74' lang='lat' dir='ltr'>firmitatem</span> <span class='ocrx_word' id='word_1_247' title='bbox 796 3320 965 3354; x_wconf 81' lang='lat' dir='ltr'>eorum</span> <span class='ocrx_word' id='word_1_248' title='bbox 988 3303 1164 3364; x_wconf 82' lang='lat' dir='ltr'>uoluit,</span> <span class='ocrx_word' id='word_1_249' title='bbox 1193 3302 1308 3365; x_wconf 84' lang='lat' dir='ltr'>&amp;c.]</span> <span class='ocrx_word' id='word_1_250' title='bbox 1380 3302 1461 3353; x_wconf 86' lang='lat' dir='ltr'>Cf.</span> 
     </span>
     <span class='ocr_line' id='line_1_32' title="bbox 305 3381 1462 3445; baseline -0.003 -10"><span class='ocrx_word' id='word_1_251' title='bbox 305 3387 492 3436; x_wconf 87' lang='lat' dir='ltr'>Thdt.:</span> <span class='ocrx_word' id='word_1_252' title='bbox 548 3385 641 3434; x_wconf 70' lang='grc' dir='ltr'>τᾶν</span> <span class='ocrx_word' id='word_1_253' title='bbox 697 3387 751 3435; x_wconf 73' lang='grc' dir='ltr'>δὲ</span> <span class='ocrx_word' id='word_1_254' title='bbox 802 3383 1082 3445; x_wconf 79' lang='grc' dir='ltr'>μελλόντων</span> <span class='ocrx_word' id='word_1_255' title='bbox 1135 3381 1330 3445; x_wconf 74' lang='grc' dir='ltr'>ἀγαθῶν</span> <span class='ocrx_word' id='word_1_256' title='bbox 1371 3382 1462 3444; x_wconf 80' lang='grc' dir='ltr'>τὴν</span> 
     </span>
    </p>
   </div>
   <div class='ocr_carea' id='block_1_9' title="bbox 1556 3302 2718 3453">
    <p class='ocr_par' dir='ltr' id='par_1_11' title="bbox 1556 3302 2718 3453">
     <span class='ocr_line' id='line_1_33' title="bbox 1557 3302 2718 3375; baseline 0.006 -23"><span class='ocrx_word' id='word_1_257' title='bbox 1557 3303 1716 3354; x_wconf 89' lang='lat' dir='ltr'>Thdt.</span> <span class='ocrx_word' id='word_1_258' title='bbox 1743 3302 1998 3363; x_wconf 78' lang='lat' dir='ltr'>(followed</span> <span class='ocrx_word' id='word_1_259' title='bbox 2020 3306 2089 3370; x_wconf 84' lang='lat' dir='ltr'>by</span> <span class='ocrx_word' id='word_1_260' title='bbox 2110 3305 2236 3357; x_wconf 87' lang='lat' dir='ltr'>Oec.</span> <span class='ocrx_word' id='word_1_261' title='bbox 2263 3304 2357 3371; x_wconf 82' lang='lat'><em>(2))</em></span> <span class='ocrx_word' id='word_1_262' title='bbox 2376 3307 2557 3359; x_wconf 83' lang='lat' dir='ltr'>breaks</span> <span class='ocrx_word' id='word_1_263' title='bbox 2574 3325 2718 3375; x_wconf 77' lang='lat' dir='ltr'>away</span> 
     </span>
     <span class='ocr_line' id='line_1_34' title="bbox 1556 3381 2715 3453; baseline 0.007 -22"><span class='ocrx_word' id='word_1_264' title='bbox 1556 3381 1686 3432; x_wconf 84' lang='lat' dir='ltr'>from</span> <span class='ocrx_word' id='word_1_265' title='bbox 1708 3381 1850 3435; x_wconf 81' lang='lat' dir='ltr'>Th.‘s</span> <span class='ocrx_word' id='word_1_266' title='bbox 1872 3385 2252 3450; x_wconf 83' lang='lat' dir='ltr'>interpretation</span> <span class='ocrx_word' id='word_1_267' title='bbox 2274 3389 2585 3453; x_wconf 80' lang='lat' dir='ltr'>altogether:</span> <span class='ocrx_word' id='word_1_268' title='bbox 2622 3407 2715 3439; x_wconf 86' lang='grc' dir='ltr'>πα-</span> 
     </span>
    </p>
   </div>
   <div class='ocr_carea' id='block_1_10' title="bbox 285 3460 1464 4578">
    <p class='ocr_par' dir='ltr' id='par_1_12' title="bbox 301 3460 1462 3608">
     <span class='ocr_line' id='line_1_35' title="bbox 301 3460 1462 3524; baseline -0.003 -10"><span class='ocrx_word' id='word_1_269' title='bbox 301 3460 573 3514; x_wconf 72' lang='grc' dir='ltr'>ἀπόλαυσιν</span> <span class='ocrx_word' id='word_1_270' title='bbox 630 3464 848 3523; x_wconf 80' lang='grc' dir='ltr'>θεμέλιον</span> <span class='ocrx_word' id='word_1_271' title='bbox 906 3466 1152 3524; x_wconf 79' lang='grc' dir='ltr'>κέκληκεν·</span> <span class='ocrx_word' id='word_1_272' title='bbox 1213 3461 1462 3524; x_wconf 81' lang='grc' dir='ltr'>ἀκίνητα</span> 
     </span>
     <span class='ocr_line' id='line_1_36' title="bbox 303 3542 1101 3608; baseline -0.001 -13"><span class='ocrx_word' id='word_1_273' title='bbox 303 3546 411 3608; x_wconf 73' lang='grc' dir='ltr'>’γὰρ</span> <span class='ocrx_word' id='word_1_274' title='bbox 446 3547 647 3594; x_wconf 79' lang='grc' dir='ltr'>ἐκεῖνα</span> <span class='ocrx_word' id='word_1_275' title='bbox 680 3546 776 3593; x_wconf 75' lang='grc' dir='ltr'>καὶ</span> <span class='ocrx_word' id='word_1_276' title='bbox 809 3542 1101 3608; x_wconf 73' lang='grc' dir='ltr'>ἄτρεπτα.</span> 
     </span>
    </p>

    <p class='ocr_par' dir='ltr' id='par_1_13' title="bbox 285 3622 1464 4255">
     <span class='ocr_line' id='line_1_37' title="bbox 375 3622 1460 3686; baseline 0 -12"><span class='ocrx_word' id='word_1_277' title='bbox 375 3638 450 3686; x_wconf 80' lang='grc'>13.</span> <span class='ocrx_word' id='word_1_278' title='bbox 493 3623 905 3686; x_wconf 85' lang='lat' dir='ltr'>commendatum]</span> <span class='ocrx_word' id='word_1_279' title='bbox 941 3624 1012 3675; x_wconf 91' lang='lat' dir='ltr'>So</span> <span class='ocrx_word' id='word_1_280' title='bbox 1027 3624 1278 3674; x_wconf 88' lang='lat' dir='ltr'>Ambrstr.</span> <span class='ocrx_word' id='word_1_281' title='bbox 1314 3624 1381 3673; x_wconf 93' lang='grc' dir='ltr'>Ο.</span> <span class='ocrx_word' id='word_1_282' title='bbox 1397 3622 1460 3674; x_wconf 92' lang='lat' dir='ltr'>L.</span> 
     </span>
     <span class='ocr_line' id='line_1_38' title="bbox 302 3705 1459 3772; baseline 0 -16"><span class='ocrx_word' id='word_1_283' title='bbox 302 3706 558 3772; x_wconf 85' lang='lat' dir='ltr'>generally</span> <span class='ocrx_word' id='word_1_284' title='bbox 578 3707 679 3756; x_wconf 87' lang='lat' dir='ltr'>and</span> <span class='ocrx_word' id='word_1_285' title='bbox 704 3706 875 3771; x_wconf 70' lang='lat' dir='ltr'>Vulg„</span> <span class='ocrx_word' id='word_1_286' title='bbox 901 3709 933 3734; x_wconf 75' lang='lat'>‘⁶</span> <span class='ocrx_word' id='word_1_287' title='bbox 949 3705 1284 3771; x_wconf 77' lang='lat' dir='ltr'>depositum-’⁹</span> <span class='ocrx_word' id='word_1_288' title='bbox 1346 3706 1459 3770; x_wconf 89' lang='lat' dir='ltr'>Just</span> 
     </span>
     <span class='ocr_line' id='line_1_39' title="bbox 303 3786 1464 3848; baseline -0.002 -12"><span class='ocrx_word' id='word_1_289' title='bbox 303 3787 466 3836; x_wconf 82' lang='lat' dir='ltr'>below</span> <span class='ocrx_word' id='word_1_290' title='bbox 500 3786 555 3848; x_wconf 90' lang='lat'>(1.</span> <span class='ocrx_word' id='word_1_291' title='bbox 584 3787 669 3846; x_wconf 80' lang='lat'>21)</span> <span class='ocrx_word' id='word_1_292' title='bbox 702 3801 779 3835; x_wconf 81' lang='lat' dir='ltr'>we</span> <span class='ocrx_word' id='word_1_293' title='bbox 810 3787 939 3835; x_wconf 80' lang='lat' dir='ltr'>have</span> <span class='ocrx_word' id='word_1_294' title='bbox 970 3786 1429 3836; x_wconf 78' lang='lat' dir='ltr'>commendationem</span> <span class='ocrx_word' id='word_1_295' title='bbox 1442 3804 1464 3844; x_wconf 81' lang='lat'>,-</span> 
     </span>
     <span class='ocr_line' id='line_1_40' title="bbox 302 3865 1462 3931; baseline 0 -16"><span class='ocrx_word' id='word_1_296' title='bbox 302 3865 367 3915; x_wconf 88' lang='lat' dir='ltr'>cf.</span> <span class='ocrx_word' id='word_1_297' title='bbox 392 3882 417 3916; x_wconf 72' lang='grc' dir='ltr'>α</span> <span class='ocrx_word' id='word_1_298' title='bbox 443 3866 577 3915; x_wconf 88' lang='lat' dir='ltr'>Tim.</span> <span class='ocrx_word' id='word_1_299' title='bbox 600 3866 634 3914; x_wconf 92' lang='lat' dir='ltr'>i.</span> <span class='ocrx_word' id='word_1_300' title='bbox 662 3882 739 3927; x_wconf 79' lang='lat'>12,</span> <span class='ocrx_word' id='word_1_301' title='bbox 773 3883 848 3926; x_wconf 85' lang='grc'>14.</span> <span class='ocrx_word' id='word_1_302' title='bbox 913 3867 963 3915; x_wconf 87' lang='grc' dir='ltr'><em>Α</em></span> <span class='ocrx_word' id='word_1_303' title='bbox 983 3867 1095 3931; x_wconf 80' lang='lat' dir='ltr'>fide</span> <span class='ocrx_word' id='word_1_304' title='bbox 1126 3865 1168 3916; x_wconf 88' lang='lat' dir='ltr'>is</span> <span class='ocrx_word' id='word_1_305' title='bbox 1200 3882 1232 3915; x_wconf 89' lang='lat' dir='ltr'>a</span> <span class='ocrx_word' id='word_1_306' title='bbox 1263 3867 1360 3930; x_wconf 88' lang='lat' dir='ltr'>slip</span> <span class='ocrx_word' id='word_1_307' title='bbox 1394 3881 1462 3915; x_wconf 87' lang='lat' dir='ltr'>on</span> 
     </span>
     <span class='ocr_line' id='line_1_41' title="bbox 303 3946 1460 4014; baseline -0.003 -16"><span class='ocrx_word' id='word_1_308' title='bbox 303 3948 390 3998; x_wconf 88' lang='lat' dir='ltr'>the</span> <span class='ocrx_word' id='word_1_309' title='bbox 412 3955 523 4014; x_wconf 89' lang='lat' dir='ltr'>part</span> <span class='ocrx_word' id='word_1_310' title='bbox 546 3947 604 3996; x_wconf 90' lang='lat' dir='ltr'>of</span> <span class='ocrx_word' id='word_1_311' title='bbox 618 3963 710 3997; x_wconf 89' lang='lat' dir='ltr'>our</span> <span class='ocrx_word' id='word_1_312' title='bbox 732 3947 1009 4006; x_wconf 84' lang='lat' dir='ltr'>translator,</span> <span class='ocrx_word' id='word_1_313' title='bbox 1030 3947 1146 3996; x_wconf 82' lang='lat' dir='ltr'>who</span> <span class='ocrx_word' id='word_1_314' title='bbox 1168 3964 1270 3997; x_wconf 81' lang='lat' dir='ltr'>was</span> <span class='ocrx_word' id='word_1_315' title='bbox 1293 3946 1460 3996; x_wconf 86' lang='lat' dir='ltr'>think-</span> 
     </span>
     <span class='ocr_line' id='line_1_42' title="bbox 304 4027 1463 4093; baseline 0.001 -16"><span class='ocrx_word' id='word_1_316' title='bbox 304 4028 392 4092; x_wconf 85' lang='lat' dir='ltr'>ing</span> <span class='ocrx_word' id='word_1_317' title='bbox 414 4027 628 4093; x_wconf 83' lang='lat' dir='ltr'>perhaps</span> <span class='ocrx_word' id='word_1_318' title='bbox 649 4027 708 4078; x_wconf 88' lang='lat' dir='ltr'>of</span> <span class='ocrx_word' id='word_1_319' title='bbox 734 4044 782 4077; x_wconf 88' lang='lat' dir='ltr'>v.</span> <span class='ocrx_word' id='word_1_320' title='bbox 811 4043 901 4085; x_wconf 86' lang='lat'>10;</span> <span class='ocrx_word' id='word_1_321' title='bbox 938 4028 1022 4078; x_wconf 89' lang='lat' dir='ltr'>the</span> <span class='ocrx_word' id='word_1_322' title='bbox 1057 4028 1205 4077; x_wconf 85' lang='lat' dir='ltr'>Latin</span> <span class='ocrx_word' id='word_1_323' title='bbox 1239 4028 1463 4078; x_wconf 84' lang='lat' dir='ltr'>versions</span> 
     </span>
     <span class='ocr_line' id='line_1_43' title="bbox 304 4107 1463 4175; baseline 0.001 -15"><span class='ocrx_word' id='word_1_324' title='bbox 304 4111 547 4174; x_wconf 84' lang='lat' dir='ltr'>correctly</span> <span class='ocrx_word' id='word_1_325' title='bbox 585 4112 764 4161; x_wconf 87' lang='lat' dir='ltr'>render</span> <span class='ocrx_word' id='word_1_326' title='bbox 807 4111 990 4160; x_wconf 86' lang='lat' dir='ltr'>“circa</span> <span class='ocrx_word' id='word_1_327' title='bbox 1023 4107 1220 4160; x_wconf 85' lang='lat' dir='ltr'>fidem”</span> <span class='ocrx_word' id='word_1_328' title='bbox 1260 4108 1463 4175; x_wconf 81' lang='lat' dir='ltr'>(=erga</span> 
     </span>
     <span class='ocr_line' id='line_1_44' title="bbox 285 4190 720 4255; baseline 0 -16"><span class='ocrx_word' id='word_1_329' title='bbox 285 4191 466 4255; x_wconf 81' lang='lat' dir='ltr'>fidem,</span> <span class='ocrx_word' id='word_1_330' title='bbox 493 4207 538 4241; x_wconf 91' lang='lat' dir='ltr'>c.</span> <span class='ocrx_word' id='word_1_331' title='bbox 563 4190 597 4240; x_wconf 88' lang='lat' dir='ltr'>i.</span> <span class='ocrx_word' id='word_1_332' title='bbox 628 4190 720 4255; x_wconf 86' lang='lat'>19).</span> 
     </span>
    </p>

    <p class='ocr_par' dir='ltr' id='par_1_14' title="bbox 304 4270 1464 4578">
     <span class='ocr_line' id='line_1_45' title="bbox 375 4270 1462 4337; baseline 0.003 -17"><span class='ocrx_word' id='word_1_333' title='bbox 375 4270 451 4322; x_wconf 84' lang='lat'>16.</span> <span class='ocrx_word' id='word_1_334' title='bbox 505 4271 693 4322; x_wconf 79' lang='lat' dir='ltr'>custodi</span> <span class='ocrx_word' id='word_1_335' title='bbox 706 4270 888 4335; x_wconf 83' lang='lat' dir='ltr'>fidem]</span> <span class='ocrx_word' id='word_1_336' title='bbox 952 4271 1034 4321; x_wconf 86' lang='lat' dir='ltr'>Cf.</span> <span class='ocrx_word' id='word_1_337' title='bbox 1061 4272 1253 4337; x_wconf 80' lang='lat' dir='ltr'>Pelag.:</span> <span class='ocrx_word' id='word_1_338' title='bbox 1295 4272 1462 4323; x_wconf 85' lang='lat' dir='ltr'>“fidei</span> 
     </span>
     <span class='ocr_line' id='line_1_46' title="bbox 304 4350 1462 4419; baseline 0.001 -16"><span class='ocrx_word' id='word_1_339' title='bbox 304 4352 589 4419; x_wconf 86' lang='lat' dir='ltr'>depositum</span> <span class='ocrx_word' id='word_1_340' title='bbox 633 4350 878 4402; x_wconf 84' lang='lat' dir='ltr'>custodi.&#39;&#39;</span> <span class='ocrx_word' id='word_1_341' title='bbox 962 4352 1086 4403; x_wconf 87' lang='lat' dir='ltr'>Oec.</span> <span class='ocrx_word' id='word_1_342' title='bbox 1127 4355 1200 4415; x_wconf 82' lang='lat'>(1)</span> <span class='ocrx_word' id='word_1_343' title='bbox 1237 4354 1462 4418; x_wconf 85' lang='lat' dir='ltr'>explains</span> 
     </span>
     <span class='ocr_line' id='line_1_47' title="bbox 306 4429 1464 4499; baseline 0.003 -16"><span class='ocrx_word' id='word_1_344' title='bbox 306 4434 396 4496; x_wconf 83' lang='grc' dir='ltr'>τὴν</span> <span class='ocrx_word' id='word_1_345' title='bbox 430 4429 715 4499; x_wconf 75' lang='grc' dir='ltr'>παραθήκην</span> <span class='ocrx_word' id='word_1_346' title='bbox 747 4432 957 4493; x_wconf 73' lang='grc' dir='ltr'>αε--τὴν</span> <span class='ocrx_word' id='word_1_347' title='bbox 993 4435 1194 4494; x_wconf 79' lang='grc' dir='ltr'>ἐντολὴν</span> <span class='ocrx_word' id='word_1_348' title='bbox 1228 4435 1315 4485; x_wconf 80' lang='grc' dir='ltr'>τοῦ</span> <span class='ocrx_word' id='word_1_349' title='bbox 1350 4438 1464 4487; x_wconf 74' lang='grc' dir='ltr'>θεοῦ</span> 
     </span>
     <span class='ocr_line' id='line_1_48' title="bbox 306 4509 1460 4578; baseline 0.003 -16"><span class='ocrx_word' id='word_1_350' title='bbox 306 4513 370 4575; x_wconf 83' lang='grc' dir='ltr'>ἦν</span> <span class='ocrx_word' id='word_1_351' title='bbox 416 4510 473 4562; x_wconf 77' lang='grc' dir='ltr'>δι’</span> <span class='ocrx_word' id='word_1_352' title='bbox 515 4509 631 4574; x_wconf 75' lang='grc' dir='ltr'>ἐμοῦ</span> <span class='ocrx_word' id='word_1_353' title='bbox 669 4512 763 4575; x_wconf 89' lang='lat' dir='ltr'>[sc.</span> <span class='ocrx_word' id='word_1_354' title='bbox 820 4511 1043 4576; x_wconf 81' lang='grc' dir='ltr'>Παύλου]</span> <span class='ocrx_word' id='word_1_355' title='bbox 1087 4516 1162 4563; x_wconf 80' lang='grc' dir='ltr'>σοὶ</span> <span class='ocrx_word' id='word_1_356' title='bbox 1207 4517 1460 4578; x_wconf 75' lang='grc' dir='ltr'>παρέθετο.</span> 
     </span>
    </p>
   </div>
   <div class='ocr_carea' id='block_1_11' title="bbox 1556 3460 2723 4583">
    <p class='ocr_par' dir='ltr' id='par_1_15' title="bbox 1556 3460 2720 3695">
     <span class='ocr_line' id='line_1_49' title="bbox 1556 3460 2720 3533; baseline 0.009 -23"><span class='ocrx_word' id='word_1_357' title='bbox 1556 3460 1772 3527; x_wconf 81' lang='grc' dir='ltr'>ραθήκην</span> <span class='ocrx_word' id='word_1_358' title='bbox 1824 3467 1956 3526; x_wconf 73' lang='grc' dir='ltr'>οἶμαι</span> <span class='ocrx_word' id='word_1_359' title='bbox 2009 3466 2115 3527; x_wconf 80' lang='grc' dir='ltr'>τήν</span> <span class='ocrx_word' id='word_1_360' title='bbox 2167 3466 2340 3532; x_wconf 78' lang='grc' dir='ltr'>χάριν</span> <span class='ocrx_word' id='word_1_361' title='bbox 2394 3471 2559 3533; x_wconf 69' lang='grc' dir='ltr'>λέγειν</span> <span class='ocrx_word' id='word_1_362' title='bbox 2613 3469 2720 3520; x_wconf 76' lang='grc' dir='ltr'>τοῦ</span> 
     </span>
     <span class='ocr_line' id='line_1_50' title="bbox 1558 3546 2714 3615; baseline 0.004 -19"><span class='ocrx_word' id='word_1_363' title='bbox 1558 3546 1915 3607; x_wconf 78' lang='grc' dir='ltr'>πνεύματος,</span> <span class='ocrx_word' id='word_1_364' title='bbox 1939 3547 1999 3609; x_wconf 81' lang='grc' dir='ltr'>ἥν</span> <span class='ocrx_word' id='word_1_365' title='bbox 2022 3548 2098 3599; x_wconf 76' lang='grc' dir='ltr'>διὰ.</span> <span class='ocrx_word' id='word_1_366' title='bbox 2117 3550 2202 3611; x_wconf 83' lang='grc' dir='ltr'>τῆς</span> <span class='ocrx_word' id='word_1_367' title='bbox 2227 3553 2524 3615; x_wconf 73' lang='grc' dir='ltr'>χειροτονίας</span> <span class='ocrx_word' id='word_1_368' title='bbox 2555 3553 2714 3612; x_wconf 76' lang='grc' dir='ltr'>ἐδέξα-</span> 
     </span>
     <span class='ocr_line' id='line_1_51' title="bbox 1557 3629 2416 3695; baseline 0.005 -18"><span class='ocrx_word' id='word_1_369' title='bbox 1557 3646 1633 3678; x_wconf 87' lang='grc' dir='ltr'>το.</span> <span class='ocrx_word' id='word_1_370' title='bbox 1700 3629 1779 3679; x_wconf 90' lang='lat' dir='ltr'>Cf.</span> <span class='ocrx_word' id='word_1_371' title='bbox 1803 3630 1948 3694; x_wconf 81' lang='lat' dir='ltr'>infra</span> <span class='ocrx_word' id='word_1_372' title='bbox 1971 3647 2038 3680; x_wconf 91' lang='lat' dir='ltr'>on</span> <span class='ocrx_word' id='word_1_373' title='bbox 2064 3647 2090 3681; x_wconf 75' lang='grc' dir='ltr'>α</span> <span class='ocrx_word' id='word_1_374' title='bbox 2116 3632 2250 3681; x_wconf 90' lang='lat' dir='ltr'>Tim.</span> <span class='ocrx_word' id='word_1_375' title='bbox 2274 3632 2309 3681; x_wconf 88' lang='lat' dir='ltr'>i.</span> <span class='ocrx_word' id='word_1_376' title='bbox 2340 3648 2416 3695; x_wconf 81' lang='grc'>14.</span> 
     </span>
    </p>

    <p class='ocr_par' dir='ltr' id='par_1_16' title="bbox 1556 3711 2719 4265">
     <span class='ocr_line' id='line_1_52' title="bbox 1631 3711 2717 3776; baseline 0.003 -17"><span class='ocrx_word' id='word_1_377' title='bbox 1631 3711 1706 3759; x_wconf 88' lang='grc'>18.</span> <span class='ocrx_word' id='word_1_378' title='bbox 1765 3712 1966 3776; x_wconf 81' lang='lat' dir='ltr'>aliquid</span> <span class='ocrx_word' id='word_1_379' title='bbox 1992 3713 2172 3762; x_wconf 76' lang='lat' dir='ltr'>nonius</span> <span class='ocrx_word' id='word_1_380' title='bbox 2202 3714 2375 3775; x_wconf 76' lang='lat' dir='ltr'>dicere]</span> <span class='ocrx_word' id='word_1_381' title='bbox 2442 3711 2717 3776; x_wconf 80' lang='grc' dir='ltr'>καινότερόν</span> 
     </span>
     <span class='ocr_line' id='line_1_53' title="bbox 1556 3791 2716 3851; baseline 0.005 -12"><span class='ocrx_word' id='word_1_382' title='bbox 1556 3806 1605 3840; x_wconf 85' lang='grc' dir='ltr'>τι</span> <span class='ocrx_word' id='word_1_383' title='bbox 1643 3791 1826 3851; x_wconf 78' lang='grc' dir='ltr'>λέγειν.</span> <span class='ocrx_word' id='word_1_384' title='bbox 1898 3792 2023 3843; x_wconf 86' lang='lat' dir='ltr'>This</span> <span class='ocrx_word' id='word_1_385' title='bbox 2046 3794 2212 3844; x_wconf 84' lang='lat' dir='ltr'>leaves</span> <span class='ocrx_word' id='word_1_386' title='bbox 2247 3794 2378 3844; x_wconf 87' lang='lat' dir='ltr'>little</span> <span class='ocrx_word' id='word_1_387' title='bbox 2411 3794 2571 3844; x_wconf 88' lang='lat' dir='ltr'>doubt</span> <span class='ocrx_word' id='word_1_388' title='bbox 2605 3796 2716 3846; x_wconf 90' lang='lat' dir='ltr'>that</span> 
     </span>
     <span class='ocr_line' id='line_1_54' title="bbox 1557 3872 2716 3939; baseline 0.004 -18"><span class='ocrx_word' id='word_1_389' title='bbox 1557 3872 1658 3921; x_wconf 89' lang='lat' dir='ltr'>Th.</span> <span class='ocrx_word' id='word_1_390' title='bbox 1699 3873 1820 3923; x_wconf 88' lang='lat' dir='ltr'>read</span> <span class='ocrx_word' id='word_1_391' title='bbox 1858 3876 2270 3935; x_wconf 73' lang='grc' dir='ltr'>καινοφωνίας-ο,</span> <span class='ocrx_word' id='word_1_392' title='bbox 2307 3875 2515 3939; x_wconf 84' lang='lat' dir='ltr'>reading</span> <span class='ocrx_word' id='word_1_393' title='bbox 2551 3876 2716 3926; x_wconf 85' lang='lat' dir='ltr'>which</span> 
     </span>
     <span class='ocr_line' id='line_1_55' title="bbox 1559 3953 2714 4022; baseline 0.003 -19"><span class='ocrx_word' id='word_1_394' title='bbox 1559 3953 1684 4004; x_wconf 90' lang='lat' dir='ltr'>Oec.</span> <span class='ocrx_word' id='word_1_395' title='bbox 1711 3955 1813 4004; x_wconf 87' lang='lat' dir='ltr'>and</span> <span class='ocrx_word' id='word_1_396' title='bbox 1838 3955 2030 4020; x_wconf 87' lang='lat' dir='ltr'>Thpht.</span> <span class='ocrx_word' id='word_1_397' title='bbox 2058 3955 2213 4006; x_wconf 85' lang='lat' dir='ltr'>found</span> <span class='ocrx_word' id='word_1_398' title='bbox 2238 3956 2292 4006; x_wconf 88' lang='lat' dir='ltr'>in</span> <span class='ocrx_word' id='word_1_399' title='bbox 2315 3958 2495 4022; x_wconf 86' lang='lat' dir='ltr'>Chrys.</span> <span class='ocrx_word' id='word_1_400' title='bbox 2522 3957 2714 4022; x_wconf 88' lang='lat' dir='ltr'>(Tisch.</span> 
     </span>
     <span class='ocr_line' id='line_1_56' title="bbox 1557 4033 2715 4103; baseline 0.006 -21"><span class='ocrx_word' id='word_1_401' title='bbox 1557 4033 1632 4083; x_wconf 84' lang='lat' dir='ltr'>ad</span> <span class='ocrx_word' id='word_1_402' title='bbox 1670 4033 1723 4082; x_wconf 76' lang='lat' dir='ltr'>h.</span> <span class='ocrx_word' id='word_1_403' title='bbox 1769 4035 1846 4095; x_wconf 83' lang='lat' dir='ltr'>L).</span> <span class='ocrx_word' id='word_1_404' title='bbox 1911 4035 1989 4085; x_wconf 86' lang='lat' dir='ltr'>As</span> <span class='ocrx_word' id='word_1_405' title='bbox 2032 4051 2149 4085; x_wconf 82' lang='lat' dir='ltr'>now</span> <span class='ocrx_word' id='word_1_406' title='bbox 2192 4038 2362 4088; x_wconf 87' lang='lat' dir='ltr'>edited</span> <span class='ocrx_word' id='word_1_407' title='bbox 2407 4039 2584 4103; x_wconf 86' lang='lat' dir='ltr'>Chrys.</span> <span class='ocrx_word' id='word_1_408' title='bbox 2623 4039 2715 4089; x_wconf 89' lang='lat' dir='ltr'>has</span> 
     </span>
     <span class='ocr_line' id='line_1_57' title="bbox 1559 4116 2719 4182; baseline 0.006 -19"><span class='ocrx_word' id='word_1_409' title='bbox 1559 4121 1777 4176; x_wconf 81' lang='grc' dir='ltr'>κενοφ.,</span> <span class='ocrx_word' id='word_1_410' title='bbox 1802 4116 1893 4166; x_wconf 84' lang='lat' dir='ltr'>but</span> <span class='ocrx_word' id='word_1_411' title='bbox 1925 4116 2004 4166; x_wconf 87' lang='lat' dir='ltr'>his</span> <span class='ocrx_word' id='word_1_412' title='bbox 2033 4132 2216 4167; x_wconf 86' lang='lat' dir='ltr'>comm.</span> <span class='ocrx_word' id='word_1_413' title='bbox 2242 4117 2351 4182; x_wconf 79' lang='grc' dir='ltr'>(ἄρα</span> <span class='ocrx_word' id='word_1_414' title='bbox 2378 4121 2512 4169; x_wconf 77' lang='grc' dir='ltr'>ἐστὶν</span> <span class='ocrx_word' id='word_1_415' title='bbox 2548 4122 2630 4169; x_wconf 75' lang='grc' dir='ltr'>καὶ</span> <span class='ocrx_word' id='word_1_416' title='bbox 2662 4117 2719 4170; x_wconf 79' lang='grc' dir='ltr'>οὐ</span> 
     </span>
     <span class='ocr_line' id='line_1_58' title="bbox 1556 4195 2666 4265; baseline 0.005 -22"><span class='ocrx_word' id='word_1_417' title='bbox 1556 4196 1769 4259; x_wconf 77' lang='grc' dir='ltr'>βέβηλος</span> <span class='ocrx_word' id='word_1_418' title='bbox 1792 4195 1862 4255; x_wconf 85' lang='grc' dir='ltr'>κ.)</span> <span class='ocrx_word' id='word_1_419' title='bbox 1885 4195 2055 4260; x_wconf 84' lang='lat' dir='ltr'>points</span> <span class='ocrx_word' id='word_1_420' title='bbox 2077 4197 2244 4247; x_wconf 85' lang='lat' dir='ltr'>rather</span> <span class='ocrx_word' id='word_1_421' title='bbox 2260 4199 2346 4248; x_wconf 90' lang='lat' dir='ltr'>the</span> <span class='ocrx_word' id='word_1_422' title='bbox 2368 4199 2513 4248; x_wconf 90' lang='lat' dir='ltr'>other</span> <span class='ocrx_word' id='word_1_423' title='bbox 2534 4216 2666 4265; x_wconf 79' lang='lat' dir='ltr'>way.</span> 
     </span>
    </p>

    <p class='ocr_par' dir='ltr' id='par_1_17' title="bbox 1558 4276 2723 4583">
     <span class='ocr_line' id='line_1_59' title="bbox 1627 4276 2717 4346; baseline 0.006 -21"><span class='ocrx_word' id='word_1_424' title='bbox 1627 4291 1707 4326; x_wconf 64' lang='grc' dir='ltr'>ιο.</span> <span class='ocrx_word' id='word_1_425' title='bbox 1763 4276 1903 4341; x_wconf 79' lang='lat' dir='ltr'>longe</span> <span class='ocrx_word' id='word_1_426' title='bbox 1919 4284 2097 4338; x_wconf 80' lang='lat' dir='ltr'>aulem,</span> <span class='ocrx_word' id='word_1_427' title='bbox 2126 4278 2240 4340; x_wconf 86' lang='lat' dir='ltr'>&amp;c.]</span> <span class='ocrx_word' id='word_1_428' title='bbox 2301 4280 2447 4330; x_wconf 85' lang='lat' dir='ltr'>Oec.:</span> <span class='ocrx_word' id='word_1_429' title='bbox 2483 4279 2601 4330; x_wconf 74' lang='grc' dir='ltr'>ὅταν</span> <span class='ocrx_word' id='word_1_430' title='bbox 2622 4279 2717 4346; x_wconf 78' lang='grc' dir='ltr'>γὰρ</span> 
     </span>
     <span class='ocr_line' id='line_1_60' title="bbox 1559 4356 2715 4426; baseline 0.003 -18"><span class='ocrx_word' id='word_1_431' title='bbox 1559 4359 1723 4409; x_wconf 77' lang='grc' dir='ltr'>πίστις</span> <span class='ocrx_word' id='word_1_432' title='bbox 1743 4357 1812 4419; x_wconf 84' lang='grc' dir='ltr'>μὴ</span> <span class='ocrx_word' id='word_1_433' title='bbox 1833 4357 1880 4421; x_wconf 81' lang='grc' dir='ltr'>ᾖ,</span> <span class='ocrx_word' id='word_1_434' title='bbox 1903 4356 2078 4418; x_wconf 61' lang='lat' dir='ltr'>wives</span> <span class='ocrx_word' id='word_1_435' title='bbox 2100 4357 2184 4408; x_wconf 77' lang='grc' dir='ltr'>οὐκ</span> <span class='ocrx_word' id='word_1_436' title='bbox 2206 4360 2355 4408; x_wconf 80' lang='grc' dir='ltr'>ἔστιν.</span> <span class='ocrx_word' id='word_1_437' title='bbox 2418 4360 2576 4411; x_wconf 86' lang='lat' dir='ltr'>Thdt.</span> <span class='ocrx_word' id='word_1_438' title='bbox 2599 4377 2715 4426; x_wconf 86' lang='lat' dir='ltr'>sup-</span> 
     </span>
     <span class='ocr_line' id='line_1_61' title="bbox 1558 4438 2723 4505; baseline 0.002 -16"><span class='ocrx_word' id='word_1_439' title='bbox 1558 4455 1708 4504; x_wconf 86' lang='lat' dir='ltr'>poses</span> <span class='ocrx_word' id='word_1_440' title='bbox 1736 4455 1768 4488; x_wconf 88' lang='lat' dir='ltr'>a</span> <span class='ocrx_word' id='word_1_441' title='bbox 1795 4439 1952 4489; x_wconf 89' lang='lat' dir='ltr'>direct</span> <span class='ocrx_word' id='word_1_442' title='bbox 1986 4438 2234 4490; x_wconf 86' lang='lat' dir='ltr'>reference</span> <span class='ocrx_word' id='word_1_443' title='bbox 2267 4447 2321 4490; x_wconf 95' lang='lat' dir='ltr'>to</span> <span class='ocrx_word' id='word_1_444' title='bbox 2354 4440 2440 4490; x_wconf 85' lang='lat' dir='ltr'>the</span> <span class='ocrx_word' id='word_1_445' title='bbox 2464 4443 2633 4505; x_wconf 81' lang='lat' dir='ltr'>gnosis</span> <span class='ocrx_word' id='word_1_446' title='bbox 2663 4443 2723 4492; x_wconf 90' lang='lat' dir='ltr'>of</span> 
     </span>
     <span class='ocr_line' id='line_1_62' title="bbox 1564 4518 2715 4583; baseline 0.003 -14"><span class='ocrx_word' id='word_1_447' title='bbox 1564 4518 1776 4579; x_wconf 85' lang='lat' dir='ltr'>Simon;</span> <span class='ocrx_word' id='word_1_448' title='bbox 1809 4519 1875 4569; x_wconf 88' lang='lat' dir='ltr'>cf.</span> <span class='ocrx_word' id='word_1_449' title='bbox 1911 4519 2043 4569; x_wconf 87' lang='lat' dir='ltr'>Iren.</span> <span class='ocrx_word' id='word_1_450' title='bbox 2078 4519 2131 4569; x_wconf 86' lang='lat' dir='ltr'>ii.</span> <span class='ocrx_word' id='word_1_451' title='bbox 2168 4535 2227 4582; x_wconf 83' lang='lat'>14</span> <span class='ocrx_word' id='word_1_452' title='bbox 2248 4521 2275 4580; x_wconf 66' lang='grc' dir='ltr'><strong>ς</strong></span> <span class='ocrx_word' id='word_1_453' title='bbox 2300 4531 2351 4583; x_wconf 88' lang='lat'>7:</span> <span class='ocrx_word' id='word_1_454' title='bbox 2394 4522 2715 4572; x_wconf 85' lang='lat' dir='ltr'>“secundum</span> 
     </span>
    </p>
   </div>
  </div>
 </body>
</html>
