3221 5116
475 384 592 449 152
1115 384 1570 435 THEODORUS
1619 384 2204 436 MOPSUESTENUS
2682 370 2791 455 [V.
2828 387 2886 435 2.

598 568 739 622 est:
797 564 990 639 ‘erga
1053 556 1358 620 mulieres
1425 554 1692 639 (inquit)
1757 556 1960 619 talem
2021 566 2089 620 te
2147 553 2393 619 exhibe
2453 564 2530 620 ut
2596 556 2890 620 seniores

468 682 697 727 earum
728 669 974 724 matres
1005 669 1156 723 tuas
1186 678 1331 722 esse
1362 658 1744 723 existimes.’
1834 660 2078 724 deinde
2125 668 2193 722 et
2223 660 2309 723 de
2340 658 2621 724 nouellis
2650 659 2891 724 similia

468 766 778 841 adicienS,
810 763 1009 828 dicit:

597 924 1090 987 adolescentulas
1119 933 1194 987 ut
1218 944 1461 987 sorores
1492 922 1560 986 in
1590 923 1775 985 omni
1797 923 2104 987 castitate.

403 1082 435 1148 5
598 1077 742 1133 est:
804 1072 907 1131 ‘et
965 1068 1087 1131 has
1154 1067 1417 1151 (inquit)
1484 1068 1653 1130 sicut
1715 1087 1974 1130 sorores
2029 1067 2330 1150 proprias
2388 1067 2628 1151 dilige.’
2717 1070 2886 1134 diui-

468 1172 724 1235 sionem
757 1192 1041 1235 sexuum
1074 1181 1141 1235 et
1173 1180 1470 1235 aetatum
1504 1170 1643 1234 fieri
1689 1172 1929 1235 debere
1971 1172 2294 1254 probauit,
2329 1182 2395 1236 et
2431 1172 2702 1255 quidem
2734 1195 2885 1239 cum

466 1277 681 1358 possis
707 1278 817 1340 illa
842 1279 1053 1361 magis
1074 1287 1143 1341 et
1168 1276 1469 1340 absolute
1500 1285 1568 1339 et
1601 1277 1665 1339 in
1700 1297 2055 1339 commune
2086 1278 2324 1340 dicere.
2385 1278 2502 1340 sed
2535 1298 2656 1340 nec
2698 1277 2891 1356 fecit3

468 1388 540 1443 ut
571 1401 689 1461 per
719 1392 942 1464 partes
972 1383 1352 1445 ostenderet
1382 1383 1700 1463 quoniam
1746 1381 2047 1444 similiter
2092 1401 2245 1445 eum
2289 1380 2434 1444 uult
2464 1402 2622 1465 erga
2654 1401 2887 1445 omnes

464 1495 606 1550 tam
637 1487 816 1548 uiros
867 1505 1068 1568 quarn
1126 1483 1431 1548 mulieres
1483 1483 1796 1547 affectum
1859 1485 2211 1547 ostendere
2260 1505 2453 1548 suum
2504 1486 2645 1548 siue
2694 1505 2885 1548 senes

361 1604 439 1651 10
465 1591 598 1653 sint
647 1590 787 1652 siue
842 1589 1128 1652 iuuenes,
1219 1589 1473 1668 optime
1521 1595 1748 1650 autem
1796 1607 1929 1649 non
1978 1587 2193 1650 solum
2232 1589 2595 1651 secundum
2643 1608 2880 1652 sexum

465 1694 643 1756 uiros
687 1703 755 1758 et
818 1692 1124 1756 mulieres
1168 1692 1411 1766 diuisit,
1466 1694 1580 1755 sed
1629 1692 1832 1755 etiam
1880 1702 1947 1756 et
1993 1693 2358 1756 secundum
2404 1702 2660 1756 aetates
2712 1713 2883 1775 quae
2948 1736 2953 1741 -

464 1817 583 1878 per
641 1797 1115 1879 proprietatem
1177 1805 1454 1860 naturae
1513 1797 1811 1860 accidere
1887 1796 2118 1859 solent.
2218 1798 2396 1860 unde
2469 1806 2537 1859 et
2613 1796 2884 1859 nomina

463 1900 830 1963 secundum
861 1908 1152 1962 aetatem
1187 1906 1590 1961 memoratus
1622 1907 1741 1975 est,
1776 1899 1869 1961 ita
1898 1909 1974 1962 ut
2004 1899 2368 1981 longaeuos
2399 1899 2668 1980 quidem
2703 1919 2885 1961 more

464 2012 816 2085 parentum
877 2001 1382 2076 adsectarentur,
1462 2002 1735 2064 iuuenes
1808 2020 1968 2064 uero
2027 2021 2210 2065 more
2285 2001 2579 2066 fratrum.
2668 2011 2736 2064 et
2811 2012 2885 2066 ut

360 2121 430 2187 15
466 2117 739 2191 augeret
770 2108 911 2170 eius
942 2105 1254 2170 affectum
1290 2108 1354 2169 in
1390 2108 1643 2182 meliu5‚
1675 2108 1890 2171 simile
1931 2108 2179 2191 aliquid
2213 2109 2389 2170 dixit
2420 2107 2680 2171 illorum
2713 2129 2884 2190 quae

465 2212 798 2275 Dominus
842 2212 1109 2274 dixerat
1145 2211 1229 2273 ad
1270 2210 1416 2272 illos
1450 2211 1562 2292 qui
1602 2211 1727 2273 sibi
1772 2212 2240 2274 nuntiauerant
2280 2211 2597 2293 quoniam
2634 2217 2887 2275 ‘mater

463 2326 581 2381 tua
609 2328 676 2382 et
708 2317 942 2380 fratres
974 2317 1075 2380 tui
1102 2323 1471 2398 expectant
1508 2325 1577 2379 te
1619 2316 1809 2379 foris’
1830 2339 1846 2394 3
1893 2316 2282 2397 respondit:
2322 2319 2574 2377 ‘mater
2614 2315 2878 2398 (inquit)

464 2441 613 2484 mea
643 2430 712 2484 et
742 2420 981 2483 fratres
1004 2416 1072 2481 hi
1104 2428 1258 2482 sunt
1290 2420 1402 2502 qui
1435 2419 1689 2482 faciunt
1722 2417 2000 2481 uerbum
2036 2416 2298 2481 meum.’
2388 2418 2479 2479 sic
2519 2426 2587 2479 et
2632 2418 2774 2497 ipse
2811 2417 2876 2479 in

459 2525 697 2589 eodem
731 2524 969 2589 ordine
994 2522 1223 2588 fideles
1253 2542 1406 2586 eum
1439 2520 1686 2585 habere
1716 2521 2053 2605 praecipit.
2145 2520 2629 2584 intendendum
2672 2530 2772 2585 est
2819 2523 2879 2585 ei

349 2653 436 2701 20
461 2628 775 2705 cautelae,
825 2627 1393 2710 quemadmodum
1437 2627 1525 2689 de
1575 2624 2112 2688 adolescentibus
2162 2623 2545 2686 mulieribus
2600 2623 2879 2705 loquens

461 2732 754 2816 posuerit
814 2742 1149 2813 tamquam
1206 2748 1467 2803 sorores,
1530 2737 1598 2790 et
1647 2728 1749 2790 his
1803 2728 2118 2791 adiecerit
2176 2726 2246 2790 in
2310 2728 2495 2790 omni
2538 2731 2880 2806 castitate,-

460 2838 656 2901 simul
710 2846 777 2900 et
825 2836 1174 2899 consilium
1226 2854 1419 2897 suum
1470 2854 1629 2916 erga
1677 2853 1995 2915 personas
2044 2841 2561 2896 memoratarum
2612 2844 2884 2917 propter

558 3024 601 3068 1,
631 3020 658 3068 5
694 3013 801 3056 esto
830 3004 945 3068 (sor
963 3005 1056 3066 est)
1080 3006 1168 3055 H:
1201 3021 1282 3054 om
1305 3021 1336 3053 r
1357 3021 1377 3054 1
1452 3004 1687 3053 exhibere
1713 3002 1784 3053 C*
1920 3017 1948 3065 3
1973 3002 2193 3052 adiciens
2216 3001 2369 3051 adicit
2387 3002 2452 3050 H
2487 3001 2659 3050 dicens
2673 3000 2826 3051 adicit
2850 3018 2881 3050 r

453 3104 485 3148 4
521 3088 821 3149 iuuenculas,
846 3103 960 3137 cum
998 3086 1111 3151 (for
1130 3085 1284 3147 adol.,
1310 3086 1385 3146 in)
1408 3101 1443 3133 r
1636 3082 1669 3133 6
1700 3092 1749 3133 et
1773 3091 1991 3135 aetatem
2014 3084 2083 3133 H
2136 3099 2228 3148 per
2259 3091 2476 3133 aetatem
2499 3099 2532 3131 r
2557 3079 2566 3147 Ι
2594 3082 2878 3147 probabunt

459 3169 540 3219 C*
562 3170 630 3218 H
880 3179 906 3230 7
939 3166 1096 3232 possit
1136 3167 1178 3216 C
1201 3167 1349 3227 (corr)
1375 3183 1407 3214 r
1434 3165 1442 3230 Ι
1469 3165 1521 3214 in
1544 3166 1800 3216 communi
1824 3181 1858 3214 r
1881 3163 1889 3228 Ι
1918 3165 2016 3214 hoc
2041 3165 2158 3231 (for
2178 3163 2290 3228 nec)
2320 3165 2364 3214 C
2383 3180 2415 3212 r
2661 3163 2691 3211 8
2715 3171 2881 3227 patres

453 3249 567 3316 (fhr
586 3248 768 3315 partes)
800 3249 844 3298 C
860 3249 929 3297 H
1185 3264 1241 3297 12
1279 3263 1367 3312 per
1387 3263 1465 3296 om
1495 3247 1580 3296 Cr
1630 3248 1934 3312 proprietate
1962 3247 2006 3296 C
2016 3244 2159 3307 (corr)
2193 3261 2227 3293 r
2480 3261 2541 3307 14
2574 3244 2826 3294 affectaret
2850 3262 2883 3293 r

457 3331 517 3384 16
548 3332 692 3381 illum
714 3348 745 3379 r
771 3329 779 3394 Ι
810 3330 1123 3379 nuntiauerat
1151 3328 1194 3378 C
1207 3329 1234 3353 ⁴*
1258 3330 1327 3378 H
1339 3344 1371 3377 r
1621 3345 1680 3396 19
1715 3328 1971 3397 praecepit
1993 3345 2026 3377 r
2048 3326 2058 3393 Ι
2088 3328 2180 3377 int.
2207 3341 2330 3376 uero
2353 3335 2428 3376 est
2452 3326 2524 3375 illi
2547 3343 2578 3374 r
2605 3328 2613 3385 Ι
2641 3342 2761 3375 uero
2786 3327 2884 3390 (ast

451 3414 544 3479 est)
567 3414 672 3464 add
687 3415 756 3463 II
944 3428 1006 3462 ἰο
1038 3411 1326 3461 melioribus
1349 3408 1465 3475 (fir
1485 3409 1632 3476 mul.)
1673 3414 1718 3463 C
1723 3410 1751 3459 f*
1777 3412 1844 3463 H
2052 3424 2112 3461 υ
2149 3417 2537 3460 memoraturum
2576 3410 2621 3458 C
2640 3408 2706 3459 H
2717 3426 2751 3459 r

518 3602 564 3635 2.
637 3581 1146 3646 nouellisJ=puellis3
1181 3580 1244 3629 cs.
1282 3597 1332 3645 p.
1364 3594 1469 3644 153,
1499 3581 1532 3630 1.
1566 3598 1612 3645 3.
1720 3582 1857 3632 Tert.
1900 3582 2019 3631 adu.
2064 3581 2230 3630 Marc.
2271 3580 2336 3629 iv.
2389 3595 2461 3645 19,
2496 3594 2564 3627 on
2599 3578 2764 3628 which
2798 3595 2883 3628 see

515 3687 564 3730 4.
630 3664 1027 3724 adolescentulas]
1095 3662 1167 3711 So
1196 3661 1263 3711 O.
1301 3662 1362 3710 L.
1386 3679 1402 3721 ς
1459 3663 1614 3726 Vulg.
1724 3662 1943 3721 Ronsch,
1966 3661 2038 3710 N.
2067 3662 2130 3709 Τ.
2157 3662 2310 3720 Ter-t„
2341 3676 2389 3724 p.
2418 3657 2531 3722 636.
2580 3658 2684 3708 For
2703 3658 2888 3708 exx.of

460 3750 496 3775 “
516 3745 859 3798 iuuenculas.”
1722 3743 1868 3792 Th.’s
1890 3742 2032 3792 habit
2066 3741 2126 3790 of
2153 3742 2309 3805 citing
2331 3740 2581 3805 inexactly
2611 3756 2693 3790 see
2726 3753 2763 3790 1.
2792 3757 2879 3807 pp.

516 3845 592 3892 13.
660 3831 793 3893 long.
860 3824 1259 3892 afficiarentur]
1331 3824 1433 3873 For
1461 3824 1619 3888 adfic·
1723 3838 1801 3887 54,
1826 3826 1907 3873 81.

444 3914 554 3961 tari
572 3913 681 3974 [ad]
716 3912 930 3975 aliquem
955 3925 1036 3959 see
1061 3909 1192 3957 lexx.
1790 3923 1868 3957 αι.
1936 3913 2198 3970 tamquam
2236 3905 2440 3967 sorores]
2507 3906 2587 3956 Cf.
2624 3915 2795 3970 snpra,
2838 3907 2872 3956 1.

516 3992 590 4046 16.
660 4002 821 4042 mater
840 4000 947 4049 tua,
971 3990 1087 4051 δια]
1151 3989 1264 4038 The
1289 3988 1540 4037 reference
1564 3987 1606 4036 is
1710 4008 1742 4052 4
1766 3990 1846 4048 (ul
1865 3990 1930 4049 s.)
1956 3988 2055 4037 and
2080 3988 2236 4052 infra,
2267 4004 2314 4052 p.
2353 4003 2406 4051 15
2414 4004 2458 4051 3.
2485 3988 2519 4036 1.
2546 4008 2576 4051 4
2608 3990 2754 4048 (sicut
2780 3988 2874 4053 s.);

444 4085 500 4127 to
532 4077 586 4128 S.
612 4076 757 4125 Luke
782 4074 885 4123 viii.
911 4088 992 4131 20,
1022 4088 1078 4122 21
1104 4087 1120 4131 ς
1154 4072 1247 4120 but
1278 4076 1532 4133 expectant
1563 4075 1610 4119 te
1708 4070 1898 4119 further
1921 4086 1986 4118 on
2007 4070 2112 4129 (ἰὼ,
2129 4070 2162 4117 1.
2186 4071 2281 4131 17),
2302 4070 2389 4120 the
2407 4070 2676 4119 translator
2693 4079 2879 4119 reverts

425 4161 568 4228 fhris
600 4160 691 4208 has
722 4159 852 4207 been
886 4154 1188 4205 substituted
1222 4154 1298 4204 for
1349 4156 1378 4180 ‘⁸
1397 4162 1531 4203 stant
1563 4151 1599 4202 f.
1713 4160 1766 4201 to
1789 4158 1862 4200 ut.

441 4244 671 4293 uolentes
703 4246 755 4289 te
782 4236 1008 4299 uidere,''
1033 4237 1133 4287 and
1155 4237 1370 4301 faciunt
1398 4237 1607 4285 uerbum
1778 4231 1857 4267 22·
1927 4214 2339 4278 memm'ata'um]
2392 4218 2407 4242 ‘
2426 4215 2550 4265 The*
2573 4217 2873 4267 afore-men-

441 4342 604 4377 meum
618 4325 695 4374 for
710 4320 909 4373 “u.Dei
927 4322 1138 4370 audiunt
1152 4330 1203 4370 et
1221 4317 1465 4369 faciunt.”
1492 4319 1606 4369 The
1713 4298 1925 4349 ‘immi-⁹
1995 4299 2066 4349 5⁰
2112 4298 2137 4347 Ῑ
2183 4306 2394 4348 venture
2438 4306 2492 4347 ¹30
2540 4307 2731 4349 correct
2791 4302 2881 4351 the

438 4411 625 4463 second
657 4408 758 4458 and
782 4423 921 4456 more
953 4405 1143 4456 serious
1175 4404 1235 4455 of
1262 4405 1402 4454 these
1434 4403 1602 4453 devia·
1708 4382 1863 4433 MSS·
1899 4381 2180 4431 Memm'ari
2195 4380 2237 4430 5⁵
2260 4380 2519 4445 usuallyin
2542 4381 2641 4431 this
2666 4383 2873 4433 transla-

438 4497 570 4545 tions
594 4494 721 4543 from
747 4489 831 4539 the
859 4488 1075 4552 original
1100 4487 1232 4536 finds
1255 4503 1284 4534 a
1307 4486 1513 4549 parallel
1552 4485 1603 4534 in
1707 4466 2130 4531 fionadepfflent·
2146 4465 2236 4514 but
2253 4479 2338 4514 see
2350 4463 2596 4529 belova·
2621 4476 2727 4528 ¹542
2744 4465 2874 4515 ¹³¹6·
