3221 5116
306 402 756 453 FRAGMENTS
803 401 897 453 OF
943 401 1096 452 THE
1142 402 1535 455 DOGMATIC
1580 403 1847 454 WORKS
1894 404 1989 454 OF
2035 404 2462 456 THEODORE.
2534 408 2661 476 337

245 577 398 639 sicut
446 597 608 638 nunc
651 588 840 639 terrae
886 577 1108 638 fructus
1148 576 1386 655 inquirit
1404 600 1423 656 3
1472 586 1533 639 et
1569 597 1681 656 pro
1725 576 2022 656 supplicio
2057 577 2319 657 pristinis
2356 580 2660 642 fraudatus

245 674 472 736 deliciis
513 676 626 735 hac
663 673 1183 736 aerumnosissima
1223 673 1804 754 laboriosissimaque
1844 677 2299 740 conuersatione
2325 681 2655 740 mulctatur.

243 773 407 834 unde
433 774 513 834 ad
540 784 909 851 postremum
941 783 1378 850 consequenter
1413 773 1658 837 adiecit:
1700 777 1841 852 quia
1882 782 2041 836 terra
2072 797 2131 836 es
2163 786 2221 837 et
2255 779 2556 839 reuerteris
2597 779 2659 839 in

245 879 462 931 terram
474 871 529 944 *,
561 870 701 931 hinc
729 870 911 931 etiam
940 869 1362 931 mortalitatem
1391 885 1636 932 naturae
1675 873 2043 950 significans-‚3
2085 894 2207 936 non
2247 874 2410 936 enim
2443 875 2660 939 inmor-

244 967 346 1029 tali
387 979 448 1029 et
492 988 654 1029 nunc
688 965 945 1046 primum
983 968 1291 1046 incipienti
1333 969 1692 1030 sententiam
1729 970 1934 1032 mortis
1976 972 2482 1051 excipere—sicut
2510 975 2659 1052 sapi·
2727 985 2760 1046 5

242 1066 531 1128 entissimi
601 1068 943 1128 defensores
1010 1066 1244 1145 peccati
1299 1067 1617 1146 originalis,
1677 1069 1863 1131 immo
1916 1070 2117 1148 potius
2170 1083 2369 1150 patres
2423 1074 2659 1151 peccati

241 1165 555 1237 mirabileS,
598 1165 1401 1226 adseuerant—uocabulum
1443 1166 1561 1226 hoc
1606 1167 1855 1227 ‘terrae’
1895 1169 2277 1246 composuit;
2325 1171 2431 1230 sed
2472 1180 2539 1231 ut
2579 1172 2659 1233 ab

241 1264 485 1326 exordio
523 1264 864 1326 naturaliter
904 1267 1121 1327 effecto
1162 1264 1394 1326 mortali
1436 1264 1905 1343 adpellationem
1950 1267 2105 1326 hanc
2142 1286 2466 1345 congruere
2506 1266 2657 1329 iudi·

240 1364 399 1424 cauit
448 1362 654 1424 diuina
702 1362 1007 1442 scriptura,
1056 1364 1177 1423 hoc
1226 1364 1304 1423 de
1345 1362 1690 1425 hominibus
1731 1366 2090 1424 uocabulum
2129 1365 2211 1426 ad
2252 1364 2659 1436 ostensionem
2695 1383 2700 1388 ’

239 1464 636 1542 corruptibilis
666 1473 724 1525 et
751 1462 1085 1524 resolubilis
1112 1482 1316 1523 eorum
1345 1474 1589 1524 naturae
1618 1461 1853 1540 saepius
1882 1463 2220 1524 adsumens.
2306 1483 2443 1524 nam
2484 1485 2659 1526 recor·
2691 1486 2765 1525 10

238 1562 411 1621 datus
436 1570 518 1621 est
542 1560 781 1640 (inquit)
809 1562 950 1637 quia
971 1562 1181 1638 puluis
1204 1580 1434 1629 sumus,·
1474 1562 1655 1634 homo,
1690 1561 2056 1636 sicutsenum
2096 1562 2213 1621 dies
2251 1563 2386 1636 eius,
2429 1570 2483 1622 et
2518 1565 2666 1622 sicut

220 1659 344 1734 flos
382 1661 530 1735 agri,
575 1662 662 1719 ita
683 1660 926 1735 florebit
937 1683 967 1730 ,·
1006 1661 1149 1735 quia
1173 1661 1420 1737 spiritus
1429 1660 1833 1736 pertransiuit
1855 1661 1920 1718 in
1947 1678 2022 1733 ee,
2052 1666 2109 1719 et
2130 1679 2243 1719 non
2269 1661 2386 1719 erit
2410 1662 2662 1737 amplius

236 1759 387 1818 locus
419 1758 540 1817 eius
552 1763 602 1832 †.
689 1758 818 1817 uult
856 1768 1059 1817 autem
1100 1755 1297 1817 dicere
1340 1756 1505 1834 quod
1546 1754 1956 1833 corruptibiles
1985 1767 2045 1818 et
2072 1756 2420 1818 resolubiles
2449 1778 2659 1820 omnes

238 1875 461 1929 sumuS,
506 1854 567 1915 in
604 1856 852 1916 modum
891 1854 1015 1916 feni
1050 1873 1368 1933 parumper
1396 1852 1660 1914 florentis
1700 1852 2122 1931 pereuntisque
2158 1866 2296 1932 post
2323 1856 2656 1932 paululum3

237 1973 377 2014 nam
406 1954 485 2014 ad
512 1954 695 2013 breue
724 1953 966 2030 quidem
997 1962 1234 2029 tempus
1272 1950 1456 2010 uitam
1498 1949 1790 2025 ducimus,
1825 1951 1901 2011 ad
1943 1970 2067 2012 non
2099 1949 2477 2013 existendum
2514 1973 2660 2015 uero
2693 1977 2762 2037 15

238 2051 524 2128 deinceps
566 2050 816 2112 omnino
857 2049 1258 2128 peruenimuS.
1345 2048 1431 2109 sic
1468 2059 1528 2109 et
1567 2048 1904 2108 Abraham:
1947 2069 2042 2126 ego
2066 2068 2196 2108 sum
2229 2048 2473 2129 (inquit)
2501 2057 2661 2110 terra

237 2169 307 2208 ac
333 2149 539 2225 cinis‡‚
576 2168 687 2227 pro
728 2167 805 2209 eo
852 2167 923 2208 ac
965 2146 1015 2208 si
1056 2145 1309 2208 diceret:
1356 2151 1507 2207 ‘non
1549 2164 1683 2205 sum
1725 2143 1940 2223 dignus
1980 2165 2119 2206 cum
2148 2156 2319 2207 tanto
2347 2148 2487 2208 Deo
2514 2166 2658 2209 con-

237 2246 421 2325 loqui,
466 2248 654 2308 homo
698 2248 888 2306 sactus
933 2265 969 2307 e
1012 2256 1183 2318 terra,
1242 2255 1303 2304 et
1356 2242 1724 2304 omnimodis
1767 2243 1885 2305 hoc
1928 2246 2194 2304 futurus)
2276 2244 2463 2324 magis
2516 2265 2658 2324 ergo

238 2342 436 2405 dicere
479 2343 687 2405 debuit
732 2342 901 2420 ‘quia
949 2353 1103 2402 terra
1144 2340 1256 2402 eris
1299 2350 1359 2401 et
1400 2340 1464 2400 in
1507 2350 1724 2400 terram
1769 2340 2116 2414 reuerteriS,’
2159 2340 2456 2419 siquidem
2498 2363 2660 2406 nunc

237 2440 491 2517 primum
522 2442 686 2500 fieret
714 2449 925 2499 natura
951 2437 1234 2498 mortalis.
2503 2496 2512 2505 ,
2685 2472 2763 2512 20

1095 2731 1265 2791 Phot.
1311 2732 1438 2791 bibl.
1485 2732 1618 2792 cod.
1674 2750 1801 2807 177·

362 2861 566 2946 [λέγει]
597 2862 697 2923 ἀπ’
722 2862 901 2945 α’ρχῆς
926 2868 1034 2942 μὲν
1061 2867 1269 2945 θνητόν
1295 2867 1634 2930 πεπλάσθαι
1659 2869 1760 2929 τᾶν
1786 2867 1986 2947 Ἀδάμ,
2014 2870 2243 2943 ἐνδείξει
2270 2870 2331 2931 δὲ
2349 2869 2542 2949 μόνον,
2567 2871 2658 2933 ἵνα

237 2957 579 3038 μισήσωμεν
599 2960 704 3038 τήν
724 2959 1022 3041 ἁμαρτίαν·
1048 2966 1408 3045 σχηματίσαι
1429 2963 1541 3048 [δέ]
1564 2965 1738 3030 οὕτως
1759 2967 1859 3027 τᾶν
1880 2966 2009 3028 θεὸν
2027 2966 2102 3032 οἷς
2129 2967 2220 3027 διὰ
2247 2967 2352 3045 τήν
2379 2968 2657 3049 άμαρτίαν

237 3056 364 3118 α’ντὶ
390 3058 656 3136 τιμωρίας
685 3059 1019 3120 ἐπιτέθειται
1044 3060 1078 3119 ὅ
1108 3060 1358 3126 θάνατος.

1255 3253 1407 3314 Ibid.
1456 3256 1636 3333 t‘tfia.

361 3390 461 3453 δύο
500 3391 737 3469 α’φέσεις
775 3391 1060 3471 άμαρτιῶν
1102 3392 1243 3454 εἶναι
1270 3391 1500 3477 [λε’γει],
1529 3394 1636 3471 τήν
1660 3398 1765 3473 μὲν
1791 3399 1902 3457 τῶν
1929 3399 2354 3481 πεπραγμένων,
2383 3399 2487 3477 τὴν
2513 3399 2648 3461 δὲ...

237 3491 414 3571 αὐτὴν
441 3492 546 3570 τήν
571 3489 1002 3568 άναμαρτησίαν
1021 3490 1148 3567 ἤτοι
1174 3491 1240 3552 vd
1265 3494 1469 3568 μηκέτι
1495 3490 1883 3572 ἁμαρτάνειν..
1898 3493 2081 3573 .ὅπερ.
2097 3494 2355 3573 ..ἄφεσιν
2374 3494 2659 3574 ἁμαρτιῶν
2685 3519 2757 3579 25

235 3592 460 3651 τελείαν
503 3589 596 3649 καὶ
638 3586 982 3667 κυριωτάτην
1023 3589 1117 3650 καὶ
1155 3587 1457 3668 ἀναίρεσιν
1484 3593 1653 3651 καλεῖ
1676 3589 1953 3670 α’μαρτίας
1978 3597 2281 3672 παντελῆ..
2295 3594 2526 3676 ,ἤρξατο
2549 3600 2657 3676 μὲν

240 3686 471 3764 (φησὶν)
502 3683 566 3768 [ἦ
592 3684 825 3761 τοιαύτη
843 3683 1128 3764 άμαρτιιὸν
1145 3683 1377 3769 ἄφεσις]
1401 3688 1817 3764 ἐμφανίζεσθαι
1835 3686 1953 3748 άπό
1976 3692 2077 3766 τῆς
2098 3691 2239 3751 κατὰ
2258 3690 2357 3753 τόν
2375 3693 2659 3770 δεσπότην

239 3782 494 3860 Χριστὸν
511 3784 833 3860 οἰκονομίας
862 3783 955 3844 καὶ
981 3786 1041 3844 ἐν
1067 3780 1400 3861 α’ρραβῶνος
1427 3783 1563 3863 η’μῖν
1591 3785 1851 3848 δίδοσθαι
1876 3784 2060 3856 τάξει·
2106 3787 2321 3851 δίδοται
2341 3790 2403 3851 δὲ
2427 3795 2657 3855 τελείως

237 3878 333 3937 καὶ
375 3876 461 3937 ἔπ’
501 3877 691 3942 αὐτοῖς
733 3881 918 3963 ἔργοις
957 3883 1017 3941 ἐν
1042 3884 1114 3961 τῇ
1139 3881 1285 3960 μεταῖ
1310 3880 1414 3958 τήν
1442 3881 1763 3943 ἀνάστασιν
1787 3881 2270 3961 α’ποκαταστάσει,
2302 3886 2443 3967 ὑπὲρ
2469 3887 2537 3966 ἧς
2565 3891 2656 3951 ἵνα

237 3976 492 4054 τύχωμεν
534 3976 627 4035 καὶ
663 3974 825 4054 ἡμεῖς
867 3977 961 4038 καὶ
1000 3976 1072 4038 τά
1114 3979 1315 4058 βρέφη
1361 3977 1806 4058 βαπτιζόμεθα..
1822 3979 2035 4043 ,οὐκέτι
2077 3981 2314 4065 (φησὶν)
2362 3985 2508 4062 μετοῖ
2552 3987 2658 4065 τήν
2684 4006 2764 4064 30

237 4069 562 4132 ἀνάστασιν
587 4068 1047 4152 ἅμαρτ-ησόμεθα.

339 4277 369 4320 4
401 4255 873 4320 haec...significant
898 4271 936 4305 n
1135 4270 1161 4320 7
1183 4257 1299 4307 huic
1325 4254 1441 4321 (jbr
1459 4255 1575 4321 hoc)
1600 4256 1629 4305 b
1644 4274 1687 4322 g
1733 4255 1742 4322 Ι
1791 4257 2032 4323 imposuit
2057 4276 2094 4310 n
2294 4265 2326 4313 8
2360 4264 2598 4317 indicauit
2618 4285 2663 4332 g

244 4352 302 4402 15
337 4343 391 4387 ut
426 4335 526 4386 iam
549 4334 767 4385 diximus
791 4333 906 4401 (for
924 4336 1082 4387 uitam
1104 4334 1349 4400 ducimus)
1376 4353 1415 4385 n

436 4479 465 4506 ⁵
501 4481 631 4532 Gen.
655 4479 727 4531 iii.
759 4492 831 4543 17.
1106 4479 1141 4534 Ἰ-
1164 4481 1246 4532 Ps.
1272 4481 1356 4533 cii.
1381 4481 1529 4543 (ciii.)
1559 4498 1615 4547 15
1640 4499 1710 4548 sq.
1976 4488 2009 4545 ζ
2045 4486 2174 4536 Gen.
2209 4488 2342 4539 xviii.
2376 4505 2456 4553 ²7·

416 4603 466 4652 S.
518 4601 591 4653 11.
2398 4615 2478 4661 22
