3221 5116
369 412 822 467 FRAGMENTS
868 415 962 467 OF
1007 416 1161 466 THE
1209 416 1597 467 DOGMATIC
1643 416 1910 467 WORKS
1957 416 2051 468 OF
2096 415 2521 467 THEODORE.
2603 412 2728 479 315

517 606 573 660 4.
658 583 818 667 [Act.
852 587 1041 648 Conc.
1074 587 1193 648 CP.
1228 584 1286 646 ii.
1320 603 1399 645 ιν.
1430 606 1469 660 4
1502 587 1565 666 (“
1583 606 1660 647 ex
1688 586 1904 647 eodem
1936 586 2087 647 libro
2105 586 2182 664 '').
2270 585 2404 664 Vig.
2438 582 2521 667 4].

434 702 615 761 Suam
663 712 867 761 autem
916 699 1401 778 cooperationem
1439 703 1517 762 ad
1566 700 1878 779 proposita
1922 720 2106 778 opera
2145 701 2488 778 praestabat
2529 698 2585 760 ei
2626 696 2731 776 qui

313 799 667 877 adsumptus
710 810 817 871 est.
902 799 1007 859 ubi
1056 799 1173 859 hoc
1217 798 1357 859 facit
1406 798 1468 858 in
1515 800 1653 858 loco
1696 817 1905 858 sensus
1947 799 2125 858 fuisse
2175 797 2458 859 deitatem
2501 796 2585 857 illi
2626 795 2730 874 qui

313 897 667 973 adsumptus
711 896 847 957 est?
885 915 1000 955 nec
1038 895 1197 955 enim
1237 895 1322 956 eis
1360 894 1841 972 quibuscumque
1883 914 2051 955 suam
2082 894 2331 955 donauit
2358 893 2729 972 cooperatio-

316 1012 459 1053 nem
528 1012 739 1053 sensus
795 994 996 1052 locum
1045 992 1130 1053 eis
1183 992 1515 1054 obtinebat.
1624 992 1673 1052 si
1728 1003 1934 1052 autern
1990 1003 2050 1052 et
2105 992 2293 1053 modo
2347 991 2730 1069 praecipuam

315 1093 620 1167 quandam
668 1089 1156 1166 cooperationem
1190 1089 1440 1150 donauit
1474 1089 1557 1149 illi
1595 1088 1698 1167 qui
1740 1089 2091 1166 adsumptus
2119 1100 2226 1159 est,
2256 1108 2381 1149 non
2409 1089 2527 1149 hoc
2551 1087 2729 1148 facie-

314 1189 417 1248 bat
463 1190 665 1250 locum
711 1207 920 1248 sensus
957 1188 1238 1249 deitatem
1274 1189 1561 1250 obtinere.
1647 1188 1755 1249 sed
1792 1187 1843 1248 si
1872 1187 2064 1248 deitas
2092 1206 2201 1265 pro
2230 1207 2410 1248 sensu
2439 1189 2621 1248 fiebat
2649 1187 2731 1248 illi

315 1285 419 1363 qui
447 1288 801 1363 adsumptus
844 1296 952 1357 est,
993 1289 1327 1347 secundum
1358 1298 1556 1347 uestra
1594 1288 1796 1360 uerba,
1832 1287 2146 1364 quomodo
2188 1285 2463 1347 timorem
2502 1285 2565 1346 in
2602 1305 2733 1365 pas-

315 1381 486 1444 sione
529 1384 937 1462 suscipiebat?
996 1384 1140 1461 quid
1188 1384 1732 1446 uehementioribus
1780 1385 2148 1446 orationibus
2197 1385 2275 1446 ad
2322 1384 2731 1445 imminentem

314 1481 732 1541 necessitatem
761 1480 1083 1559 indigebat,
1123 1502 1272 1559 quas
1313 1502 1451 1542 cum
1491 1502 1709 1560 magna
1737 1483 1984 1559 quidem
2012 1493 2073 1543 et
2102 1485 2365 1543 clamosa
2392 1502 2562 1556 uoce,
2591 1503 2731 1543 cum

314 1577 584 1654 plurimis
611 1588 808 1638 autem
840 1577 1115 1648 lacrimiS,
1139 1579 1471 1638 secundum
1499 1579 1745 1639 beatum
1774 1580 2044 1651 Paulum,
2068 1580 2360 1639 referebat
2389 1579 2564 1639 Deo?
2590 1598 2733 1656 quo-

316 1674 501 1734 modo
528 1673 740 1735 timore
768 1686 936 1735 tanto
964 1674 1344 1736 detinebatur
1364 1686 1431 1735 ut
1448 1695 1522 1735 ex
1544 1674 1840 1735 immensa
1857 1675 2255 1752 trepidatione
2277 1678 2473 1737 sontes
2502 1676 2732 1737 sudoris

316 1770 657 1843 dimitteret,
677 1771 1046 1851 euangelista
1068 1783 1273 1849 aperte
1301 1772 1541 1833 dicente
1569 1772 1734 1849 quod
1762 1772 1954 1850 globis
1981 1772 2287 1851 sanguinis
2316 1772 2522 1834 similis
2550 1774 2734 1834 sudor

314 1866 758 1928 descendebat?
796 1867 944 1945 quid
961 1879 1159 1928 autem
1191 1878 1251 1929 et
1276 1868 1473 1946 angeli
1494 1870 1762 1929 aduentu
1792 1880 1852 1929 et
1877 1868 2221 1931 uisitatione
2239 1871 2453 1947 egebat
2470 1869 2731 1930 animam

312 1964 629 2027 reficientis
677 1964 739 2025 in
788 1964 1196 2043 experimento
1238 1967 1549 2038 malorum,
1584 1967 1973 2028 confortantis
2011 1967 2138 2028 eius
2171 1968 2554 2038 alacritatem,
2583 1967 2734 2028 exci-

315 2059 493 2121 tantis
524 2081 663 2122 eum
691 2063 770 2121 ad
799 2060 1215 2123 imminentem
1244 2062 1538 2139 passionis
1572 2063 2010 2135 necessitatem,
2042 2065 2293 2124 tolerare
2320 2064 2548 2125 fortiter
2574 2066 2733 2124 mala

316 2159 638 2228 suadentiS,
683 2158 943 2238 urgentis
978 2161 1059 2220 ad
1098 2158 1447 2237 patientiam
1484 2170 1544 2220 et
1581 2160 1960 2221 tolerantiam
1995 2162 2306 2236 malorum,
2361 2161 2732 2223 ostendentis

313 2257 714 2334 praesentium
744 2260 1035 2319 malorum
1063 2259 1318 2318 fructum
1336 2278 1409 2318 ex
1427 2257 1726 2334 passione,
1748 2257 2141 2318 mutationem
2164 2258 2223 2316 in
2240 2257 2485 2335 gloriam
2508 2260 2732 2319 bonam

314 2352 471 2414 circa
508 2366 655 2415 eum·
692 2366 829 2431 post
877 2354 1217 2432 passionem
1255 2348 1557 2413 futuram?
1620 2354 1722 2431 qui
1766 2353 1926 2414 enirn
1965 2354 2296 2414 secundum
2334 2354 2734 2433 euangelistae

312 2470 529 2511 uocem
558 2452 934 2512 confortabat
956 2471 1112 2525 eum,
1133 2453 1378 2528 angelus
1408 2452 1653 2525 scilicet,
1676 2450 1873 2511 uerbis
1900 2450 2026 2511 istis
2054 2452 2268 2513 fortem
2296 2472 2435 2512 eum
2459 2454 2731 2528 faciebat,

316 2558 378 2609 et
433 2547 759 2609 infirmitati
816 2561 1064 2611 naturae
1121 2550 1487 2627 superiorem
1532 2548 1659 2610 fieri
1702 2550 2146 2625 cohortabatur,
2189 2561 2251 2611 et
2289 2549 2733 2611 corroborando

313 2644 712 2724 cogitationes
741 2646 869 2708 eius
898 2650 1113 2709 fortem
1142 2667 1283 2708 eum
1311 2648 1587 2709 faciebat.

321 2847 373 2906 5.
461 2824 619 2910 [Act.
677 2829 866 2890 Conc.
917 2828 1038 2889 CP.
1096 2826 1151 2887 ii.
1206 2845 1285 2887 ιν.
1339 2845 1371 2906 5
1422 2829 1564 2909 (“et
1614 2839 1751 2907 post
1799 2827 1916 2889 alia
1969 2826 2031 2888 in
2089 2830 2305 2890 eodem
2358 2830 2515 2891 libro
2569 2829 2733 2892 idem

320 2931 327 2938 ’
479 2926 833 2986 Theodorus
904 2946 978 2987 ex
1046 2945 1305 3003 persona
1361 2925 1600 3000 Christi,
1658 2925 1829 3002 quasi
1884 2927 2304 3006 respondentis
2358 2930 2436 2990 ad
2492 2932 2733 2992 Petrum

479 3022 784 3083 dicentem
831 3022 1070 3085 Christo
1116 3024 1194 3084 de
1248 3023 1528 3102 passione
1577 3023 1769 3085 crucis
1799 3026 2098 3102 proffl'tt'us
2138 3028 2258 3102 tibi,
2306 3028 2577 3103 Domine,
2620 3049 2735 3090 non

478 3121 593 3179 erit
614 3121 722 3180 tibi
745 3121 917 3193 istud,
948 3119 1034 3180 ita
1059 3117 1257 3179 intulit
1276 3118 1387 3200 '')]..

457 3236 608 3294 Vade
617 3244 757 3312 post
780 3255 883 3307 me,
913 3237 1179 3305 Satana,·
1216 3237 1552 3294 scandalum
1582 3236 1735 3294 mihi
1755 3255 1826 3305 es,
1849 3237 2013 3313 quod
2030 3256 2144 3297 non
2170 3238 2331 3315 sapis
2354 3259 2419 3298 ea
2445 3259 2593 3316 quae
2615 3243 2740 3301 Dei

317 3343 468 3406 sunt,
502 3334 603 3393 sed
626 3353 693 3392 ea
728 3351 875 3409 quae
913 3334 1211 3392 hominum
1224 3333 1277 3393 'fi
1365 3337 1518 3393 ‘non
1548 3345 1637 3392 est
1667 3333 1942 3394 confusio
1972 3333 2118 3394 mihi
2145 3355 2326 3407 mors»,
2357 3355 2482 3397 non
2509 3337 2732 3416 fugiam

315 3429 508 3509 ipsam
535 3440 602 3490 ut
627 3428 1025 3502 indecentem,
1057 3429 1138 3489 ad
1166 3430 1490 3488 humanam
1518 3429 1770 3507 gloriam
1796 3427 2149 3507 respiciens3
2192 3430 2504 3493 sustinebo
2530 3445 2732 3494 autem

2763 1593 2837 1633 10

2764 2563 2839 2600 20

316 3525 561 3588 meliore
597 3526 801 3586 animo
843 3525 1314 3603 experimentum
1357 3526 1565 3586 mortis
1601 3546 1713 3603 pro
1751 3526 2021 3604 plurimis
2058 3527 2236 3588 bonis
2261 3529 2488 3603 futuris,
2519 3529 2581 3590 in
2610 3530 2736 3608 qui·
2763 3545 2834 3604 25

316 3627 427 3688 bus
469 3638 530 3686 et
567 3625 698 3703 ipse
733 3626 916 3698 fuer0,
955 3635 1015 3685 et
1063 3644 1170 3702 per
1206 3644 1305 3684 me
1339 3644 1566 3684 omnes.
1669 3643 1746 3684 ne
1790 3623 1937 3684 mihi
1978 3624 2242 3686 animum
2287 3627 2491 3688 laedas
2536 3647 2734 3705 neque

317 3724 535 3796 turbeS,
582 3734 890 3800 tamquam
933 3721 1288 3782 confusione
1332 3721 1579 3800 dignum
1630 3723 1832 3799 sugere
1880 3724 2215 3783 admonens
2259 3723 2467 3785 mortis
2513 3724 2736 3804 experi-

318 3821 625 3881 mentum.'

590 4001 642 4058 6.
731 3998 887 4080 [Act.
921 4001 1107 4062 Cone.
1142 4001 1263 4062 CP.
1296 3999 1354 4063 ii.
1384 4019 1461 4061 ιν.
1496 4003 1532 4059 6
1566 4001 1709 4080 (“et
1736 4012 1873 4077 post
1901 4000 2018 4060 alia
2035 4000 2114 4079 ’').
2199 4001 2329 4079 Vig.
2367 4000 2448 4082 6].

443 4115 627 4191 Quod
664 4114 825 4175 enim
861 4113 1090 4175 dictum
1131 4125 1246 4174 est:
1287 4116 1595 4174 ducebatur
1620 4135 1658 4173 a
1700 4115 2001 4191 Spin'tu†,
2036 4128 2239 4192 aperte
2280 4116 2398 4176 hoc
2439 4115 2732 4193 significat
2829 4101 2838 4106 ¹

419 4273 447 4307 2
483 4265 557 4308 est
580 4273 656 4307 om
693 4257 745 4305 V
876 4275 908 4321 4
941 4256 1046 4308 eius
1073 4258 1117 4307 C
1147 4257 1199 4306 V
1317 4273 1348 4324 9
1381 4258 1661 4308 clamorosa
1693 4258 1744 4306 V
1870 4272 1929 4307 ro
1961 4257 2555 4321 quomodo...dimitteret
2577 4274 2656 4307 om
2693 4259 2744 4308 V

326 4356 386 4404 ¹4
412 4337 726 4394 exercitantis
761 4338 812 4388 V
996 4352 1061 4387 ao
1094 4337 1387 4397 hortabatur
1421 4339 1473 4388 V
1659 4354 1720 4402 23
1757 4337 1891 4403 fugio
1926 4339 1978 4388 V
2164 4337 2226 4389 26
2258 4354 2341 4389 me
2362 4355 2440 4389 om
2476 4340 2527 4389 V
2543 4338 2551 4406 Ι
2581 4348 2732 4405 atque

321 4423 437 4490 (for
456 4421 638 4488 neque)
675 4422 724 4471 V
911 4433 971 4483 27
1006 4420 1248 4470 admones
1283 4421 1333 4470 V

821 4503 847 4528 ⁴*
887 4502 941 4552 S.
968 4503 1116 4552 Mart.
1142 4502 1241 4552 xvi.
1269 4516 1346 4563 υ,
1374 4519 1453 4566 ²3·
1770 4503 1805 4557 †
1838 4505 1893 4555 S.
1919 4503 2063 4555 Luke
2087 4505 2152 4555 iv.
2185 4522 2227 4555 r.
