3221 5116
1032 414 1117 464 IN
1164 414 1269 465 ΕΡ.
1318 413 1421 464 AD
1468 411 1994 465 PHILEMONEM.

284 398 407 484 ¹3-]
2578 408 2712 476 279

277 590 561 655 uinculis
621 590 886 655 mittas!
982 609 1104 655 nec
1156 591 1335 656 enim
1395 591 1835 656 existimabat
1887 589 2344 654 Philemonem
2397 585 2535 651 tale
2586 585 2705 651 ali-

278 697 439 780 quid
485 695 658 759 circa
702 713 856 757 eum
905 692 1135 771 facere,
1182 695 1341 777 quia
1385 694 1824 759 existimabat
1862 693 2044 776 quod
2094 692 2381 775 recipere
2430 691 2704 755 minime

276 808 615 882 pateretur
643 797 732 861 ob
764 818 1025 861 morum
1064 806 1132 860 et
1162 798 1486 880 propositi
1527 798 1673 861 eius
1701 797 2123 880 prauitatem.
2211 805 2280 859 et
2311 794 2703 870 extendens,

280 902 597 984 quoniam
630 901 754 965 etsi
788 902 1040 964 maiora
1069 901 1293 984 aliqua
1323 923 1364 965 a
1399 902 1787 967 Philemone
1833 902 2208 986 postularet
2255 920 2390 965 non
2435 907 2706 983 oporte·

280 1004 400 1068 bat
430 1005 824 1087 petitionem
873 1005 1013 1068 eius
1045 1005 1367 1084 resistere,
1400 1008 1605 1071 adicit
1633 1031 1647 1071 ε

411 1185 598 1247 quem
627 1186 738 1247 ego
768 1165 1053 1229 uolebam
1083 1166 1265 1249 apud
1288 1187 1386 1230 me
1414 1167 1702 1233 retinere.

411 1311 540 1374 ‘sic
585 1312 763 1375 enim
804 1312 1072 1377 confido
1116 1314 1296 1397 quod
1348 1313 1509 1378 nihil
1555 1335 1647 1377 ex
1695 1312 1824 1376 illis
1870 1332 2044 1397 quae
2088 1331 2217 1395 ego
2256 1330 2419 1394 gero
2457 1316 2529 1373 te
2559 1329 2704 1372 um-

280 1433 485 1496 quam
539 1415 784 1495 poterit
830 1416 1088 1480 tristem
1133 1416 1381 1481 facere!
1469 1427 1540 1481 et
1588 1417 1747 1498 quia
1795 1416 2116 1480 audaciae
2159 1435 2305 1479 esse
2350 1412 2705 1477 uidebatur

279 1526 355 1580 ut
384 1515 675 1579 alienum
707 1538 972 1581 seruum
1005 1518 1309 1583 absolute
1339 1520 1759 1601 promitteret
1792 1519 2091 1597 retinere,
2127 1516 2370 1581 adicit:

414 1693 493 1748 ut
505 1696 633 1767 pro
660 1694 722 1748 te
748 1683 921 1748 mila·
946 1684 1355 1748 ministraret
1383 1684 1451 1748 in
1484 1684 1765 1749 uinculis
1791 1685 2129 1767 euangelii.

416 1839 495 1893 ut
521 1830 744 1913 posuit
776 1849 910 1892 non
941 1849 1212 1894 causam
1253 1831 1487 1907 dicere,
1521 1830 1638 1893 sed
1672 1838 1748 1894 ut
1779 1829 1945 1893 illud
1983 1839 2301 1894 consuete
2336 1831 2708 1914 explicaret

285 1934 467 2017 quod
542 1934 729 2016 sequi
807 1933 1163 1999 uidebatur
1185 1956 1201 2013 ;
1278 1933 1422 1998 uult
1491 1935 1669 1997 enim
1744 1933 2000 1997 dicere:
2069 1934 2313 1998 ‘etiam
2389 1933 2513 1997 etsi
2579 1933 2708 1997 hoc

288 2036 607 2113 fecissem,
639 2046 828 2101 tuum
877 2048 1018 2102 erat
1048 2037 1304 2103 lucrum
1349 2048 1422 2102 ut
1462 2038 1516 2102 is
1549 2038 1710 2102 mihi
1759 2038 2206 2118 ministraret;
2254 2057 2411 2101 nam
2458 2038 2513 2100 si
2554 2045 2709 2101 tuus

289 2159 517 2203 seruus
555 2140 958 2203 ministraret
990 2139 1172 2217 mihi,
1207 2142 1582 2205 mercedem
1617 2140 1845 2223 utique
1889 2161 2011 2223 pro
2051 2140 2169 2203 tali
2212 2140 2390 2205 facto
2432 2139 2552 2204 tibi
2593 2140 2710 2204 ad-

290 2244 612 2325 quirebat,
642 2244 762 2308 tibi
797 2244 977 2308 lucra
1007 2243 1425 2310 conserebat?
1502 2266 1637 2309 non
1671 2255 1896 2309 autem
1929 2244 2107 2308 dixit
2122 2255 2250 2328 pro
2280 2255 2353 2322 te,
2385 2245 2522 2322 sed,
2553 2250 2570 2276 ‘
2590 2265 2710 2328 pro

289 2355 408 2409 tuo
460 2347 850 2424 commodo,’
902 2349 1090 2431 quasi
1145 2350 1302 2430 quia
1366 2369 1487 2431 pro
1554 2349 1753 2413 huius
1819 2349 2185 2413 ministerio
2255 2356 2715 2431 competenter

291 2451 599 2533 apostolo
629 2453 683 2515 si
722 2453 1177 2528 ministrasset,
1217 2451 1398 2515 lucra
1442 2472 1617 2534 quae
1658 2473 1746 2515 ex
1792 2451 1919 2515 hoc
1966 2451 2486 2534 adquirebantur
2538 2450 2713 2514 illius

290 2564 528 2638 utpote
558 2555 813 2618 domini
860 2575 1004 2619 esse
1050 2554 1467 2620 uidebantur.

390 2738 418 2788 5
454 2724 685 2790 petitioni
712 2726 758 2774 C
776 2725 927 2789 (corr)

295 2888 375 2939 C*
402 2887 413 2953 Ι
442 2890 509 2938 ab
534 2887 637 2955 (bes
644 2889 828 2956 apost.)
851 2892 958 2941 add
978 2892 1023 2942 C

366 3067 410 3102 ι.
497 3068 581 3103 nec
634 3070 677 3104 e.
732 3054 1276 3121 extktimabat...quia‚
1336 3057 1454 3120 δια]

292 3132 514 3198 Though
536 3133 675 3183 there
702 3133 863 3199 might
886 3135 1014 3185 have
1036 3136 1166 3186 been
1192 3153 1368 3188 reason
1401 3147 1455 3189 to

291 3215 454 3265 doubt
492 3213 797 3266 Philemon's
832 3217 1086 3268 readiness
1120 3226 1174 3268 to
1205 3220 1388 3269 extend
1424 3236 1456 3270 a

291 3297 484 3346 cordial
538 3297 776 3348 weleome
831 3306 886 3349 to
932 3315 964 3348 a
1008 3315 1244 3364 runaway
1297 3301 1450 3362 slave,

296 3378 349 3428 S.
378 3377 500 3428 Paul
523 3379 622 3429 had
646 3395 713 3429 no
744 3379 871 3430 sears
908 3380 984 3429 sor
1019 3382 1104 3431 the
1136 3380 1313 3431 slave’s
1346 3397 1456 3446 per·

295 3462 439 3511 sonal
462 3462 636 3527 sasety.
702 3463 883 3527 Chrys».
908 3463 1079 3528 points
1108 3471 1197 3513 out
1229 3464 1337 3514 that
1372 3464 1457 3514 the

295 3544 398 3609 Ap.
444 3544 536 3604 has
571 3544 693 3594 used
736 3560 803 3594 an
847 3544 1103 3609 emphatic
1147 3546 1322 3596 word:
1373 3542 1459 3596 οὐκ

295 3629 432 3677 εἶπεν
486 3627 981 3689 ’ἀπόδεξαι’...ἀλλὰ
1035 3628 1458 3691 ’προσλαβοΰ,’

294 3709 566 3758 τουτέστιν·
601 3707 712 3770 οὐχὶ
733 3711 1021 3772 συγγνώμης
1052 3709 1199 3769 μόνον
1234 3707 1364 3759 ἀλλὰ
1390 3727 1457 3758 τυ

294 3788 387 3849 μῆς
409 3791 545 3840 ἐστὶν
563 3790 706 3850 ἄξιος.

364 3869 411 3920 6.
482 3887 625 3935 quem
669 3888 750 3937 ego
793 3874 1030 3930 uolebam,
1070 3873 1312 3935 ὅλη-τὼν
1356 3873 1459 3934 ἐγὼ

297 3950 568 4013 ἐβουλόμην
602 3955 719 4015 πρὸς
752 3956 963 4013 ἐμαυτὸν
1000 3955 1246 4016 κατέχειν.
1321 3955 1463 4017 Ergo

299 4030 345 4080 is
388 4030 572 4094 clearly
612 4047 643 4080 a
686 4031 924 4096 copyist's
967 4047 1138 4094 ert-015
1192 4033 1256 4083 cs.
1299 4034 1459 4098 iufra.

300 4112 337 4163 l.
379 4125 406 4176 7
447 4114 549 4173 (vv.
572 4113 671 4175 ll.).
743 4115 832 4163 All
867 4116 953 4164 the
988 4116 1136 4165 Latin
1171 4116 1462 4166 authorities

298 4209 450 4258 agree
472 4194 593 4243 with
616 4195 702 4246 the
727 4196 830 4245 Gk.
853 4203 959 4246 text
982 4196 1034 4246 in
1057 4198 1348 4264 expressing
1377 4199 1463 4249 the

303 4290 551 4340 pronoun.

376 4373 452 4407 xo.
510 4356 589 4417 ut]
652 4357 795 4407 Unde
815 4358 858 4407 is
889 4358 1134 4424 probably
1155 4376 1219 4408 an
1251 4376 1387 4410 error
1412 4360 1472 4411 of

303 4436 782 4501 transcription—ut
811 4438 902 4488 has
934 4439 1063 4489 been
1097 4441 1325 4505 changed
1356 4441 1463 4490 into

302 4519 397 4566 ui.
478 4519 563 4569 On
609 4522 716 4567 “ut
754 4518 975 4583 posuit‚”
1017 4521 1106 4571 ἃς.
1153 4537 1237 4571 see
1279 4522 1455 4581 above,

1090 2727 1141 2786 6,
1167 2740 1195 2791 7
1229 2744 1348 2794 ergo
1371 2729 1485 2795 (sor
1503 2731 1622 2793 ego)
1650 2730 1696 2780 C

290 2804 389 2871 (afl
408 2807 561 2872 expl.)
585 2807 690 2856 add
710 2808 753 2856 C
776 2810 785 2872 Ι
815 2809 989 2858 uolens
1013 2808 1113 2874 (ast
1132 2810 1317 2871 dicere)
1339 2810 1445 2859 add
1466 2811 1511 2860 C
1529 2812 1678 2873 (corr)

1220 2906 1277 2958 17
1312 2893 1360 2944 ei
1382 2894 1502 2958 (sor
1520 2893 1582 2956 si)
1613 2895 1658 2944 C

1560 2554 1713 2618 ideo
1754 2553 2030 2619 adiecit:
2086 2554 2156 2619 in
2200 2553 2482 2618 uinculis·
2518 2575 2715 2618 euan-

1849 2743 1910 2780 ιο
1940 2729 2075 2780 unde
2098 2727 2215 2794 (sor
2232 2730 2308 2790 ut)
2338 2726 2418 2779 C*
2573 2743 2627 2778 ιτ
2663 2736 2713 2777 et

1872 2810 1931 2860 16
1965 2810 2052 2876 qui
2077 2810 2192 2876 (for
2210 2810 2348 2876 quia)
2377 2809 2423 2860 C
2446 2807 2456 2873 ἱ
2484 2816 2712 2875 petenter

1556 3076 1604 3127 p.
1638 3074 1749 3124 274,
1774 3060 1809 3111 l.
1840 3076 1882 3122 ι,
1909 3066 2046 3109 note.

1629 3155 1703 3192 12.
1760 3143 1877 3191 uult
1911 3158 1950 3192 e.
1990 3141 2296 3206 dicere...pro
2332 3149 2420 3192 tuo
2455 3140 2716 3203 commodo]

1557 3224 1818 3289 Abridged
1863 3224 1934 3288 by
1978 3223 2243 3274 Lanfranc.
2322 3224 2468 3275 With
2513 3223 2598 3274 the
2642 3239 2716 3274 re·

1557 3305 1701 3354 mark
1724 3304 1784 3355 of
1805 3305 1902 3355 Th.
1930 3320 2095 3371 comp.
2125 3306 2271 3356 Oec.:
2305 3307 2348 3354 εἰ
2378 3301 2482 3369 γὰρ
2512 3307 2589 3361 σύ,
2625 3309 2717 3365 φη-

1557 3388 1654 3443 σίν,
1678 3388 1937 3450 χρεωστεΐς
1970 3388 2218 3446 διακονεῖν,
2245 3383 2379 3437 οὗτος
2412 3388 2465 3436 δὲ
2490 3387 2597 3434 ἀντὶ
2629 3387 2717 3435 σοῦ

1557 3470 1703 3517 τοῦτο
1724 3468 1866 3524 ποιεῖ,
1890 3470 1978 3517 σὺν
2000 3468 2175 3529 ὄφελος
2194 3469 2253 3516 τὸ
2272 3468 2540 3528 γινόμενον.

1631 3560 1706 3610 15.
1768 3562 1870 3595 non
1912 3552 2077 3596 aulem
2126 3547 2262 3596 dax-it
2310 3549 2422 3611 ‘pro
2462 3541 2722 3608 ΙεἺ--οὖκ

1560 3629 1693 3676 εἶπεν
1719 3629 1733 3653 ‘
1749 3628 1860 3676 ἀντὶ
1881 3626 2003 3685 σοΰ,’
2026 3627 2140 3677 ἀλλ’
2165 3629 2285 3691 ὑπὲρ
2312 3630 2417 3678 σοῦ.
2487 3628 2535 3676 Α
2560 3626 2721 3692 single

1560 3707 1751 3757 cursive
1785 3708 1929 3757 reads
1963 3709 2072 3757 ἀντί
2106 3706 2293 3771 (Tisch.
2320 3709 2396 3757 ad
2410 3707 2488 3769 1.).
2559 3707 2713 3757 Thdt.

1561 3795 1713 3837 treats
1749 3784 1872 3850 ὑπέρ
1906 3803 1961 3838 as
1993 3787 2279 3853 equivalent
2312 3794 2367 3837 to
2401 3789 2546 3837 dni:
2583 3789 2720 3851 ἑβου·

1560 3870 1717 3928 λήθην
1753 3871 1910 3919 τοίνυν
1947 3870 2053 3918 ἀντὶ
2088 3870 2178 3918 σοῦ
2212 3871 2384 3918 τοῦτον
2421 3870 2605 3931 λαβεῖν,
2645 3869 2723 3916 ἶνα

1559 3949 1652 4010 τῆς
1674 3950 1763 4011 σῆς
1780 3969 1863 4010 μοι
1885 3951 2121 4002 διακονίας
2142 3951 2314 4012 ἐκτίσῃ
2334 3952 2391 4000 τὸ
2413 3952 2573 4012 χρέος.

1635 4031 1707 4083 16.
1784 4037 2098 4096 competenter
2125 4032 2357 4096 apostolo]
2430 4033 2527 4082 See
2560 4047 2640 4080 vv.
2665 4030 2720 4080 ll.

1563 4113 1676 4163 The
1727 4114 2028 4164 corrections
2070 4129 2205 4164 seem
2262 4121 2315 4163 to
2370 4115 2435 4164 be
2491 4113 2720 4179 required

1563 4195 1763 4261 equally
1814 4196 1882 4260 by
1925 4195 2011 4246 the
2063 4212 2315 4261 grammar
2364 4196 2468 4247 and
2517 4197 2587 4261 by
2636 4197 2721 4248 the

1564 4292 1725 4325 sense.

1636 4371 1710 4420 17.
1772 4358 2147 4421 illiusJ=huius
2187 4359 2240 4420 (1.
2280 4360 2374 4420 ι6).
2417 4360 2504 4409 i.e.
2557 4359 2722 4409 Phile-

1564 4441 1744 4491 monis.

2741 1698 2820 1746 10

2749 2258 2817 2323 15
