3221 5116
536 405 665 468 226
1214 405 1670 460 THEODORUS
1719 403 2304 459 MOPSUESTENUS
2536 392 2681 476 [IV.
2718 394 2835 457 8-
2854 407 2954 457 10.

534 586 797 651 illorum
830 606 1004 669 quae
1035 583 1128 649 illi
1160 584 1442 648 aderunt
1475 602 1595 666 pro
1626 580 1874 646 labore.
1963 588 2033 646 et
2063 580 2782 664 ostendensquoniam
2815 599 2954 643 non

536 690 752 754 solurn
802 691 946 775 ipse
985 689 1239 753 lucrum
1287 687 1671 752 huiusmodi
1703 686 2127 769 adsequatur,
2156 686 2274 749 sed
2312 693 2381 750 et
2429 706 2665 751 omnes
2705 686 2818 768 qui
2860 683 2954 748 ad

535 795 675 859 eius
724 791 1237 857 sollicitudinem
1288 789 1587 853 laborare
1640 809 1762 871 pro
1815 788 2165 872 euangelio
2225 786 2824 854 noluerint—unde
2883 795 2957 851 et

536 899 738 963 dicit:

470 1063 504 1132 5
667 1073 792 1116 non
831 1053 1037 1116 solum
1078 1060 1295 1114 autem
1334 1048 1517 1124 milti,
1552 1047 1672 1111 sed
1706 1056 1770 1111 et
1795 1046 2092 1112 omnibus
2120 1045 2239 1129 qui
2274 1045 2565 1129 diligunt
2599 1044 2955 1109 aduentum

533 1157 688 1222 eius.

669 1285 933 1368 ‘itaque
984 1282 1397 1368 propositum
1460 1290 1563 1345 est
1613 1281 1879 1364 (inquit)
1928 1289 1997 1345 et
2051 1280 2175 1344 tibi
2226 1299 2512 1343 coronae
2563 1277 2956 1362 praemium,

537 1391 592 1454 si
646 1398 907 1455 tanturn
959 1409 1133 1453 nunc
1186 1388 1470 1452 ualueris
1512 1383 1888 1450 elaborare!
1980 1384 2278 1449 miraculi
2326 1404 2484 1447 uero
2531 1383 2813 1464 dignum
2851 1388 2960 1468 est⁴

537 1494 719 1577 quod
750 1513 885 1557 non
916 1494 1094 1556 dixit
1127 1491 1290 1555 ‘illis
1321 1491 1434 1573 qui
1473 1489 1963 1561 laborauerunt,
1998 1498 2115 1553 aut
2154 1489 2334 1571 passi
2368 1487 2559 1574 sunt‚’
2592 1488 2709 1551 sed
2741 1488 2958 1551 dixit:

436 1618 513 1666 10
536 1597 656 1681 qm·
679 1597 970 1681 diligunt
1001 1597 1353 1660 aduentum
1390 1594 1576 1669 eius,·
1623 1615 1705 1659 eo
1753 1594 1935 1677 quod
1979 1593 2416 1658 certaminum
2456 1601 2525 1655 et
2564 1592 2953 1673 passionum

538 1711 806 1785 tempus
854 1721 988 1764 non
1041 1719 1306 1782 semper
1353 1708 1471 1775 est,
1505 1697 1800 1762 caritatis
1834 1717 1991 1760 uero
2024 1706 2289 1780 tempus
2334 1705 2453 1772 est,
2484 1695 2539 1760 si
2586 1715 2765 1758 nunc
2803 1713 2954 1767 eam

538 1805 741 1869 etiam
793 1804 859 1868 in
905 1811 1210 1885 tempore
1256 1803 1441 1885 pacis
1489 1809 1691 1883 prout
1737 1808 2004 1883 oportet
2055 1799 2313 1864 saluare
2361 1800 2510 1882 quis
2554 1799 2957 1885 depropera-

536 1907 722 1983 uerit,
754 1905 1006 1970 nullam
1040 1903 1340 1968 fraudem
1383 1905 1759 1985 adsequens
1800 1904 1855 1966 si
1904 1912 2168 1986 tempus
2213 1904 2649 1968 certaminum
2683 1906 2957 1969 minime

536 2008 838 2073 adfuerit.
930 2009 998 2072 in
1030 2008 1214 2071 hisce
1252 2007 1449 2071 dictis
1500 2026 1698 2070 suum
1738 2026 2212 2070 consummans
2252 2007 2616 2084 consilium,
2642 2007 2956 2074 exhorta-

435 2135 506 2201 15
537 2114 788 2177 tionem
841 2133 1033 2177 suam
1085 2112 1210 2176 sub
1257 2111 1724 2176 testificatione
1768 2112 2174 2176 concludens
2217 2113 2563 2177 doctrinae
2607 2134 2811 2197 quam
2864 2113 2955 2178 ad

538 2236 691 2281 eum
723 2215 954 2280 fecisse
985 2216 1265 2292 uidetur,
1294 2215 1519 2279 scribit
1552 2216 1725 2279 ultra
1755 2216 1841 2279 de
1884 2214 1988 2279 his
2025 2217 2219 2279 rebus
2265 2216 2353 2280 de
2393 2217 2635 2299 quibus
2670 2218 2957 2283 scribere

538 2339 690 2383 eum
724 2321 892 2384 ratio
923 2321 1256 2405 exigebat,
1289 2328 1525 2404 utpote
1566 2321 1654 2384 ad
1700 2342 1896 2385 suum
1940 2322 2340 2405 discipulum
2389 2330 2458 2387 et
2497 2323 2797 2387 maxime
2825 2323 2953 2388 sibi

536 2425 902 2491 dilectum:

651 2586 911 2669 festina
940 2585 1160 2650 uenire
1184 2583 1283 2648 ad
1304 2605 1404 2649 me
1429 2583 1566 2648 cite.

426 2745 512 2793 20
666 2720 735 2777 et
765 2734 1035 2778 causam
1069 2712 1414 2796 explicans
1446 2734 1579 2795 qua
1609 2712 1732 2777 cito
1762 2734 1913 2777 eum
1946 2713 2033 2778 ad
2065 2734 2137 2778 se
2169 2714 2395 2779 uenire
2430 2714 2707 2780 iusserat
2735 2735 2750 2778 ε

666 2883 917 2947 Demas
967 2880 1229 2965 (inquit)
1286 2900 1389 2944 me
1434 2880 1790 2965 dereliquit,
1839 2882 2120 2966 diligens
2153 2895 2462 2968 praesens
2509 2885 2850 2961 saeculum,
2897 2894 2962 2948 et

534 2986 708 3051 abiit
733 2986 805 3052 in
846 2982 1377 3049 Thessalonicam.

666 3114 795 3179 hoc
843 3124 984 3179 est:
1031 3115 1132 3177 ‘in
1164 3115 1455 3179 deterius
1486 3135 1716 3178 uersus
1754 3123 1876 3194 est,
1909 3124 2127 3181 totum
2160 3138 2231 3182 se
2274 3117 2558 3200 negotiis
2588 3119 2958 3201 praesentis

538 3222 717 3287 uitae
736 3219 1115 3303 implican53
1136 3219 1151 3245 '
1182 3217 1311 3282 hoc
1341 3219 1519 3282 enim
1550 3219 1713 3284 dicit
1746 3222 2113 3302 praesentis
2141 3221 2388 3285 saeculi
2420 3221 2957 3287 delectationem.

635 3447 664 3482 α
700 3433 888 3483 luctum
916 3430 1031 3495 (for
1044 3427 1253 3494 lucrum)
1282 3429 1353 3480 C*
1369 3431 1437 3480 H
1499 3432 1685 3481 luctam
1706 3448 1737 3481 r
1969 3447 1998 3495 3
2033 3432 2244 3482 uoluerit
2262 3431 2330 3481 H
2548 3444 2576 3495 5
2612 3440 2780 3482 autem
2801 3448 2879 3483 om
2897 3433 2968 3482 H

538 3513 570 3561 8
603 3528 705 3563 non
741 3512 858 3576 (fir
888 3509 1040 3575 nunc)
1082 3510 1230 3560 CH:
1260 3525 1339 3559 om
1374 3509 1438 3575 νΙ
1469 3511 1697 3561 laborare
1735 3510 1821 3561 C*
1853 3511 1862 3577 Ι
1890 3513 2130 3562 miraculo
2163 3528 2196 3561 r
2463 3526 2495 3579 9
2527 3512 2652 3562 dixit
2687 3513 2782 3575 [2⁰]
2814 3530 2892 3562 om
2927 3528 2961 3561 r

546 3605 598 3642 ιι
637 3591 681 3641 si
712 3606 815 3640 nou
837 3606 950 3641 eam
978 3590 1096 3639 CH
1143 3591 1185 3640 si
1207 3605 1269 3640 ea
1289 3606 1323 3639 r
1457 3606 1513 3641 12
1548 3592 1763 3644 salutare
1782 3592 1936 3644 C·H
2051 3609 2108 3657 ¹4
2140 3594 2524 3644 consumansll
2644 3608 2660 3643 ι
2672 3608 2699 3658 5
2733 3610 2877 3644 suum
2901 3595 2972 3644 H

539 3690 630 3725 sua
651 3690 685 3723 r
792 3711 797 3715 .
881 3675 940 3724 18
972 3680 1047 3722 est
1072 3670 1171 3737 (ast
1188 3672 1447 3738 dilectum)
1469 3675 1575 3723 add
1595 3675 1642 3725 C
1806 3690 1865 3742 19
1897 3676 1964 3726 ad
1986 3691 2067 3726 me
2089 3691 2138 3727 u.
2168 3692 2202 3725 r
2328 3691 2394 3727 20
2425 3691 2553 3742 quae
2571 3676 2813 3742 (sor-qua)
2843 3677 2970 3727 CH

543 3772 605 3807 αα
630 3754 963 3806 Thesalonica
984 3754 1054 3804 H

618 3947 636 3980 1
650 3946 693 3981 ι.
750 3929 979 3979 caritatis
1003 3944 1120 3978 uero
1140 3935 1330 3993 tempus
1350 3929 1442 3991 est]
1475 3927 1559 3980 Sc.
1581 3946 1702 3980 sem·
1804 3930 2066 3981 unbroken
2089 3946 2259 3996 peace,
2280 3930 2408 3980 shall
2432 3930 2581 3982 suffer
2602 3947 2669 3981 no
2691 3931 2807 3993 loss,
2829 3931 2958 3982 shall

536 4024 646 4081 per,
673 4013 839 4063 which
862 4011 1079 4077 perhaps
1100 4011 1192 4061 has
1225 4011 1379 4061 fallen
1411 4020 1498 4062 out
1533 4013 1705 4064 before
1804 4022 1893 4063 not
1917 4015 1981 4064 be
2003 4014 2193 4063 robbed
2216 4013 2275 4063 of
2297 4014 2375 4063 his
2396 4014 2602 4075 reward,
2627 4014 2844 4078 through
2875 4014 2962 4065 the

545 4101 749 4158 tempus.
818 4093 901 4143 Cs.
937 4092 1121 4142 Thdhz
1171 4090 1364 4154 ἀγάπης
1404 4094 1504 4156 γὰρ
1546 4092 1707 4156 καιρὸς
1806 4095 2034 4147 accident
2069 4096 2129 4146 of
2164 4096 2243 4147 his
2285 4097 2472 4161 having
2513 4096 2643 4145 been
2686 4094 2788 4144 free
2831 4094 2960 4145 from

544 4174 638 4226 «iel.
1806 4173 2040 4225 conflict.’
2104 4176 2386 4241 Adsequens
2420 4177 2511 4237 (sc.
2543 4174 2963 4240 m‘e)=adseque-

612 4259 662 4308 si
692 4274 832 4308 nunc
872 4273 998 4315 cam,
1040 4257 1155 4319 δια]
1236 4258 1332 4308 See
1370 4274 1448 4310 vv.
1471 4259 1525 4307 ll.
1591 4258 1705 4308 The
1805 4266 1899 4307 tur.

549 4354 692 4391 sense
712 4354 873 4389 seems
900 4346 953 4388 to
986 4338 1080 4389 be:
1117 4344 1130 4365 ⁴
1147 4338 1213 4389 he
1246 4338 1379 4395 who,
1395 4339 1705 4390 endeavours
1871 4355 1951 4390 αι.
1992 4348 2229 4404 praesens
2247 4335 2669 4400 saeculum1=r67
2692 4338 2775 4387 νῦν
2796 4339 2962 4389 αἰῶνα.

551 4431 605 4473 to
626 4421 866 4471 maintain
889 4421 967 4470 his
990 4420 1163 4485 loving
1188 4422 1501 4485 expectation
1534 4421 1594 4471 of
1619 4422 1705 4472 the
1807 4421 1955 4471 Latin
2001 4421 2236 4482 versions,
2288 4426 2319 4449 ‘⁸
2335 4421 2432 4473 hoc
2486 4418 2790 4472 saeculum.''
2880 4423 2965 4472 On

552 4501 733 4555 Lord's
774 4503 1061 4570 appearing
1103 4503 1408 4568 throughout
1449 4518 1482 4553 a
1526 4502 1610 4552 life
1654 4503 1713 4553 os
1807 4504 1922 4554 αἰών
1942 4519 2025 4554 see
2047 4514 2085 4552 1.
2109 4519 2159 4569 p.
2187 4518 2214 4568 5
2239 4518 2313 4568 sq.
