<?xml version="1.0" encoding="UTF-8"?>
<!DOCTYPE html PUBLIC "-//W3C//DTD XHTML 1.0 Transitional//EN"
    "http://www.w3.org/TR/xhtml1/DTD/xhtml1-transitional.dtd">
<html xmlns="http://www.w3.org/1999/xhtml" xml:lang="en" lang="en">
 <head>
  <title>
</title>
<meta http-equiv="Content-Type" content="text/html;charset=utf-8" />
  <meta name='ocr-system' content='tesseract 3.04.00' />
  <meta name='ocr-capabilities' content='ocr_page ocr_carea ocr_par ocr_line ocrx_word'/>
</head>
<body>
  <div class='ocr_page' id='page_1' title='image "./theodoriepiscop02swetgoog_0097.png"; bbox 0 0 3221 5116; ppageno 0'>
   <div class='ocr_carea' id='block_1_1' title="bbox 491 328 2916 419">
    <p class='ocr_par' dir='ltr' id='par_1_1' title="bbox 491 328 2916 419">
     <span class='ocr_line' id='line_1_1' title="bbox 491 328 2916 419; baseline -0.001 -17"><span class='ocrx_word' id='word_1_1' title='bbox 491 328 575 393; x_wconf 90' lang='lat'><strong>86</strong></span> <span class='ocrx_word' id='word_1_2' title='bbox 1155 346 1612 402; x_wconf 75' lang='lat' dir='ltr'><strong>‘rflssonoRus</strong></span> <span class='ocrx_word' id='word_1_3' title='bbox 1661 346 2247 400; x_wconf 81' lang='lat' dir='ltr'><strong>MOPSUESTENUS</strong></span> <span class='ocrx_word' id='word_1_4' title='bbox 2609 335 2728 419; x_wconf 90' lang='grc' dir='ltr'><strong>[ΙΙ.</strong></span> <span class='ocrx_word' id='word_1_5' title='bbox 2770 353 2821 412; x_wconf 90' lang='lat'><strong>1,</strong></span> <span class='ocrx_word' id='word_1_6' title='bbox 2856 349 2916 399; x_wconf 89' lang='lat'><strong>2.</strong></span> 
     </span>
    </p>
   </div>
   <div class='ocr_carea' id='block_1_2' title="bbox 427 517 2946 1430">
    <p class='ocr_par' dir='ltr' id='par_1_2' title="bbox 427 517 2946 1430">
     <span class='ocr_line' id='line_1_2' title="bbox 493 517 2924 605; baseline 0.001 -25"><span class='ocrx_word' id='word_1_7' title='bbox 493 517 894 584; x_wconf 82' lang='lat' dir='ltr'>sustinemus</span> <span class='ocrx_word' id='word_1_8' title='bbox 926 521 1012 585; x_wconf 92' lang='lat' dir='ltr'><strong>ad</strong></span> <span class='ocrx_word' id='word_1_9' title='bbox 1046 521 1270 586; x_wconf 92' lang='lat' dir='ltr'><strong>Deum</strong></span> <span class='ocrx_word' id='word_1_10' title='bbox 1302 540 1647 597; x_wconf 89' lang='lat' dir='ltr'><strong>recurrere,</strong></span> <span class='ocrx_word' id='word_1_11' title='bbox 1680 519 1793 605; x_wconf 89' lang='lat' dir='ltr'><strong>qui</strong></span> <span class='ocrx_word' id='word_1_12' title='bbox 1833 529 2073 603; x_wconf 91' lang='lat' dir='ltr'><strong>potens</strong></span> <span class='ocrx_word' id='word_1_13' title='bbox 2103 529 2205 585; x_wconf 90' lang='lat' dir='ltr'><strong>est</strong></span> <span class='ocrx_word' id='word_1_14' title='bbox 2235 540 2357 584; x_wconf 90' lang='lat' dir='ltr'><strong>suo</strong></span> <span class='ocrx_word' id='word_1_15' title='bbox 2386 518 2642 584; x_wconf 90' lang='lat' dir='ltr'><strong>auxilio</strong></span> <span class='ocrx_word' id='word_1_16' title='bbox 2679 519 2924 583; x_wconf 91' lang='lat' dir='ltr'><strong>sedare</strong></span> 
     </span>
     <span class='ocr_line' id='line_1_3' title="bbox 493 620 2923 707; baseline 0.002 -25"><span class='ocrx_word' id='word_1_17' title='bbox 493 620 801 685; x_wconf 89' lang='lat' dir='ltr'><strong>uniuersa</strong></span> <span class='ocrx_word' id='word_1_18' title='bbox 841 622 953 687; x_wconf 91' lang='lat' dir='ltr'><strong>illa</strong></span> <span class='ocrx_word' id='word_1_19' title='bbox 998 644 1171 707; x_wconf 92' lang='lat' dir='ltr'><strong>quae</strong></span> <span class='ocrx_word' id='word_1_20' title='bbox 1215 625 1301 688; x_wconf 91' lang='lat' dir='ltr'><strong>ad</strong></span> <span class='ocrx_word' id='word_1_21' title='bbox 1345 634 1644 688; x_wconf 89' lang='lat' dir='ltr'><strong>nostram</strong></span> <span class='ocrx_word' id='word_1_22' title='bbox 1691 624 2027 706; x_wconf 86' lang='lat' dir='ltr'><strong>pertinent</strong></span> <span class='ocrx_word' id='word_1_23' title='bbox 2074 622 2469 687; x_wconf 87' lang='lat' dir='ltr'><strong>molestiam.</strong></span> <span class='ocrx_word' id='word_1_24' title='bbox 2558 621 2687 686; x_wconf 90' lang='lat' dir='ltr'><strong>hoc</strong></span> <span class='ocrx_word' id='word_1_25' title='bbox 2726 628 2923 707; x_wconf 90' lang='lat' dir='ltr'><strong>‘pos-</strong></span> 
     </span>
     <span class='ocr_line' id='line_1_4' title="bbox 494 725 2925 809; baseline -0.001 -19"><span class='ocrx_word' id='word_1_26' title='bbox 494 725 915 790; x_wconf 90' lang='lat' dir='ltr'><strong>tulationem’</strong></span> <span class='ocrx_word' id='word_1_27' title='bbox 957 727 1153 802; x_wconf 83' lang='lat' dir='ltr'><strong>dixit,</strong></span> <span class='ocrx_word' id='word_1_28' title='bbox 1195 746 1278 789; x_wconf 93' lang='lat' dir='ltr'><strong>eo</strong></span> <span class='ocrx_word' id='word_1_29' title='bbox 1316 725 1497 807; x_wconf 92' lang='lat' dir='ltr'><strong>quod</strong></span> <span class='ocrx_word' id='word_1_30' title='bbox 1542 746 1662 808; x_wconf 88' lang='lat' dir='ltr'><strong>pro</strong></span> <span class='ocrx_word' id='word_1_31' title='bbox 1709 725 1839 788; x_wconf 92' lang='lat' dir='ltr'><strong>illis</strong></span> <span class='ocrx_word' id='word_1_32' title='bbox 1884 745 2057 808; x_wconf 92' lang='lat' dir='ltr'><strong>quae</strong></span> <span class='ocrx_word' id='word_1_33' title='bbox 2102 726 2295 790; x_wconf 90' lang='lat' dir='ltr'><strong>nobis</strong></span> <span class='ocrx_word' id='word_1_34' title='bbox 2339 735 2715 809; x_wconf 85' lang='lat' dir='ltr'><strong>repugnant</strong></span> <span class='ocrx_word' id='word_1_35' title='bbox 2764 726 2925 788; x_wconf 93' lang='lat' dir='ltr'><strong>Deo</strong></span> 
     </span>
     <span class='ocr_line' id='line_1_5' title="bbox 495 829 2923 913; baseline 0 -21"><span class='ocrx_word' id='word_1_36' title='bbox 495 831 861 894; x_wconf 89' lang='lat' dir='ltr'><strong>orationem</strong></span> <span class='ocrx_word' id='word_1_37' title='bbox 895 830 1173 893; x_wconf 87' lang='lat' dir='ltr'><strong>adsidue</strong></span> <span class='ocrx_word' id='word_1_38' title='bbox 1204 830 1449 894; x_wconf 87' lang='lat' dir='ltr'><strong>factam</strong></span> <span class='ocrx_word' id='word_1_39' title='bbox 1484 831 1726 894; x_wconf 89' lang='lat' dir='ltr'><strong>uiduae</strong></span> <span class='ocrx_word' id='word_1_40' title='bbox 1757 829 2183 906; x_wconf 90' lang='lat' dir='ltr'><strong>adsimilauit‚</strong></span> <span class='ocrx_word' id='word_1_41' title='bbox 2216 851 2387 913; x_wconf 89' lang='lat' dir='ltr'><strong>quae</strong></span> <span class='ocrx_word' id='word_1_42' title='bbox 2426 831 2511 893; x_wconf 89' lang='lat' dir='ltr'><strong>ab</strong></span> <span class='ocrx_word' id='word_1_43' title='bbox 2553 829 2923 895; x_wconf 86' lang='lat' dir='ltr'><strong>aduersarii</strong></span> 
     </span>
     <span class='ocr_line' id='line_1_6' title="bbox 427 932 2923 1015; baseline -0.001 -19"><span class='ocrx_word' id='word_1_44' title='bbox 427 946 459 1012; x_wconf 83' lang='lat'>5</span> <span class='ocrx_word' id='word_1_45' title='bbox 497 935 798 1015; x_wconf 91' lang='lat' dir='ltr'><strong>potentia</strong></span> <span class='ocrx_word' id='word_1_46' title='bbox 862 954 934 996; x_wconf 92' lang='lat' dir='ltr'><strong>se</strong></span> <span class='ocrx_word' id='word_1_47' title='bbox 999 932 1260 996; x_wconf 89' lang='lat' dir='ltr'><strong>liberari</strong></span> <span class='ocrx_word' id='word_1_48' title='bbox 1321 932 1727 1013; x_wconf 88' lang='lat' dir='ltr'><strong>postulabat.</strong></span> <span class='ocrx_word' id='word_1_49' title='bbox 1847 952 2005 996; x_wconf 89' lang='lat' dir='ltr'><strong>nam</strong></span> <span class='ocrx_word' id='word_1_50' title='bbox 2070 932 2226 1015; x_wconf 91' lang='lat' dir='ltr'><strong>quia</strong></span> <span class='ocrx_word' id='word_1_51' title='bbox 2286 932 2463 996; x_wconf 86' lang='lat' dir='ltr'><strong>dixit</strong></span> <span class='ocrx_word' id='word_1_52' title='bbox 2515 933 2923 1012; x_wconf 88' lang='lat' dir='ltr'><strong>‘gratiarum</strong></span> 
     </span>
     <span class='ocr_line' id='line_1_7' title="bbox 495 1034 2926 1119; baseline -0.001 -21"><span class='ocrx_word' id='word_1_53' title='bbox 495 1035 865 1113; x_wconf 88' lang='lat' dir='ltr'><strong>actionem,’</strong></span> <span class='ocrx_word' id='word_1_54' title='bbox 914 1036 1190 1099; x_wconf 89' lang='lat' dir='ltr'><strong>euidens</strong></span> <span class='ocrx_word' id='word_1_55' title='bbox 1244 1046 1347 1101; x_wconf 91' lang='lat' dir='ltr'><strong>est</strong></span> <span class='ocrx_word' id='word_1_56' title='bbox 1399 1037 1716 1119; x_wconf 89' lang='lat' dir='ltr'><strong>quoniam</strong></span> <span class='ocrx_word' id='word_1_57' title='bbox 1777 1036 2023 1100; x_wconf 88' lang='lat' dir='ltr'><strong>habere</strong></span> <span class='ocrx_word' id='word_1_58' title='bbox 2073 1036 2285 1118; x_wconf 84' lang='lat' dir='ltr'><strong>possit</strong></span> <span class='ocrx_word' id='word_1_59' title='bbox 2334 1036 2777 1099; x_wconf 87' lang='lat' dir='ltr'><strong>differentiam</strong></span> <span class='ocrx_word' id='word_1_60' title='bbox 2831 1034 2926 1097; x_wconf 91' lang='lat' dir='ltr'><strong>ab</strong></span> 
     </span>
     <span class='ocr_line' id='line_1_8' title="bbox 495 1139 2946 1222; baseline 0.001 -23"><span class='ocrx_word' id='word_1_61' title='bbox 495 1139 822 1215; x_wconf 48' lang='lat' dir='ltr'><strong>oratione,*</strong></span> <span class='ocrx_word' id='word_1_62' title='bbox 866 1140 1181 1222; x_wconf 90' lang='lat' dir='ltr'><strong>quoniam</strong></span> <span class='ocrx_word' id='word_1_63' title='bbox 1247 1140 1437 1204; x_wconf 89' lang='lat' dir='ltr'><strong>aliter</strong></span> <span class='ocrx_word' id='word_1_64' title='bbox 1488 1139 1760 1222; x_wconf 91' lang='lat' dir='ltr'><strong>quidem</strong></span> <span class='ocrx_word' id='word_1_65' title='bbox 1815 1140 2337 1222; x_wconf 83' lang='lat' dir='ltr'><strong>postulationem</strong></span> <span class='ocrx_word' id='word_1_66' title='bbox 2391 1140 2595 1203; x_wconf 90' lang='lat' dir='ltr'><strong>habet</strong></span> <span class='ocrx_word' id='word_1_67' title='bbox 2648 1140 2946 1203; x_wconf 79' lang='lat' dir='ltr'><strong>illorum‘</strong></span> 
     </span>
     <span class='ocr_line' id='line_1_9' title="bbox 496 1242 2925 1328; baseline -0 -23"><span class='ocrx_word' id='word_1_68' title='bbox 496 1263 669 1326; x_wconf 89' lang='lat' dir='ltr'><strong>quae</strong></span> <span class='ocrx_word' id='word_1_69' title='bbox 716 1245 961 1308; x_wconf 91' lang='lat' dir='ltr'><strong>desunt</strong></span> <span class='ocrx_word' id='word_1_70' title='bbox 1009 1245 1075 1307; x_wconf 91' lang='lat' dir='ltr'><strong>in</strong></span> <span class='ocrx_word' id='word_1_71' title='bbox 1130 1265 1253 1307; x_wconf 91' lang='lat' dir='ltr'><strong>usu</strong></span> <span class='ocrx_word' id='word_1_72' title='bbox 1278 1266 1294 1322; x_wconf 84' lang='lat'><em>3</em></span> <span class='ocrx_word' id='word_1_73' title='bbox 1365 1245 1728 1328; x_wconf 87' lang='lat' dir='ltr'><strong>gratiarum</strong></span> <span class='ocrx_word' id='word_1_74' title='bbox 1783 1265 1942 1307; x_wconf 92' lang='lat' dir='ltr'><strong>uero</strong></span> <span class='ocrx_word' id='word_1_75' title='bbox 1995 1245 2171 1307; x_wconf 90' lang='lat' dir='ltr'><strong>actio</strong></span> <span class='ocrx_word' id='word_1_76' title='bbox 2225 1265 2345 1327; x_wconf 92' lang='lat' dir='ltr'><strong>pro</strong></span> <span class='ocrx_word' id='word_1_77' title='bbox 2397 1242 2503 1307; x_wconf 92' lang='lat' dir='ltr'><strong>his</strong></span> <span class='ocrx_word' id='word_1_78' title='bbox 2557 1264 2730 1325; x_wconf 90' lang='lat' dir='ltr'><strong>quae</strong></span> <span class='ocrx_word' id='word_1_79' title='bbox 2784 1243 2925 1305; x_wconf 89' lang='lat' dir='ltr'><strong>iam</strong></span> 
     </span>
     <span class='ocr_line' id='line_1_10' title="bbox 498 1345 2928 1430; baseline -0 -21"><span class='ocrx_word' id='word_1_80' title='bbox 498 1348 817 1429; x_wconf 90' lang='lat' dir='ltr'><strong>praestita</strong></span> <span class='ocrx_word' id='word_1_81' title='bbox 868 1357 1026 1411; x_wconf 89' lang='lat' dir='ltr'><strong>sunt</strong></span> <span class='ocrx_word' id='word_1_82' title='bbox 1084 1347 1379 1412; x_wconf 88' lang='lat' dir='ltr'><strong>efficitur.</strong></span> <span class='ocrx_word' id='word_1_83' title='bbox 1492 1356 1560 1411; x_wconf 89' lang='lat' dir='ltr'><strong>et</strong></span> <span class='ocrx_word' id='word_1_84' title='bbox 1604 1368 1726 1430; x_wconf 89' lang='lat' dir='ltr'><strong>pro</strong></span> <span class='ocrx_word' id='word_1_85' title='bbox 1788 1348 2029 1429; x_wconf 90' lang='lat' dir='ltr'><strong>quibus</strong></span> <span class='ocrx_word' id='word_1_86' title='bbox 2089 1346 2255 1411; x_wconf 89' lang='lat' dir='ltr'><strong>haec</strong></span> <span class='ocrx_word' id='word_1_87' title='bbox 2315 1345 2454 1410; x_wconf 90' lang='lat' dir='ltr'><strong>fieri</strong></span> <span class='ocrx_word' id='word_1_88' title='bbox 2515 1346 2928 1411; x_wconf 89' lang='lat' dir='ltr'><strong>conueniant</strong></span> 
     </span>
    </p>
   </div>
   <div class='ocr_carea' id='block_1_3' title="bbox 302 1444 788 1517">
    <p class='ocr_par' dir='ltr' id='par_1_3' title="bbox 302 1444 788 1517">
     <span class='ocr_line' id='line_1_11' title="bbox 302 1444 788 1517; baseline 0.002 -4"><span class='ocrx_word' id='word_1_89' title='bbox 302 1444 309 1450; x_wconf 74' lang='grc'><strong>’</strong></span> <span class='ocrx_word' id='word_1_90' title='bbox 394 1467 474 1517; x_wconf 89' lang='lat'><strong>10</strong></span> <span class='ocrx_word' id='word_1_91' title='bbox 499 1450 748 1514; x_wconf 89' lang='lat' dir='ltr'><strong>docens</strong></span> <span class='ocrx_word' id='word_1_92' title='bbox 773 1470 788 1514; x_wconf 72' lang='grc' dir='ltr'>ε</span> 
     </span>
    </p>
   </div>
   <div class='ocr_carea' id='block_1_4' title="bbox 616 1583 1475 1668">
    <p class='ocr_par' dir='ltr' id='par_1_4' title="bbox 616 1583 1475 1668">
     <span class='ocr_line' id='line_1_12' title="bbox 616 1583 1475 1668; baseline 0 -20"><span class='ocrx_word' id='word_1_93' title='bbox 616 1597 744 1668; x_wconf 81' lang='lat' dir='ltr'><strong>pro</strong></span> <span class='ocrx_word' id='word_1_94' title='bbox 772 1583 1068 1647; x_wconf 80' lang='lat' dir='ltr'><strong>omnibus</strong></span> <span class='ocrx_word' id='word_1_95' title='bbox 1094 1583 1475 1648; x_wconf 73' lang='lat' dir='ltr'><strong>hominibus,</strong></span> 
     </span>
    </p>
   </div>
   <div class='ocr_carea' id='block_1_5' title="bbox 500 1711 2926 2002">
    <p class='ocr_par' dir='ltr' id='par_1_5' title="bbox 500 1711 2926 2002">
     <span class='ocr_line' id='line_1_13' title="bbox 633 1711 2926 1795; baseline 0.001 -20"><span class='ocrx_word' id='word_1_96' title='bbox 633 1712 702 1776; x_wconf 90' lang='lat' dir='ltr'><strong>in</strong></span> <span class='ocrx_word' id='word_1_97' title='bbox 732 1731 1089 1776; x_wconf 90' lang='lat' dir='ltr'><strong>commune</strong></span> <span class='ocrx_word' id='word_1_98' title='bbox 1104 1724 1229 1795; x_wconf 86' lang='lat' dir='ltr'><strong>pro</strong></span> <span class='ocrx_word' id='word_1_99' title='bbox 1259 1712 1556 1776; x_wconf 80' lang='lat' dir='ltr'><strong>omnibus</strong></span> <span class='ocrx_word' id='word_1_100' title='bbox 1584 1711 1952 1777; x_wconf 72' lang='lat' dir='ltr'><strong>hominibus</strong></span> <span class='ocrx_word' id='word_1_101' title='bbox 1980 1712 2225 1777; x_wconf 92' lang='lat' dir='ltr'><strong>debere</strong></span> <span class='ocrx_word' id='word_1_102' title='bbox 2268 1734 2383 1777; x_wconf 92' lang='lat' dir='ltr'><strong>eos</strong></span> <span class='ocrx_word' id='word_1_103' title='bbox 2416 1712 2739 1777; x_wconf 88' lang='lat' dir='ltr'><strong>sollicitos</strong></span> <span class='ocrx_word' id='word_1_104' title='bbox 2772 1732 2926 1777; x_wconf 89' lang='lat' dir='ltr'><strong>esse</strong></span> 
     </span>
     <span class='ocr_line' id='line_1_14' title="bbox 500 1814 2923 1899; baseline 0.001 -20"><span class='ocrx_word' id='word_1_105' title='bbox 500 1815 839 1899; x_wconf 86' lang='lat' dir='ltr'><strong>praecipit.</strong></span> <span class='ocrx_word' id='word_1_106' title='bbox 906 1835 1060 1877; x_wconf 88' lang='lat' dir='ltr'><strong>nam</strong></span> <span class='ocrx_word' id='word_1_107' title='bbox 1094 1817 1148 1878; x_wconf 92' lang='lat' dir='ltr'><strong>is</strong></span> <span class='ocrx_word' id='word_1_108' title='bbox 1180 1817 1291 1899; x_wconf 90' lang='lat' dir='ltr'><strong>qui</strong></span> <span class='ocrx_word' id='word_1_109' title='bbox 1325 1836 1446 1898; x_wconf 90' lang='lat' dir='ltr'><strong>pro</strong></span> <span class='ocrx_word' id='word_1_110' title='bbox 1476 1816 1787 1879; x_wconf 89' lang='lat' dir='ltr'><strong>omnibus</strong></span> <span class='ocrx_word' id='word_1_111' title='bbox 1817 1814 2198 1878; x_wconf 90' lang='lat' dir='ltr'><strong>hominibus</strong></span> <span class='ocrx_word' id='word_1_112' title='bbox 2229 1816 2357 1879; x_wconf 87' lang='lat' dir='ltr'><strong>hoc</strong></span> <span class='ocrx_word' id='word_1_113' title='bbox 2388 1816 2602 1878; x_wconf 87' lang='lat' dir='ltr'><strong>facere</strong></span> <span class='ocrx_word' id='word_1_114' title='bbox 2635 1816 2923 1895; x_wconf 87' lang='lat' dir='ltr'><strong>iubetur,</strong></span> 
     </span>
     <span class='ocr_line' id='line_1_15' title="bbox 504 1918 2926 2002; baseline -0 -18"><span class='ocrx_word' id='word_1_115' title='bbox 504 1920 779 1984; x_wconf 90' lang='lat' dir='ltr'><strong>euidens</strong></span> <span class='ocrx_word' id='word_1_116' title='bbox 830 1928 932 1983; x_wconf 89' lang='lat' dir='ltr'><strong>est</strong></span> <span class='ocrx_word' id='word_1_117' title='bbox 968 1919 1282 2002; x_wconf 88' lang='lat' dir='ltr'><strong>quoniam</strong></span> <span class='ocrx_word' id='word_1_118' title='bbox 1329 1929 1398 1983; x_wconf 90' lang='lat' dir='ltr'><strong>et</strong></span> <span class='ocrx_word' id='word_1_119' title='bbox 1442 1940 1562 2002; x_wconf 89' lang='lat' dir='ltr'><strong>pro</strong></span> <span class='ocrx_word' id='word_1_120' title='bbox 1608 1920 1920 1983; x_wconf 91' lang='lat' dir='ltr'><strong>omnibus</strong></span> <span class='ocrx_word' id='word_1_121' title='bbox 1971 1918 2488 1983; x_wconf 89' lang='lat' dir='ltr'><strong>sollicitudinem</strong></span> <span class='ocrx_word' id='word_1_122' title='bbox 2534 1921 2926 2001; x_wconf 86' lang='lat' dir='ltr'><strong>expendere</strong></span> 
     </span>
    </p>
   </div>
   <div class='ocr_carea' id='block_1_6' title="bbox 397 2023 2928 2191">
    <p class='ocr_par' dir='ltr' id='par_1_6' title="bbox 397 2023 2928 2191">
     <span class='ocr_line' id='line_1_16' title="bbox 397 2023 2928 2106; baseline 0 -18"><span class='ocrx_word' id='word_1_123' title='bbox 397 2038 469 2105; x_wconf 81' lang='lat'><strong>15</strong></span> <span class='ocrx_word' id='word_1_124' title='bbox 504 2024 780 2088; x_wconf 89' lang='lat' dir='ltr'><strong>iubetur.</strong></span> <span class='ocrx_word' id='word_1_125' title='bbox 869 2024 1112 2086; x_wconf 89' lang='lat' dir='ltr'><strong>deinde</strong></span> <span class='ocrx_word' id='word_1_126' title='bbox 1142 2023 1228 2087; x_wconf 91' lang='lat' dir='ltr'><strong>ad</strong></span> <span class='ocrx_word' id='word_1_127' title='bbox 1262 2023 1372 2085; x_wconf 92' lang='lat' dir='ltr'><strong>illa</strong></span> <span class='ocrx_word' id='word_1_128' title='bbox 1405 2044 1577 2106; x_wconf 90' lang='lat' dir='ltr'><strong>quae</strong></span> <span class='ocrx_word' id='word_1_129' title='bbox 1608 2043 1870 2087; x_wconf 90' lang='lat' dir='ltr'><strong>summa</strong></span> <span class='ocrx_word' id='word_1_130' title='bbox 1902 2043 2046 2085; x_wconf 90' lang='lat' dir='ltr'><strong>esse</strong></span> <span class='ocrx_word' id='word_1_131' title='bbox 2076 2024 2390 2089; x_wconf 89' lang='lat' dir='ltr'><strong>uidentur</strong></span> <span class='ocrx_word' id='word_1_132' title='bbox 2413 2024 2584 2088; x_wconf 90' lang='lat' dir='ltr'><strong>inter</strong></span> <span class='ocrx_word' id='word_1_133' title='bbox 2612 2025 2928 2089; x_wconf 90' lang='lat' dir='ltr'><strong>homines</strong></span> 
     </span>
     <span class='ocr_line' id='line_1_17' title="bbox 503 2125 778 2191; baseline -0.004 0"><span class='ocrx_word' id='word_1_134' title='bbox 503 2125 778 2191; x_wconf 85' lang='lat' dir='ltr'><strong>transit:</strong></span> 
     </span>
    </p>
   </div>
   <div class='ocr_carea' id='block_1_7' title="bbox 620 2261 2614 2472">
    <p class='ocr_par' dir='ltr' id='par_1_7' title="bbox 620 2261 2614 2472">
     <span class='ocr_line' id='line_1_18' title="bbox 620 2261 2614 2347; baseline 0.002 -22"><span class='ocrx_word' id='word_1_135' title='bbox 620 2274 745 2346; x_wconf 86' lang='lat' dir='ltr'><strong>pro</strong></span> <span class='ocrx_word' id='word_1_136' title='bbox 775 2262 1030 2347; x_wconf 80' lang='lat' dir='ltr'><strong>regibus</strong></span> <span class='ocrx_word' id='word_1_137' title='bbox 1061 2261 1327 2347; x_wconf 90' lang='lat' dir='ltr'><strong>(inquit)</strong></span> <span class='ocrx_word' id='word_1_138' title='bbox 1358 2272 1421 2325; x_wconf 86' lang='lat' dir='ltr'><strong>et</strong></span> <span class='ocrx_word' id='word_1_139' title='bbox 1446 2261 1744 2326; x_wconf 83' lang='lat' dir='ltr'><strong>omnibus</strong></span> <span class='ocrx_word' id='word_1_140' title='bbox 1773 2262 1891 2345; x_wconf 83' lang='lat' dir='ltr'><strong>qui</strong></span> <span class='ocrx_word' id='word_1_141' title='bbox 1919 2263 1987 2326; x_wconf 86' lang='lat' dir='ltr'><strong>in</strong></span> <span class='ocrx_word' id='word_1_142' title='bbox 2016 2262 2418 2328; x_wconf 83' lang='lat' dir='ltr'><strong>sublimitate</strong></span> <span class='ocrx_word' id='word_1_143' title='bbox 2443 2274 2614 2329; x_wconf 84' lang='lat' dir='ltr'><strong>sunt.</strong></span> 
     </span>
     <span class='ocr_line' id='line_1_19' title="bbox 638 2388 2404 2472; baseline 0.001 -20"><span class='ocrx_word' id='word_1_144' title='bbox 638 2400 705 2453; x_wconf 92' lang='lat' dir='ltr'><strong>et</strong></span> <span class='ocrx_word' id='word_1_145' title='bbox 736 2389 1094 2453; x_wconf 90' lang='lat' dir='ltr'><strong>ostendens</strong></span> <span class='ocrx_word' id='word_1_146' title='bbox 1126 2389 1443 2472; x_wconf 90' lang='lat' dir='ltr'><strong>quoniam</strong></span> <span class='ocrx_word' id='word_1_147' title='bbox 1475 2399 1543 2452; x_wconf 90' lang='lat' dir='ltr'><strong>et</strong></span> <span class='ocrx_word' id='word_1_148' title='bbox 1574 2388 1701 2451; x_wconf 93' lang='lat' dir='ltr'><strong>hoc</strong></span> <span class='ocrx_word' id='word_1_149' title='bbox 1732 2388 1987 2453; x_wconf 90' lang='lat' dir='ltr'><strong>lucrum</strong></span> <span class='ocrx_word' id='word_1_150' title='bbox 2021 2390 2106 2453; x_wconf 92' lang='lat' dir='ltr'><strong>sit</strong></span> <span class='ocrx_word' id='word_1_151' title='bbox 2138 2410 2364 2454; x_wconf 89' lang='lat' dir='ltr'><strong>eorum</strong></span> <span class='ocrx_word' id='word_1_152' title='bbox 2391 2414 2404 2453; x_wconf 71' lang='grc' dir='ltr'><strong>ε</strong></span> 
     </span>
    </p>
   </div>
   <div class='ocr_carea' id='block_1_8' title="bbox 398 2524 2940 2713">
    <p class='ocr_par' dir='ltr' id='par_1_8' title="bbox 398 2524 2940 2713">
     <span class='ocr_line' id='line_1_20' title="bbox 638 2524 2940 2611; baseline 0.002 -22"><span class='ocrx_word' id='word_1_153' title='bbox 638 2535 715 2589; x_wconf 83' lang='lat' dir='ltr'><strong>ut</strong></span> <span class='ocrx_word' id='word_1_154' title='bbox 762 2524 1044 2608; x_wconf 81' lang='lat' dir='ltr'><strong>quietam</strong></span> <span class='ocrx_word' id='word_1_155' title='bbox 1094 2524 1359 2609; x_wconf 89' lang='lat' dir='ltr'><strong>(inquit)</strong></span> <span class='ocrx_word' id='word_1_156' title='bbox 1409 2533 1474 2589; x_wconf 84' lang='lat' dir='ltr'><strong>et</strong></span> <span class='ocrx_word' id='word_1_157' title='bbox 1517 2525 1943 2607; x_wconf 83' lang='lat' dir='ltr'><strong>tranquillam</strong></span> <span class='ocrx_word' id='word_1_158' title='bbox 1990 2526 2199 2591; x_wconf 80' lang='lat' dir='ltr'><strong>uitam</strong></span> <span class='ocrx_word' id='word_1_159' title='bbox 2243 2548 2522 2611; x_wconf 81' lang='lat' dir='ltr'><strong>agamus</strong></span> <span class='ocrx_word' id='word_1_160' title='bbox 2559 2548 2703 2592; x_wconf 87' lang='lat' dir='ltr'><strong>cum</strong></span> <span class='ocrx_word' id='word_1_161' title='bbox 2747 2527 2940 2594; x_wconf 80' lang='lat' dir='ltr'><strong>omni</strong></span> 
     </span>
     <span class='ocr_line' id='line_1_21' title="bbox 398 2629 1203 2713; baseline 0 -18"><span class='ocrx_word' id='word_1_162' title='bbox 398 2646 483 2695; x_wconf 87' lang='lat'><strong>20</strong></span> <span class='ocrx_word' id='word_1_163' title='bbox 496 2629 738 2713; x_wconf 81' lang='lat' dir='ltr'><strong>pietate</strong></span> <span class='ocrx_word' id='word_1_164' title='bbox 764 2639 828 2693; x_wconf 85' lang='lat' dir='ltr'><strong>et</strong></span> <span class='ocrx_word' id='word_1_165' title='bbox 851 2629 1203 2695; x_wconf 81' lang='lat' dir='ltr'><strong>sobrietate.</strong></span> 
     </span>
    </p>
   </div>
   <div class='ocr_carea' id='block_1_9' title="bbox 508 2740 2930 2929">
    <p class='ocr_par' dir='ltr' id='par_1_9' title="bbox 508 2740 2930 2929">
     <span class='ocr_line' id='line_1_22' title="bbox 643 2740 2930 2826; baseline 0.001 -21"><span class='ocrx_word' id='word_1_166' title='bbox 643 2741 734 2805; x_wconf 86' lang='lat' dir='ltr'><strong>‘si</strong></span> <span class='ocrx_word' id='word_1_167' title='bbox 785 2743 962 2805; x_wconf 90' lang='lat' dir='ltr'><strong>enim</strong></span> <span class='ocrx_word' id='word_1_168' title='bbox 1004 2751 1078 2805; x_wconf 92' lang='lat' dir='ltr'><strong>ut</strong></span> <span class='ocrx_word' id='word_1_169' title='bbox 1127 2740 1529 2805; x_wconf 89' lang='lat' dir='ltr'><strong>conueniens</strong></span> <span class='ocrx_word' id='word_1_170' title='bbox 1578 2751 1683 2805; x_wconf 90' lang='lat' dir='ltr'><strong>est</strong></span> <span class='ocrx_word' id='word_1_171' title='bbox 1727 2741 1793 2804; x_wconf 91' lang='lat' dir='ltr'><strong>in</strong></span> <span class='ocrx_word' id='word_1_172' title='bbox 1845 2762 2010 2824; x_wconf 91' lang='lat' dir='ltr'><strong>pace</strong></span> <span class='ocrx_word' id='word_1_173' title='bbox 2053 2742 2144 2806; x_wconf 90' lang='lat' dir='ltr'><strong>illi</strong></span> <span class='ocrx_word' id='word_1_174' title='bbox 2191 2743 2578 2825; x_wconf 87' lang='lat' dir='ltr'><strong>deguerunt,</strong></span> <span class='ocrx_word' id='word_1_175' title='bbox 2610 2744 2930 2826; x_wconf 86' lang='lat' dir='ltr'><strong>possibile</strong></span> 
     </span>
     <span class='ocr_line' id='line_1_23' title="bbox 508 2845 2928 2929; baseline -0 -16"><span class='ocrx_word' id='word_1_176' title='bbox 508 2857 612 2913; x_wconf 89' lang='lat' dir='ltr'><strong>est</strong></span> <span class='ocrx_word' id='word_1_177' title='bbox 665 2856 732 2912; x_wconf 90' lang='lat' dir='ltr'><strong>et</strong></span> <span class='ocrx_word' id='word_1_178' title='bbox 780 2868 901 2912; x_wconf 90' lang='lat' dir='ltr'><strong>nos</strong></span> <span class='ocrx_word' id='word_1_179' title='bbox 955 2845 1506 2929; x_wconf 84' lang='lat' dir='ltr'><strong>tranquillitatem</strong></span> <span class='ocrx_word' id='word_1_180' title='bbox 1569 2845 1862 2910; x_wconf 87' lang='lat' dir='ltr'><strong>fruentes</strong></span> <span class='ocrx_word' id='word_1_181' title='bbox 1914 2847 2150 2928; x_wconf 89' lang='lat' dir='ltr'><strong>pietati</strong></span> <span class='ocrx_word' id='word_1_182' title='bbox 2218 2848 2561 2911; x_wconf 87' lang='lat' dir='ltr'><strong>intendere</strong></span> <span class='ocrx_word' id='word_1_183' title='bbox 2621 2857 2689 2911; x_wconf 91' lang='lat' dir='ltr'><strong>et</strong></span> <span class='ocrx_word' id='word_1_184' title='bbox 2746 2847 2928 2912; x_wconf 88' lang='lat' dir='ltr'><strong>uitae</strong></span> 
     </span>
    </p>
   </div>
   <div class='ocr_carea' id='block_1_10' title="bbox 512 2980 1649 3288">
    <p class='ocr_par' dir='ltr' id='par_1_10' title="bbox 512 2980 1649 3288">
     <span class='ocr_line' id='line_1_24' title="bbox 615 2980 1316 3047; baseline -0.003 -15"><span class='ocrx_word' id='word_1_185' title='bbox 615 2999 636 3033; x_wconf 77' lang='grc' dir='ltr'>ι</span> <span class='ocrx_word' id='word_1_186' title='bbox 674 2983 936 3032; x_wconf 85' lang='lat' dir='ltr'><strong>dominum</strong></span> <span class='ocrx_word' id='word_1_187' title='bbox 960 2981 1075 3047; x_wconf 83' lang='lat' dir='ltr'><strong>(sor</strong></span> <span class='ocrx_word' id='word_1_188' title='bbox 1092 2980 1260 3034; x_wconf 76' lang='lat' dir='ltr'><strong>deum)</strong></span> <span class='ocrx_word' id='word_1_189' title='bbox 1282 2998 1316 3030; x_wconf 86' lang='lat' dir='ltr'><strong>a</strong></span> 
     </span>
     <span class='ocr_line' id='line_1_25' title="bbox 512 3061 1484 3129; baseline -0.002 -16"><span class='ocrx_word' id='word_1_190' title='bbox 512 3071 618 3113; x_wconf 89' lang='lat' dir='ltr'><strong>turn</strong></span> <span class='ocrx_word' id='word_1_191' title='bbox 646 3062 762 3129; x_wconf 86' lang='lat' dir='ltr'><strong>(sor</strong></span> <span class='ocrx_word' id='word_1_192' title='bbox 777 3061 983 3127; x_wconf 84' lang='lat' dir='ltr'><strong>factam)</strong></span> <span class='ocrx_word' id='word_1_193' title='bbox 1008 3080 1041 3111; x_wconf 84' lang='lat' dir='ltr'><strong>r</strong></span> <span class='ocrx_word' id='word_1_194' title='bbox 1064 3061 1073 3127; x_wconf 91' lang='grc' dir='ltr'>Ι</span> <span class='ocrx_word' id='word_1_195' title='bbox 1103 3062 1396 3112; x_wconf 86' lang='lat' dir='ltr'><strong>aduersariis</strong></span> <span class='ocrx_word' id='word_1_196' title='bbox 1420 3062 1484 3111; x_wconf 88' lang='lat' dir='ltr'><em>H</em></span> 
     </span>
     <span class='ocr_line' id='line_1_26' title="bbox 520 3140 1649 3193; baseline -0.003 0"><span class='ocrx_word' id='word_1_197' title='bbox 520 3160 578 3193; x_wconf 85' lang='lat'><strong>10</strong></span> <span class='ocrx_word' id='word_1_198' title='bbox 611 3143 802 3193; x_wconf 84' lang='lat' dir='ltr'><strong>doceris</strong></span> <span class='ocrx_word' id='word_1_199' title='bbox 840 3159 873 3190; x_wconf 85' lang='lat' dir='ltr'><strong>r</strong></span> <span class='ocrx_word' id='word_1_200' title='bbox 1093 3157 1148 3190; x_wconf 80' lang='lat'><strong>12</strong></span> <span class='ocrx_word' id='word_1_201' title='bbox 1184 3140 1470 3190; x_wconf 84' lang='lat' dir='ltr'><strong>hominibus</strong></span> <span class='ocrx_word' id='word_1_202' title='bbox 1503 3158 1581 3191; x_wconf 86' lang='lat' dir='ltr'><strong>om</strong></span> <span class='ocrx_word' id='word_1_203' title='bbox 1616 3158 1649 3190; x_wconf 84' lang='lat' dir='ltr'><strong>r</strong></span> 
     </span>
     <span class='ocr_line' id='line_1_27' title="bbox 517 3221 1171 3288; baseline -0.005 -14"><span class='ocrx_word' id='word_1_204' title='bbox 517 3240 573 3274; x_wconf 82' lang='lat'><strong>21</strong></span> <span class='ocrx_word' id='word_1_205' title='bbox 612 3224 872 3288; x_wconf 87' lang='lat' dir='ltr'><strong>deguerint</strong></span> <span class='ocrx_word' id='word_1_206' title='bbox 901 3224 945 3273; x_wconf 89' lang='lat' dir='ltr'><em>C</em></span> <span class='ocrx_word' id='word_1_207' title='bbox 967 3221 1115 3287; x_wconf 87' lang='lat' dir='ltr'><strong>(corr)</strong></span> <span class='ocrx_word' id='word_1_208' title='bbox 1140 3240 1171 3271; x_wconf 86' lang='lat' dir='ltr'><strong>r</strong></span> 
     </span>
    </p>
   </div>
   <div class='ocr_carea' id='block_1_11' title="bbox 1344 2981 2279 3288">
    <p class='ocr_par' dir='ltr' id='par_1_11' title="bbox 1513 2981 2151 3127">
     <span class='ocr_line' id='line_1_28' title="bbox 1513 2981 2151 3047; baseline 0.003 -17"><span class='ocrx_word' id='word_1_209' title='bbox 1513 2997 1540 3030; x_wconf 67' lang='grc' dir='ltr'>α</span> <span class='ocrx_word' id='word_1_210' title='bbox 1577 2981 1704 3031; x_wconf 89' lang='lat' dir='ltr'><strong>dixit</strong></span> <span class='ocrx_word' id='word_1_211' title='bbox 1734 2982 2096 3047; x_wconf 84' lang='lat' dir='ltr'><strong>postulationes</strong></span> <span class='ocrx_word' id='word_1_212' title='bbox 2117 2999 2151 3032; x_wconf 86' lang='lat' dir='ltr'><strong>a</strong></span> 
     </span>
     <span class='ocr_line' id='line_1_29' title="bbox 1675 3064 2110 3127; baseline 0.005 -16"><span class='ocrx_word' id='word_1_213' title='bbox 1675 3077 1702 3126; x_wconf 88' lang='lat'><strong>5</strong></span> <span class='ocrx_word' id='word_1_214' title='bbox 1738 3064 2010 3127; x_wconf 85' lang='lat' dir='ltr'><strong>postulabit</strong></span> <span class='ocrx_word' id='word_1_215' title='bbox 2040 3064 2110 3113; x_wconf 73' lang='lat' dir='ltr'><strong>C*</strong></span> 
     </span>
    </p>

    <p class='ocr_par' dir='ltr' id='par_1_12' title="bbox 1344 3145 2279 3288">
     <span class='ocr_line' id='line_1_30' title="bbox 1868 3145 2279 3209; baseline 0.002 -17"><span class='ocrx_word' id='word_1_216' title='bbox 1868 3159 1924 3206; x_wconf 82' lang='lat'><strong>13</strong></span> <span class='ocrx_word' id='word_1_217' title='bbox 1959 3145 2211 3209; x_wconf 83' lang='lat' dir='ltr'><strong>praecepit</strong></span> <span class='ocrx_word' id='word_1_218' title='bbox 2245 3160 2279 3193; x_wconf 87' lang='lat' dir='ltr'><strong>r</strong></span> 
     </span>
     <span class='ocr_line' id='line_1_31' title="bbox 1344 3223 2080 3288; baseline 0.001 -15"><span class='ocrx_word' id='word_1_219' title='bbox 1344 3239 1404 3273; x_wconf 83' lang='lat'><strong>22</strong></span> <span class='ocrx_word' id='word_1_220' title='bbox 1440 3223 1626 3274; x_wconf 86' lang='lat' dir='ltr'><strong>faciens</strong></span> <span class='ocrx_word' id='word_1_221' title='bbox 1650 3224 1764 3288; x_wconf 86' lang='lat' dir='ltr'><strong>(for</strong></span> <span class='ocrx_word' id='word_1_222' title='bbox 1784 3224 2023 3288; x_wconf 79' lang='lat' dir='ltr'><strong>fruentes)</strong></span> <span class='ocrx_word' id='word_1_223' title='bbox 2048 3242 2080 3274; x_wconf 82' lang='lat' dir='ltr'><strong>r</strong></span> 
     </span>
    </p>
   </div>
   <div class='ocr_carea' id='block_1_12' title="bbox 2347 2982 2926 3048">
    <p class='ocr_par' dir='ltr' id='par_1_13' title="bbox 2347 2982 2926 3048">
     <span class='ocr_line' id='line_1_32' title="bbox 2347 2982 2926 3048; baseline 0 -16"><span class='ocrx_word' id='word_1_224' title='bbox 2347 3002 2378 3046; x_wconf 84' lang='lat'>4</span> <span class='ocrx_word' id='word_1_225' title='bbox 2413 2983 2650 3033; x_wconf 83' lang='lat' dir='ltr'><strong>faciamus</strong></span> <span class='ocrx_word' id='word_1_226' title='bbox 2670 2983 2806 3048; x_wconf 90' lang='lat' dir='ltr'><strong>quod</strong></span> <span class='ocrx_word' id='word_1_227' title='bbox 2829 2982 2926 3033; x_wconf 82' lang='lat' dir='ltr'><strong>fac·</strong></span> 
     </span>
    </p>
   </div>
   <div class='ocr_carea' id='block_1_13' title="bbox 2307 3065 2938 3208">
    <p class='ocr_par' dir='ltr' id='par_1_14' title="bbox 2307 3065 2938 3208">
     <span class='ocr_line' id='line_1_33' title="bbox 2307 3065 2930 3131; baseline -0.002 -17"><span class='ocrx_word' id='word_1_228' title='bbox 2307 3080 2339 3131; x_wconf 89' lang='lat'><strong>9</strong></span> <span class='ocrx_word' id='word_1_229' title='bbox 2374 3065 2637 3114; x_wconf 86' lang='lat' dir='ltr'><strong>conueniat</strong></span> <span class='ocrx_word' id='word_1_230' title='bbox 2669 3065 2714 3114; x_wconf 90' lang='lat' dir='ltr'><em>C</em></span> <span class='ocrx_word' id='word_1_231' title='bbox 2737 3065 2930 3125; x_wconf 62' lang='grc' dir='ltr'><strong>(συνὴν</strong></span> 
     </span>
     <span class='ocr_line' id='line_1_34' title="bbox 2492 3143 2938 3208; baseline -0.007 -13"><span class='ocrx_word' id='word_1_232' title='bbox 2492 3147 2550 3195; x_wconf 85' lang='lat'><strong>18</strong></span> <span class='ocrx_word' id='word_1_233' title='bbox 2582 3152 2632 3194; x_wconf 88' lang='lat' dir='ltr'><strong>et</strong></span> <span class='ocrx_word' id='word_1_234' title='bbox 2656 3143 2746 3208; x_wconf 84' lang='lat'>(2⁰)</span> <span class='ocrx_word' id='word_1_235' title='bbox 2771 3160 2848 3193; x_wconf 81' lang='lat' dir='ltr'><strong>om</strong></span> <span class='ocrx_word' id='word_1_236' title='bbox 2869 3145 2938 3193; x_wconf 86' lang='lat' dir='ltr'><em>H</em></span> 
     </span>
    </p>
   </div>
   <div class='ocr_carea' id='block_1_14' title="bbox 3184 2305 3197 3142">
    <p class='ocr_par' dir='ltr' id='par_1_15' title="bbox 3184 2305 3197 3142">
     <span class='ocr_line' id='line_1_35' title="bbox 3184 2305 3197 3142; baseline 0 0"><span class='ocrx_word' id='word_1_237' title='bbox 3184 2305 3197 3142; x_wconf 95' lang='lat' dir='ltr'><strong> </strong></span> 
     </span>
    </p>
   </div>
   <div class='ocr_carea' id='block_1_15' title="bbox 514 3336 1681 4460">
    <p class='ocr_par' dir='ltr' id='par_1_16' title="bbox 514 3336 1681 4376">
     <span class='ocr_line' id='line_1_36' title="bbox 580 3336 1676 3402; baseline 0 -15"><span class='ocrx_word' id='word_1_238' title='bbox 580 3358 626 3402; x_wconf 83' lang='lat'><strong>4.</strong></span> <span class='ocrx_word' id='word_1_239' title='bbox 700 3338 886 3387; x_wconf 80' lang='lat' dir='ltr'><strong>uiduae</strong></span> <span class='ocrx_word' id='word_1_240' title='bbox 931 3336 1267 3399; x_wconf 79' lang='lat' dir='ltr'><strong>adsz&#39;milauit]</strong></span> <span class='ocrx_word' id='word_1_241' title='bbox 1335 3337 1435 3386; x_wconf 86' lang='lat' dir='ltr'><strong>Le.</strong></span> <span class='ocrx_word' id='word_1_242' title='bbox 1476 3339 1676 3398; x_wconf 76' lang='grc' dir='ltr'><strong>ἔντευξις</strong></span> 
     </span>
     <span class='ocr_line' id='line_1_37' title="bbox 514 3420 1673 3483; baseline -0.001 -12"><span class='ocrx_word' id='word_1_243' title='bbox 514 3420 558 3471; x_wconf 88' lang='lat' dir='ltr'><strong>is</strong></span> <span class='ocrx_word' id='word_1_244' title='bbox 580 3438 611 3471; x_wconf 82' lang='lat' dir='ltr'><strong>a</strong></span> <span class='ocrx_word' id='word_1_245' title='bbox 634 3422 885 3483; x_wconf 69' lang='grc' dir='ltr'><strong><em>προσευχὴ</em></strong></span> <span class='ocrx_word' id='word_1_246' title='bbox 918 3420 1160 3478; x_wconf 77' lang='grc' dir='ltr'>ἐκδίκησιν</span> <span class='ocrx_word' id='word_1_247' title='bbox 1194 3421 1517 3480; x_wconf 73' lang='grc' dir='ltr'>ἑξαιτούμενη.</span> <span class='ocrx_word' id='word_1_248' title='bbox 1592 3423 1673 3471; x_wconf 89' lang='lat' dir='ltr'><strong>Cf.</strong></span> 
     </span>
     <span class='ocr_line' id='line_1_38' title="bbox 518 3501 1679 3566; baseline -0.004 -10"><span class='ocrx_word' id='word_1_249' title='bbox 518 3506 572 3556; x_wconf 90' lang='lat' dir='ltr'><strong>S.</strong></span> <span class='ocrx_word' id='word_1_250' title='bbox 600 3504 742 3554; x_wconf 89' lang='lat' dir='ltr'><strong>Luke</strong></span> <span class='ocrx_word' id='word_1_251' title='bbox 766 3503 897 3552; x_wconf 82' lang='lat' dir='ltr'><strong>xviii.</strong></span> <span class='ocrx_word' id='word_1_252' title='bbox 931 3518 958 3566; x_wconf 85' lang='lat'>3</span> <span class='ocrx_word' id='word_1_253' title='bbox 982 3501 1359 3565; x_wconf 80' lang='grc' dir='ltr'>χήρα...ἠ’ρχετο</span> <span class='ocrx_word' id='word_1_254' title='bbox 1391 3506 1508 3565; x_wconf 69' lang='grc' dir='ltr'><strong><em>πρὸς</em></strong></span> <span class='ocrx_word' id='word_1_255' title='bbox 1533 3506 1679 3554; x_wconf 80' lang='grc' dir='ltr'>αὐτὸν</span> 
     </span>
     <span class='ocr_line' id='line_1_39' title="bbox 515 3581 1676 3647; baseline -0.003 -11"><span class='ocrx_word' id='word_1_256' title='bbox 515 3587 754 3647; x_wconf 79' lang='grc' dir='ltr'><strong>λέγουσα·</strong></span> <span class='ocrx_word' id='word_1_257' title='bbox 777 3583 1089 3642; x_wconf 79' lang='grc' dir='ltr'>ἐκδίκησόν</span> <span class='ocrx_word' id='word_1_258' title='bbox 1119 3599 1188 3641; x_wconf 77' lang='grc' dir='ltr'><strong>με</strong></span> <span class='ocrx_word' id='word_1_259' title='bbox 1208 3581 1303 3630; x_wconf 75' lang='grc' dir='ltr'><strong>ἀπὸ</strong></span> <span class='ocrx_word' id='word_1_260' title='bbox 1324 3585 1410 3631; x_wconf 81' lang='grc' dir='ltr'><strong>τοῦ</strong></span> <span class='ocrx_word' id='word_1_261' title='bbox 1441 3582 1676 3633; x_wconf 70' lang='grc' dir='ltr'>ἀντιδίκου</span> 
     </span>
     <span class='ocr_line' id='line_1_40' title="bbox 516 3664 1677 3728; baseline -0.002 -11"><span class='ocrx_word' id='word_1_262' title='bbox 516 3686 625 3726; x_wconf 85' lang='grc' dir='ltr'><strong>μου.</strong></span> <span class='ocrx_word' id='word_1_263' title='bbox 688 3668 737 3716; x_wconf 93' lang='lat' dir='ltr'><strong>It</strong></span> <span class='ocrx_word' id='word_1_264' title='bbox 760 3667 802 3715; x_wconf 88' lang='lat' dir='ltr'><strong>is</strong></span> <span class='ocrx_word' id='word_1_265' title='bbox 825 3664 1034 3714; x_wconf 83' lang='lat' dir='ltr'><strong>difficult</strong></span> <span class='ocrx_word' id='word_1_266' title='bbox 1057 3671 1109 3713; x_wconf 91' lang='lat' dir='ltr'><strong>to</strong></span> <span class='ocrx_word' id='word_1_267' title='bbox 1132 3664 1359 3713; x_wconf 80' lang='lat' dir='ltr'><strong>discover</strong></span> <span class='ocrx_word' id='word_1_268' title='bbox 1380 3680 1478 3728; x_wconf 87' lang='lat' dir='ltr'><strong>any</strong></span> <span class='ocrx_word' id='word_1_269' title='bbox 1500 3680 1677 3715; x_wconf 85' lang='lat' dir='ltr'><strong>reason</strong></span> 
     </span>
     <span class='ocr_line' id='line_1_41' title="bbox 517 3745 1670 3814; baseline -0.003 -14"><span class='ocrx_word' id='word_1_270' title='bbox 517 3750 596 3800; x_wconf 90' lang='lat' dir='ltr'><strong>for</strong></span> <span class='ocrx_word' id='word_1_271' title='bbox 616 3749 871 3814; x_wconf 82' lang='lat' dir='ltr'><strong>assigning</strong></span> <span class='ocrx_word' id='word_1_272' title='bbox 892 3757 944 3796; x_wconf 91' lang='lat' dir='ltr'><strong>to</strong></span> <span class='ocrx_word' id='word_1_273' title='bbox 969 3748 1168 3805; x_wconf 72' lang='grc' dir='ltr'>ἔντευξις</span> <span class='ocrx_word' id='word_1_274' title='bbox 1192 3745 1290 3795; x_wconf 88' lang='lat' dir='ltr'><strong>this</strong></span> <span class='ocrx_word' id='word_1_275' title='bbox 1312 3747 1498 3810; x_wconf 82' lang='lat' dir='ltr'><strong>special</strong></span> <span class='ocrx_word' id='word_1_276' title='bbox 1522 3747 1670 3806; x_wconf 90' lang='lat' dir='ltr'><strong>force,</strong></span> 
     </span>
     <span class='ocr_line' id='line_1_42' title="bbox 519 3826 1677 3893; baseline -0.003 -12"><span class='ocrx_word' id='word_1_277' title='bbox 519 3831 686 3881; x_wconf 84' lang='lat' dir='ltr'><strong>unless</strong></span> <span class='ocrx_word' id='word_1_278' title='bbox 720 3831 757 3879; x_wconf 92' lang='lat' dir='ltr'><strong>it</strong></span> <span class='ocrx_word' id='word_1_279' title='bbox 792 3830 856 3878; x_wconf 91' lang='lat' dir='ltr'><strong>be</strong></span> <span class='ocrx_word' id='word_1_280' title='bbox 888 3828 1043 3879; x_wconf 84' lang='lat' dir='ltr'><strong>found</strong></span> <span class='ocrx_word' id='word_1_281' title='bbox 1077 3829 1129 3877; x_wconf 91' lang='lat' dir='ltr'><strong>in</strong></span> <span class='ocrx_word' id='word_1_282' title='bbox 1159 3829 1308 3877; x_wconf 89' lang='lat' dir='ltr'><strong>Rom.</strong></span> <span class='ocrx_word' id='word_1_283' title='bbox 1334 3845 1382 3876; x_wconf 85' lang='lat' dir='ltr'><strong>x.</strong></span> <span class='ocrx_word' id='word_1_284' title='bbox 1409 3843 1435 3877; x_wconf 79' lang='lat'>2</span> <span class='ocrx_word' id='word_1_285' title='bbox 1465 3826 1677 3893; x_wconf 77' lang='grc' dir='ltr'>(ἐντυγ-</span> 
     </span>
     <span class='ocr_line' id='line_1_43' title="bbox 519 3905 1678 3971; baseline -0.002 -14"><span class='ocrx_word' id='word_1_286' title='bbox 519 3911 692 3971; x_wconf 76' lang='grc' dir='ltr'>χάνει</span> <span class='ocrx_word' id='word_1_287' title='bbox 736 3905 804 3968; x_wconf 81' lang='grc' dir='ltr'><em>τῷ</em></span> <span class='ocrx_word' id='word_1_288' title='bbox 848 3905 943 3970; x_wconf 75' lang='grc' dir='ltr'><strong>θεῷ</strong></span> <span class='ocrx_word' id='word_1_289' title='bbox 986 3909 1132 3957; x_wconf 80' lang='grc' dir='ltr'>κατὰ</span> <span class='ocrx_word' id='word_1_290' title='bbox 1176 3910 1264 3956; x_wconf 77' lang='grc' dir='ltr'><strong>τοῦ</strong></span> <span class='ocrx_word' id='word_1_291' title='bbox 1308 3906 1568 3970; x_wconf 79' lang='grc' dir='ltr'><strong>Ἰσραήλ);</strong></span> <span class='ocrx_word' id='word_1_292' title='bbox 1614 3910 1678 3958; x_wconf 83' lang='lat' dir='ltr'><strong>cf.</strong></span> 
     </span>
     <span class='ocr_line' id='line_1_44' title="bbox 522 3989 1675 4054; baseline 0 -14"><span class='ocrx_word' id='word_1_293' title='bbox 522 3991 691 4040; x_wconf 82' lang='lat' dir='ltr'><strong>Amal.</strong></span> <span class='ocrx_word' id='word_1_294' title='bbox 725 3989 784 4038; x_wconf 83' lang='lat' dir='ltr'><strong>de</strong></span> <span class='ocrx_word' id='word_1_295' title='bbox 814 3990 895 4052; x_wconf 70' lang='lat' dir='ltr'><strong>(ff</strong></span> <span class='ocrx_word' id='word_1_296' title='bbox 934 4001 1011 4040; x_wconf 83' lang='lat' dir='ltr'><strong>lv.</strong></span> <span class='ocrx_word' id='word_1_297' title='bbox 1051 4001 1130 4052; x_wconf 84' lang='lat'><strong>45.</strong></span> <span class='ocrx_word' id='word_1_298' title='bbox 1205 3990 1275 4039; x_wconf 85' lang='lat' dir='ltr'><strong>At</strong></span> <span class='ocrx_word' id='word_1_299' title='bbox 1317 4004 1337 4038; x_wconf 88' lang='lat'>1</span> <span class='ocrx_word' id='word_1_300' title='bbox 1373 3991 1507 4039; x_wconf 88' lang='lat' dir='ltr'><strong>Tim.</strong></span> <span class='ocrx_word' id='word_1_301' title='bbox 1532 3991 1595 4041; x_wconf 87' lang='lat' dir='ltr'><strong>iv.</strong></span> <span class='ocrx_word' id='word_1_302' title='bbox 1629 4005 1675 4054; x_wconf 84' lang='lat'><strong>5,</strong></span> 
     </span>
     <span class='ocr_line' id='line_1_45' title="bbox 519 4071 1678 4138; baseline 0.001 -16"><span class='ocrx_word' id='word_1_303' title='bbox 519 4072 685 4122; x_wconf 82' lang='lat' dir='ltr'><strong>where</strong></span> <span class='ocrx_word' id='word_1_304' title='bbox 718 4071 817 4121; x_wconf 87' lang='lat' dir='ltr'><strong>this</strong></span> <span class='ocrx_word' id='word_1_305' title='bbox 850 4087 991 4121; x_wconf 86' lang='lat' dir='ltr'><strong>sense</strong></span> <span class='ocrx_word' id='word_1_306' title='bbox 1030 4072 1070 4120; x_wconf 87' lang='lat' dir='ltr'><strong>is</strong></span> <span class='ocrx_word' id='word_1_307' title='bbox 1106 4072 1290 4136; x_wconf 85' lang='lat' dir='ltr'><strong>clearly</strong></span> <span class='ocrx_word' id='word_1_308' title='bbox 1323 4073 1678 4138; x_wconf 84' lang='lat' dir='ltr'><strong>inapplicable,</strong></span> 
     </span>
     <span class='ocr_line' id='line_1_46' title="bbox 520 4152 1681 4217; baseline 0.001 -15"><span class='ocrx_word' id='word_1_309' title='bbox 520 4155 568 4202; x_wconf 86' lang='lat' dir='ltr'>T</span> <span class='ocrx_word' id='word_1_310' title='bbox 570 4153 617 4202; x_wconf 88' lang='lat' dir='ltr'><strong>h.</strong></span> <span class='ocrx_word' id='word_1_311' title='bbox 658 4168 827 4217; x_wconf 86' lang='lat' dir='ltr'><strong>passes</strong></span> <span class='ocrx_word' id='word_1_312' title='bbox 859 4167 925 4201; x_wconf 92' lang='lat' dir='ltr'><strong>on</strong></span> <span class='ocrx_word' id='word_1_313' title='bbox 958 4152 1169 4202; x_wconf 81' lang='lat' dir='ltr'><strong>without</strong></span> <span class='ocrx_word' id='word_1_314' title='bbox 1208 4155 1418 4213; x_wconf 84' lang='lat' dir='ltr'><strong>remark,</strong></span> <span class='ocrx_word' id='word_1_315' title='bbox 1455 4156 1553 4204; x_wconf 86' lang='lat' dir='ltr'><strong>and</strong></span> <span class='ocrx_word' id='word_1_316' title='bbox 1589 4171 1681 4203; x_wconf 88' lang='lat' dir='ltr'><strong>our</strong></span> 
     </span>
     <span class='ocr_line' id='line_1_47' title="bbox 522 4231 1680 4297; baseline 0.002 -15"><span class='ocrx_word' id='word_1_317' title='bbox 522 4233 787 4282; x_wconf 77' lang='lat' dir='ltr'><strong>translator</strong></span> <span class='ocrx_word' id='word_1_318' title='bbox 822 4231 864 4280; x_wconf 88' lang='lat' dir='ltr'><strong>is</strong></span> <span class='ocrx_word' id='word_1_319' title='bbox 901 4238 1106 4280; x_wconf 88' lang='lat' dir='ltr'><strong>content</strong></span> <span class='ocrx_word' id='word_1_320' title='bbox 1142 4238 1193 4280; x_wconf 88' lang='lat' dir='ltr'><strong>to</strong></span> <span class='ocrx_word' id='word_1_321' title='bbox 1232 4233 1387 4297; x_wconf 89' lang='lat' dir='ltr'><strong>adopt</strong></span> <span class='ocrx_word' id='word_1_322' title='bbox 1431 4234 1516 4283; x_wconf 88' lang='lat' dir='ltr'><strong>the</strong></span> <span class='ocrx_word' id='word_1_323' title='bbox 1555 4234 1680 4284; x_wconf 87' lang='lat' dir='ltr'><strong>Vul-</strong></span> 
     </span>
     <span class='ocr_line' id='line_1_48' title="bbox 522 4310 1374 4376; baseline 0 -15"><span class='ocrx_word' id='word_1_324' title='bbox 522 4320 637 4376; x_wconf 78' lang='lat' dir='ltr'><strong>gate</strong></span> <span class='ocrx_word' id='word_1_325' title='bbox 660 4310 925 4373; x_wconf 87' lang='lat' dir='ltr'><strong>rendering</strong></span> <span class='ocrx_word' id='word_1_326' title='bbox 935 4317 1046 4374; x_wconf 81' lang='lat' dir='ltr'><strong>per.</strong></span> <span class='ocrx_word' id='word_1_327' title='bbox 1058 4347 1068 4358; x_wconf 92' lang='lat'><strong>.</strong></span> <span class='ocrx_word' id='word_1_328' title='bbox 1079 4311 1374 4361; x_wconf 72' lang='lat' dir='ltr'><strong>‚or-ationem.</strong></span> 
     </span>
    </p>

    <p class='ocr_par' dir='ltr' id='par_1_17' title="bbox 594 4389 1680 4460">
     <span class='ocr_line' id='line_1_49' title="bbox 594 4389 1680 4460; baseline 0.003 -18"><span class='ocrx_word' id='word_1_329' title='bbox 594 4407 636 4456; x_wconf 83' lang='lat'><strong>7.</strong></span> <span class='ocrx_word' id='word_1_330' title='bbox 709 4394 857 4442; x_wconf 72' lang='lat' dir='ltr'><strong>amer</strong></span> <span class='ocrx_word' id='word_1_331' title='bbox 889 4389 1108 4455; x_wconf 82' lang='lat' dir='ltr'><strong>quidem]</strong></span> <span class='ocrx_word' id='word_1_332' title='bbox 1177 4392 1231 4440; x_wconf 89' lang='lat' dir='ltr'><strong>1f</strong></span> <span class='ocrx_word' id='word_1_333' title='bbox 1260 4391 1358 4442; x_wconf 86' lang='lat' dir='ltr'><strong>this</strong></span> <span class='ocrx_word' id='word_1_334' title='bbox 1395 4395 1599 4460; x_wconf 84' lang='lat' dir='ltr'><strong>reading</strong></span> <span class='ocrx_word' id='word_1_335' title='bbox 1639 4398 1680 4446; x_wconf 88' lang='lat' dir='ltr'><strong>is</strong></span> 
     </span>
    </p>
   </div>
   <div class='ocr_carea' id='block_1_16' title="bbox 1775 3341 2933 4305">
    <p class='ocr_par' dir='ltr' id='par_1_18' title="bbox 1775 3341 2929 3728">
     <span class='ocr_line' id='line_1_50' title="bbox 1775 3341 2927 3392; baseline 0.003 -4"><span class='ocrx_word' id='word_1_336' title='bbox 1775 3348 1964 3390; x_wconf 89' lang='lat' dir='ltr'><strong>correct</strong></span> <span class='ocrx_word' id='word_1_337' title='bbox 1985 3341 2069 3389; x_wconf 91' lang='lat' dir='ltr'><strong>the</strong></span> <span class='ocrx_word' id='word_1_338' title='bbox 2085 3342 2269 3390; x_wconf 89' lang='lat' dir='ltr'><strong>second</strong></span> <span class='ocrx_word' id='word_1_339' title='bbox 2286 3342 2507 3391; x_wconf 86' lang='lat' dir='ltr'><strong>member</strong></span> <span class='ocrx_word' id='word_1_340' title='bbox 2523 3341 2583 3390; x_wconf 84' lang='lat' dir='ltr'><strong>of</strong></span> <span class='ocrx_word' id='word_1_341' title='bbox 2598 3341 2683 3391; x_wconf 87' lang='lat' dir='ltr'><strong>the</strong></span> <span class='ocrx_word' id='word_1_342' title='bbox 2699 3349 2927 3392; x_wconf 86' lang='lat' dir='ltr'><strong>sentence</strong></span> 
     </span>
     <span class='ocr_line' id='line_1_51' title="bbox 1775 3419 2927 3483; baseline 0.004 -16"><span class='ocrx_word' id='word_1_343' title='bbox 1775 3419 1952 3468; x_wconf 87' lang='lat' dir='ltr'><strong>should</strong></span> <span class='ocrx_word' id='word_1_344' title='bbox 1981 3419 2129 3483; x_wconf 86' lang='lat' dir='ltr'><strong>begin</strong></span> <span class='ocrx_word' id='word_1_345' title='bbox 2151 3421 2272 3470; x_wconf 79' lang='lat' dir='ltr'><strong>with</strong></span> <span class='ocrx_word' id='word_1_346' title='bbox 2295 3421 2442 3470; x_wconf 78' lang='lat' dir='ltr'><strong>aliter</strong></span> <span class='ocrx_word' id='word_1_347' title='bbox 2469 3437 2599 3481; x_wconf 81' lang='lat' dir='ltr'><strong>uero,</strong></span> <span class='ocrx_word' id='word_1_348' title='bbox 2627 3422 2726 3471; x_wconf 85' lang='lat' dir='ltr'><strong>and</strong></span> <span class='ocrx_word' id='word_1_349' title='bbox 2759 3421 2825 3471; x_wconf 88' lang='lat' dir='ltr'><strong>be</strong></span> <span class='ocrx_word' id='word_1_350' title='bbox 2857 3437 2927 3472; x_wconf 86' lang='lat' dir='ltr'><strong>re-</strong></span> 
     </span>
     <span class='ocr_line' id='line_1_52' title="bbox 1777 3502 2928 3567; baseline 0.003 -18"><span class='ocrx_word' id='word_1_351' title='bbox 1777 3502 2027 3550; x_wconf 85' lang='lat' dir='ltr'><strong>modelled</strong></span> <span class='ocrx_word' id='word_1_352' title='bbox 2051 3503 2388 3567; x_wconf 85' lang='lat' dir='ltr'><strong>accordingly.</strong></span> <span class='ocrx_word' id='word_1_353' title='bbox 2453 3502 2552 3553; x_wconf 92' lang='lat' dir='ltr'><strong>But</strong></span> <span class='ocrx_word' id='word_1_354' title='bbox 2575 3504 2723 3553; x_wconf 79' lang='lat' dir='ltr'><strong>aliter</strong></span> <span class='ocrx_word' id='word_1_355' title='bbox 2734 3505 2775 3553; x_wconf 91' lang='lat' dir='ltr'><strong>is</strong></span> <span class='ocrx_word' id='word_1_356' title='bbox 2796 3505 2928 3553; x_wconf 84' lang='lat' dir='ltr'><strong>awk-</strong></span> 
     </span>
     <span class='ocr_line' id='line_1_53' title="bbox 1778 3582 2929 3649; baseline 0.005 -20"><span class='ocrx_word' id='word_1_357' title='bbox 1778 3583 1915 3630; x_wconf 89' lang='lat' dir='ltr'><strong>ward</strong></span> <span class='ocrx_word' id='word_1_358' title='bbox 1948 3582 2000 3630; x_wconf 89' lang='lat' dir='ltr'><strong>in</strong></span> <span class='ocrx_word' id='word_1_359' title='bbox 2034 3598 2133 3646; x_wconf 85' lang='lat' dir='ltr'><strong>any</strong></span> <span class='ocrx_word' id='word_1_360' title='bbox 2155 3599 2284 3643; x_wconf 83' lang='lat' dir='ltr'><strong>case,</strong></span> <span class='ocrx_word' id='word_1_361' title='bbox 2321 3584 2422 3632; x_wconf 89' lang='lat' dir='ltr'><strong>and</strong></span> <span class='ocrx_word' id='word_1_362' title='bbox 2456 3600 2521 3633; x_wconf 85' lang='lat' dir='ltr'><strong>an</strong></span> <span class='ocrx_word' id='word_1_363' title='bbox 2555 3600 2690 3634; x_wconf 87' lang='lat' dir='ltr'><strong>error</strong></span> <span class='ocrx_word' id='word_1_364' title='bbox 2721 3600 2837 3649; x_wconf 83' lang='lat' dir='ltr'><strong>may</strong></span> <span class='ocrx_word' id='word_1_365' title='bbox 2869 3585 2929 3635; x_wconf 92' lang='lat' dir='ltr'><strong>be</strong></span> 
     </span>
     <span class='ocr_line' id='line_1_54' title="bbox 1778 3664 2518 3728; baseline 0.003 -17"><span class='ocrx_word' id='word_1_366' title='bbox 1778 3664 2040 3726; x_wconf 82' lang='lat' dir='ltr'><strong>suspected</strong></span> <span class='ocrx_word' id='word_1_367' title='bbox 2059 3681 2074 3724; x_wconf 77' lang='lat'>3</span> <span class='ocrx_word' id='word_1_368' title='bbox 2094 3664 2200 3728; x_wconf 82' lang='lat' dir='ltr'><strong>sor.</strong></span> <span class='ocrx_word' id='word_1_369' title='bbox 2229 3666 2313 3728; x_wconf 78' lang='lat' dir='ltr'><strong>leg.</strong></span> <span class='ocrx_word' id='word_1_370' title='bbox 2344 3667 2518 3715; x_wconf 81' lang='lat' dir='ltr'><strong>altera.</strong></span> 
     </span>
    </p>

    <p class='ocr_par' dir='ltr' id='par_1_19' title="bbox 1779 3745 2928 3974">
     <span class='ocr_line' id='line_1_55' title="bbox 1851 3745 2928 3809; baseline 0.005 -17"><span class='ocrx_word' id='word_1_371' title='bbox 1851 3758 1920 3809; x_wconf 88' lang='lat'><strong>19.</strong></span> <span class='ocrx_word' id='word_1_372' title='bbox 1994 3761 2107 3793; x_wconf 86' lang='lat' dir='ltr'><strong>cum</strong></span> <span class='ocrx_word' id='word_1_373' title='bbox 2141 3748 2284 3794; x_wconf 83' lang='lat' dir='ltr'><strong>omni</strong></span> <span class='ocrx_word' id='word_1_374' title='bbox 2301 3745 2382 3809; x_wconf 83' lang='lat' dir='ltr'><strong>p.]</strong></span> <span class='ocrx_word' id='word_1_375' title='bbox 2421 3746 2510 3795; x_wconf 83' lang='lat' dir='ltr'><strong>All</strong></span> <span class='ocrx_word' id='word_1_376' title='bbox 2545 3746 2628 3796; x_wconf 87' lang='lat' dir='ltr'><strong>the</strong></span> <span class='ocrx_word' id='word_1_377' title='bbox 2663 3747 2812 3796; x_wconf 86' lang='lat' dir='ltr'><strong>Latin</strong></span> <span class='ocrx_word' id='word_1_378' title='bbox 2850 3764 2928 3797; x_wconf 86' lang='lat' dir='ltr'><strong>au-</strong></span> 
     </span>
     <span class='ocr_line' id='line_1_56' title="bbox 1779 3826 2926 3892; baseline 0.003 -16"><span class='ocrx_word' id='word_1_379' title='bbox 1779 3826 2005 3876; x_wconf 88' lang='lat' dir='ltr'><strong>thorities</strong></span> <span class='ocrx_word' id='word_1_380' title='bbox 2028 3829 2221 3887; x_wconf 88' lang='lat' dir='ltr'><strong>render,</strong></span> <span class='ocrx_word' id='word_1_381' title='bbox 2249 3829 2303 3877; x_wconf 88' lang='lat' dir='ltr'><strong>in</strong></span> <span class='ocrx_word' id='word_1_382' title='bbox 2327 3829 2600 3879; x_wconf 90' lang='lat' dir='ltr'><strong>obedience</strong></span> <span class='ocrx_word' id='word_1_383' title='bbox 2623 3837 2676 3879; x_wconf 95' lang='lat' dir='ltr'><strong>to</strong></span> <span class='ocrx_word' id='word_1_384' title='bbox 2698 3830 2783 3880; x_wconf 91' lang='lat' dir='ltr'><strong>the</strong></span> <span class='ocrx_word' id='word_1_385' title='bbox 2806 3831 2926 3892; x_wconf 68' lang='lat' dir='ltr'><strong>Gk„</strong></span> 
     </span>
     <span class='ocr_line' id='line_1_57' title="bbox 1786 3908 2188 3974; baseline 0.002 -16"><span class='ocrx_word' id='word_1_386' title='bbox 1786 3909 1890 3958; x_wconf 88' lang='lat' dir='ltr'><strong>“in</strong></span> <span class='ocrx_word' id='word_1_387' title='bbox 1927 3910 2065 3959; x_wconf 87' lang='lat' dir='ltr'><strong>omni</strong></span> <span class='ocrx_word' id='word_1_388' title='bbox 2102 3908 2188 3974; x_wconf 86' lang='lat' dir='ltr'><strong>p.”</strong></span> 
     </span>
    </p>

    <p class='ocr_par' dir='ltr' id='par_1_20' title="bbox 1781 3992 2933 4305">
     <span class='ocr_line' id='line_1_58' title="bbox 1848 3992 2933 4059; baseline 0.004 -19"><span class='ocrx_word' id='word_1_389' title='bbox 1848 4007 1873 4040; x_wconf 82' lang='lat'><em>2</em></span> <span class='ocrx_word' id='word_1_390' title='bbox 1885 4008 1904 4041; x_wconf 86' lang='lat'>1</span> <span class='ocrx_word' id='word_1_391' title='bbox 1915 4025 1927 4039; x_wconf 92' lang='lat'><strong>.</strong></span> <span class='ocrx_word' id='word_1_392' title='bbox 1992 3992 2283 4055; x_wconf 76' lang='lat' dir='ltr'><strong>deguerunt]</strong></span> <span class='ocrx_word' id='word_1_393' title='bbox 2295 4013 2339 4033; x_wconf 89' lang='lat'><strong><em>=</em></strong></span> <span class='ocrx_word' id='word_1_394' title='bbox 2350 3993 2592 4057; x_wconf 87' lang='lat' dir='ltr'><strong>degerunt</strong></span> <span class='ocrx_word' id='word_1_395' title='bbox 2611 4010 2626 4053; x_wconf 69' lang='grc' dir='ltr'><strong><em>ς</em></strong></span> <span class='ocrx_word' id='word_1_396' title='bbox 2649 3993 2711 4043; x_wconf 83' lang='lat' dir='ltr'><strong>cf.</strong></span> <span class='ocrx_word' id='word_1_397' title='bbox 2736 3995 2933 4059; x_wconf 49' lang='lat' dir='ltr'><strong>dwant</strong></span> 
     </span>
     <span class='ocr_line' id='line_1_59' title="bbox 1782 4073 2931 4136; baseline 0.005 -16"><span class='ocrx_word' id='word_1_398' title='bbox 1782 4073 1971 4136; x_wconf 77' lang='lat' dir='ltr'><strong>(supra,</strong></span> <span class='ocrx_word' id='word_1_399' title='bbox 1998 4088 2047 4136; x_wconf 89' lang='lat' dir='ltr'><strong>p.</strong></span> <span class='ocrx_word' id='word_1_400' title='bbox 2073 4085 2149 4136; x_wconf 88' lang='lat'><strong>77,</strong></span> <span class='ocrx_word' id='word_1_401' title='bbox 2178 4073 2213 4122; x_wconf 87' lang='lat'><strong>1.</strong></span> <span class='ocrx_word' id='word_1_402' title='bbox 2240 4076 2286 4134; x_wconf 87' lang='grc'><strong>8,</strong></span> <span class='ocrx_word' id='word_1_403' title='bbox 2307 4090 2387 4121; x_wconf 82' lang='lat' dir='ltr'><strong>vv.</strong></span> <span class='ocrx_word' id='word_1_404' title='bbox 2407 4075 2504 4135; x_wconf 90' lang='grc'><strong>11.).</strong></span> <span class='ocrx_word' id='word_1_405' title='bbox 2553 4075 2663 4124; x_wconf 88' lang='lat' dir='ltr'><strong>The</strong></span> <span class='ocrx_word' id='word_1_406' title='bbox 2686 4075 2815 4124; x_wconf 86' lang='lat' dir='ltr'><strong>lexx.</strong></span> <span class='ocrx_word' id='word_1_407' title='bbox 2840 4077 2931 4127; x_wconf 86' lang='lat' dir='ltr'><strong>cite</strong></span> 
     </span>
     <span class='ocr_line' id='line_1_60' title="bbox 1782 4153 2929 4219; baseline 0.006 -17"><span class='ocrx_word' id='word_1_408' title='bbox 1782 4169 1812 4202; x_wconf 86' lang='lat' dir='ltr'><strong>a</strong></span> <span class='ocrx_word' id='word_1_409' title='bbox 1834 4153 2062 4203; x_wconf 87' lang='lat' dir='ltr'><strong>doubtful</strong></span> <span class='ocrx_word' id='word_1_410' title='bbox 2086 4171 2159 4203; x_wconf 87' lang='lat' dir='ltr'><strong>ex.</strong></span> <span class='ocrx_word' id='word_1_411' title='bbox 2179 4154 2308 4203; x_wconf 88' lang='lat' dir='ltr'><strong>from</strong></span> <span class='ocrx_word' id='word_1_412' title='bbox 2332 4156 2584 4205; x_wconf 85' lang='lat' dir='ltr'><strong>Ausonius</strong></span> <span class='ocrx_word' id='word_1_413' title='bbox 2600 4157 2687 4219; x_wconf 64' lang='grc' dir='ltr'><strong>(φ.</strong></span> <span class='ocrx_word' id='word_1_414' title='bbox 2710 4158 2817 4217; x_wconf 73' lang='lat'><em>17)3</em></span> <span class='ocrx_word' id='word_1_415' title='bbox 2851 4157 2929 4209; x_wconf 89' lang='lat' dir='ltr'><strong>the</strong></span> 
     </span>
     <span class='ocr_line' id='line_1_61' title="bbox 1781 4235 2925 4305; baseline 0.003 -21"><span class='ocrx_word' id='word_1_416' title='bbox 1781 4235 1908 4286; x_wconf 87' lang='lat' dir='ltr'><strong>form</strong></span> <span class='ocrx_word' id='word_1_417' title='bbox 1943 4236 1985 4285; x_wconf 87' lang='lat' dir='ltr'><strong>is</strong></span> <span class='ocrx_word' id='word_1_418' title='bbox 2018 4237 2125 4287; x_wconf 85' lang='lat' dir='ltr'><strong>also</strong></span> <span class='ocrx_word' id='word_1_419' title='bbox 2159 4238 2312 4288; x_wconf 83' lang='lat' dir='ltr'><strong>found</strong></span> <span class='ocrx_word' id='word_1_420' title='bbox 2346 4238 2399 4288; x_wconf 92' lang='lat' dir='ltr'><strong>in</strong></span> <span class='ocrx_word' id='word_1_421' title='bbox 2437 4238 2698 4289; x_wconf 88' lang='lat' dir='ltr'><strong>Ennodius</strong></span> <span class='ocrx_word' id='word_1_422' title='bbox 2730 4237 2782 4301; x_wconf 83' lang='lat'><strong>(†</strong></span> <span class='ocrx_word' id='word_1_423' title='bbox 2801 4237 2925 4305; x_wconf 79' lang='lat'>521),</span> 
     </span>
    </p>
   </div>
   <div class='ocr_carea' id='block_1_17' title="bbox 1771 4325 2049 4384">
    <p class='ocr_par' dir='ltr' id='par_1_21' title="bbox 1771 4325 2049 4384">
     <span class='ocr_line' id='line_1_62' title="bbox 1771 4325 2049 4384; baseline 0.004 -17"><span class='ocrx_word' id='word_1_424' title='bbox 1771 4325 1949 4382; x_wconf 79' lang='lat' dir='ltr'><strong>paneg.</strong></span> <span class='ocrx_word' id='word_1_425' title='bbox 1977 4333 2049 4384; x_wconf 89' lang='lat'><strong>19.</strong></span> 
     </span>
    </p>
   </div>
   <div class='ocr_carea' id='block_1_18' title="bbox 3185 4261 3195 4906">
    <p class='ocr_par' dir='ltr' id='par_1_22' title="bbox 3185 4261 3195 4906">
     <span class='ocr_line' id='line_1_63' title="bbox 3185 4261 3195 4906; baseline 0 0"><span class='ocrx_word' id='word_1_426' title='bbox 3185 4261 3195 4906; x_wconf 95' lang='lat' dir='ltr'><strong> </strong></span> 
     </span>
    </p>
   </div>
   <div class='ocr_carea' id='block_1_19' title="bbox 3184 4261 3196 5116">
    <p class='ocr_par' dir='ltr' id='par_1_23' title="bbox 3184 4261 3196 5116">
     <span class='ocr_line' id='line_1_64' title="bbox 3184 4261 3196 5116; baseline 0 0"><span class='ocrx_word' id='word_1_427' title='bbox 3184 4261 3196 5116; x_wconf 95' lang='lat' dir='ltr'><strong> </strong></span> 
     </span>
    </p>
   </div>
  </div>
 </body>
</html>
