3221 5116
120 435 133 447 -
236 396 364 459 III.
408 413 501 473 10,
541 393 661 479 11.]

1079 407 1163 458 IN
1213 407 1320 459 ΕΡ.
1365 407 1468 458 An
1514 407 1777 459 TITUM.
2525 400 2601 471 25
2616 402 2646 470 5

233 581 501 645 uidetur
529 588 599 644 et
638 580 706 643 in
749 579 863 643 illa
903 579 1185 663 epistola
1217 600 1422 663 quam
1466 580 1555 645 ad
1593 577 2028 645 Timotheum
2072 578 2440 663 scripserat.
2532 579 2550 609 ‘
2572 596 2656 638 ne

237 683 512 767 patiaris
564 683 827 768 (inquit)
894 686 1281 767 conquirere
1342 693 1411 749 et
1470 685 1812 749 decertare
1870 683 1955 748 de
2004 682 2137 747 illis
2176 701 2349 766 quae
2406 680 2474 743 in
2509 678 2657 762 lege

238 797 599 869 praecepta
616 796 794 865 sunt,
819 808 1036 870 neque
1065 787 1475 872 genealogiis
1506 789 1859 853 intendens
1889 808 2060 871 opus
2089 797 2281 851 tuum
2315 782 2660 867 impedia3‚

240 909 413 970 quae
460 889 555 953 illi
601 892 903 954 consulte
946 891 1328 973 praeferunt
1360 893 1748 958 uerbositati
1780 892 2169 969 studentes;
2211 912 2300 954 ex
2336 888 2440 952 his
2480 886 2657 950 enim

242 990 497 1056 nullum
545 993 860 1055 iuuamen
905 994 1236 1076 quispiam
1284 995 1561 1077 adsequi
1609 997 1873 1078 poterit,
1905 996 2022 1059 sed
2069 1003 2138 1058 et
2184 992 2468 1057 multam
2514 1009 2658 1052 sus-

238 1094 410 1158 tinet
439 1094 906 1160 nociuitatem.’
996 1096 1238 1160 deinde
1269 1096 1666 1179 generaliter
1694 1098 1978 1173 instruit,
2010 1095 2240 1161 dicens
2266 1116 2281 1159 z

371 1222 753 1286 haereticum
805 1222 987 1287 homi
989 1244 1131 1287 nem
1177 1233 1330 1307 post
1367 1225 1681 1307 primam·
1726 1224 2164 1288 correctionem
2213 1232 2277 1286 et
2318 1221 2660 1285 secundam

243 1325 479 1403 deuita,
527 1327 728 1390 sciens
766 1328 1073 1410 quoniam
1102 1340 1452 1411 peruersus
1489 1339 1586 1393 est
1614 1330 1671 1392 is
1708 1328 1829 1413 qui
1865 1326 2185 1392 eiusmodi
2217 1335 2313 1390 est
2344 1334 2408 1390 et
2430 1333 2658 1408 peccat,

244 1449 390 1491 cum
418 1451 534 1494 suo
564 1431 801 1495 iudicio
831 1433 1183 1496 damnatus
1210 1444 1317 1497 est.

380 1553 396 1583 ‘
421 1559 489 1614 et
543 1551 628 1614 ad
683 1549 955 1633 plenum
1007 1552 1270 1634 (inquit)
1322 1551 1509 1616 illum
1557 1552 1786 1616 deuita
1830 1553 1943 1636 qui
1993 1571 2074 1616 ea
2117 1570 2290 1634 quae
2335 1544 2662 1613 contraria

246 1661 405 1715 sunt
470 1652 738 1735 pietatis
804 1654 1435 1737 praeelegit—hunc
1499 1656 1677 1719 enim
1739 1655 2123 1719 haereticum
2193 1660 2662 1734 uocat—post-

250 1778 453 1840 quam
484 1757 662 1820 enim
692 1756 900 1820 semel
932 1766 1000 1821 et
1046 1758 1147 1821 bis
1178 1759 1466 1822 eundem
1514 1757 1906 1822 instruxeris
1941 1767 2011 1822 et
2051 1755 2419 1821 ostenderis
2459 1755 2520 1817 ei
2553 1752 2663 1816 illa

249 1880 422 1943 quae
469 1859 874 1923 conueniunt
920 1860 1061 1922 eius
1109 1859 1326 1936 saluti,
1376 1859 1785 1944 superfluum
1835 1871 1938 1926 est
1988 1860 2239 1926 diutius
2287 1881 2440 1926 cum
2493 1859 2664 1924 eius-

253 1962 433 2027 modi
495 1961 851 2046 disputare,
903 1980 1055 2026 cum
1110 1962 1196 2027 sit
1257 1963 1649 2028 manifestus
1701 1965 2018 2048 quoniam
2078 1963 2331 2028 nullam
2384 1965 2664 2047 percipit

252 2066 741 2143 correctionem,
772 2087 862 2130 ex
900 2067 1142 2150 quibus
1171 2067 1379 2131 semel
1408 2077 1477 2133 et
1508 2069 1609 2132 bis
1649 2069 1763 2133 illa
1802 2089 1974 2153 quae
2013 2067 2501 2133 conueniebant
2538 2067 2664 2132 sibi

251 2170 528 2234 audiens
581 2191 978 2253 cognoscere
1038 2172 1253 2237 noluit
1310 2174 1682 2239 ueritatem.
1771 2173 2067 2257 relinque
2126 2193 2285 2255 ergo
2342 2192 2497 2235 eum
2550 2171 2665 2254 qui

250 2274 401 2337 talis
434 2282 536 2338 est
567 2283 643 2337 ut
673 2275 917 2338 iustam
948 2285 1267 2358 expectet
1298 2297 1338 2340 a
1369 2278 1587 2341 iudice
1618 2297 1924 2360 poenam,
1945 2297 2028 2341 eo
2050 2277 2229 2360 quod
2259 2275 2351 2360 [in
2377 2294 2498 2339 sua
2520 2294 2666 2356 per-

249 2378 495 2442 tinacia
527 2379 909 2463 persistens]
937 2379 1191 2445 nullum
1218 2381 1330 2465 [ad
1357 2383 1844 2465 correptionem
1877 2380 2093 2464 suam]
2120 2402 2211 2444 ex
2236 2381 2666 2445 instructione

257 2478 579 2566 [accipere
610 2482 754 2546 uult
800 2482 1195 2569 consilium}
1287 2485 1355 2547 in
1386 2484 1488 2548 his
1519 2504 1992 2549 consummans
2038 2483 2406 2568 plenarium
2453 2483 2665 2547 consi-

250 2583 414 2651 lium
445 2606 656 2663 suum,
689 2587 916 2653 scribit
946 2588 1030 2652 de
1061 2597 1280 2653 cetero
1311 2597 1546 2671 utpote
1575 2589 1914 2653 carissimo
1946 2586 2273 2670 discipulo
2302 2607 2465 2651 suo:

356 2753 376 2787 1
415 2739 523 2803 ipsa
547 2736 660 2804 (fhr
687 2737 795 2804 illa)
819 2740 889 2789 H

253 2834 282 2884 5
319 2823 554 2873 iubamen
581 2823 662 2873 C*

1072 2758 1104 2804 4
1137 2741 1212 2790 illi
1245 2749 1481 2792 consuete
1510 2748 1776 2807 praeerunt
1808 2742 1878 2791 H
1933 2740 2033 2790 illis
2065 2746 2303 2790 consuete
2334 2738 2605 2804 proderunt
2640 2752 2673 2785 r

813 2837 840 2887 7
875 2830 989 2888 post
1010 2841 1160 2875 unam
1184 2843 1218 2874 r
1240 2823 1250 2890 Ι
1279 2826 1644 2891 correptionem
1671 2827 1717 2876 C
1734 2841 1765 2874 r
1790 2823 1799 2890 Ι
1828 2832 1878 2875 et
1900 2824 2171 2875 secundam
2191 2839 2269 2873 om
2292 2839 2325 2873 r
2465 2824 2497 2872 8
2529 2821 2670 2887 quod

253 2901 519 2951 subuersas
551 2909 625 2951 est
659 2901 904 2952 eiusmodi
935 2910 986 2953 et
1014 2902 1225 2969 deliquit
1255 2904 1342 2968 qui
1369 2911 1445 2953 est
1474 2919 1506 2953 a
1535 2903 1806 2969 semetipso
1834 2902 2100 2953 damnatus
2122 2917 2155 2950 r
2352 2917 2372 2951 1
2385 2915 2404 2948 1
2442 2900 2618 2965 pietati
2640 2915 2674 2949 r

986 2996 1042 3046 15
1066 2983 1433 3047 correptionem
1455 2988 1532 3033 ν’»
1559 2981 1569 3049 Ι
1595 2998 1699 3033 non
1724 2982 1832 3048 (besl
1852 2982 2085 3048 conuen.)
2108 2985 2214 3034 add
2230 2991 2305 3034 Ν
2538 2996 2594 3047 17
2620 2984 2672 3033 in

258 2996 317 3043 14
338 2981 656 3032 manifestum
679 2988 754 3031 rw

254 3077 345 3112 sua
364 3068 493 3127 pert.
520 3063 611 3113 διο.
634 3079 712 3114 om
741 3064 784 3113 C
802 3063 873 3114 H
883 3080 946 3114 r:
980 3070 1054 3114 txt
1077 3070 1287 3115 ssP—see
1308 3070 1418 3115 note

250 3145 290 3194 l.
316 3143 373 3208 5]
392 3161 469 3194 om
494 3160 527 3194 r

254 3283 310 3341 ἐξ
338 3279 583 3329 Ἰουδαίων
621 3280 741 3341 ἔφη·
775 3280 886 3340 περὶ
922 3276 1108 3328 τούτων
1142 3279 1195 3328 δὲ
1230 3278 1313 3327 καὶ
1343 3275 1414 3339 τῷ

255 3361 474 3423 μακαρίῳ
493 3359 749 3421 ’γέγραφεν
768 3359 998 3422 Τιμοθέῳ·

324 3454 371 3505 7.
448 3448 563 3507 post
592 3440 823 3505 primam
866 3447 1078 3501 correct„
1128 3441 1247 3503 &c.]
1326 3439 1405 3490 Cf.

256 3520 390 3570 Iren.
408 3520 441 3571 i.
467 3519 540 3581 16,
562 3522 590 3582 5
613 3535 672 3582 3:
707 3525 738 3548 “
755 3536 882 3586 quos
900 3521 1085 3570 Paulus
1106 3521 1245 3571 iubet
1266 3521 1415 3570 nobis

256 3610 370 3666 post
407 3601 659 3667 primam
681 3611 732 3653 et
754 3604 1024 3654 secundam
1047 3604 1414 3669 correptionem

257 3681 532 3733 deuitarefi
596 3683 737 3734 Tert-
753 3692 966 3748 praescr.
997 3686 1058 3736 6:
1098 3687 1135 3712 “
1153 3685 1272 3735 Tito
1303 3700 1415 3749 sug-

258 3764 385 3828 gerit
408 3763 663 3814 hominem
686 3765 990 3816 haereticum
1017 3772 1131 3831 post
1164 3764 1416 3829 primam

259 3844 623 3908 correptionem
658 3844 1042 3895 recusandum.'’
1122 3846 1233 3895 The
1269 3843 1418 3894 omis·

259 3924 371 3974 sion
393 3924 451 3973 os
473 3927 554 3973 καὶ
577 3926 816 3989 δευτέραν,
842 3927 1033 3991 though
1056 3927 1331 3991 supported
1350 3927 1421 3990 by

261 4004 434 4068 Cypr„
460 4004 711 4054 Ambrstr.
735 4006 834 4054 and
865 4006 1008 4055 other
1032 4005 1181 4055 Latin
1202 4005 1420 4055 authori-

259 4088 372 4144 ties,
407 4087 498 4137 has
535 4103 604 4136 no
642 4087 894 4152 authority
924 4087 977 4137 in
1017 4087 1103 4137 the
1138 4088 1242 4138 Gk.
1309 4088 1422 4138 The

262 4168 412 4234 Vulg.
440 4167 531 4217 has
561 4169 725 4232 “post
750 4182 901 4217 unam
930 4175 978 4217 et
1012 4168 1282 4217 secundam
1314 4184 1422 4218 cor·

261 4248 594 4316 reptionem-'³
665 4250 1019 4300 Cor-rectionem
1059 4266 1218 4300 seems
1261 4258 1316 4300 to
1358 4251 1424 4301 be

260 4331 482 4398 peculiar
504 4339 557 4382 to
580 4347 671 4381 our
692 4331 960 4383 translator
980 4351 994 4394 ;
1027 4333 1120 4384 but
1143 4335 1196 4385 S.
1222 4334 1423 4399 Jerome

261 4411 363 4463 had
385 4413 590 4476 already
610 4411 767 4461 found
789 4410 916 4462 fault
947 4412 1072 4463 with
1106 4418 1137 4440 ‘⁸
1153 4412 1425 4479 correptio-

263 4510 379 4545 nem
401 4492 454 4545 :’'
491 4499 522 4522 ⁸⁶
538 4495 760 4544 νουθεσία
782 4502 948 4545 autem
982 4495 1424 4545 commonitionem

1664 3080 1729 3117 20
1750 3080 1827 3130 sq.
1851 3064 2306 3132 scribit...diligunt
2326 3081 2419 3117 nos
2445 3065 2533 3130 [p.
2560 3077 2670 3127 257,

1513 3278 1673 3344 magis
1712 3285 1762 3329 et
1800 3277 2078 3328 doctrinam
2111 3278 2300 3343 absque
2333 3277 2674 3344 increpatione

1514 3360 1816 3425 significat.”
1881 3362 2192 3418 Peruersus5
2234 3377 2292 3411 so
2328 3361 2478 3421 Iren„
2511 3361 2670 3420 Tert.‚

1516 3440 1883 3506 Cypr.‚Lucif.,
1901 3441 2170 3501 Ambrstr.,
2197 3441 2439 3497 Clarom.;
2473 3441 2672 3498 Ambr„

1516 3522 1671 3586 Aug„
1711 3520 1886 3584 Vulg„
1935 3518 2301 3569 “subuersus.”
2367 3521 2569 3575 Peccat;
2616 3534 2673 3568 so

1516 3602 1690 3668 cypr„
1745 3600 1930 3661 Lucis„
1986 3601 2237 3659 Clarom.;
2292 3601 2448 3659 Tert„
2495 3601 2669 3662 Amb„

1517 3682 1789 3738 Ambrstr„
1812 3680 1983 3745 Vulg„
2017 3678 2364 3744 “delinquit'’

1591 3777 1666 3812 11.
1758 3760 1893 3809 hunc
1955 3759 2089 3809 enim
2153 3759 2449 3808 haereticum
2513 3759 2677 3823 uocat]

1521 3844 1607 3892 An
1639 3841 1934 3906 interesting
1963 3842 2064 3891 and
2096 3840 2465 3891 characteristic
2501 3839 2676 3891 defini·

1521 3926 1644 3976 tion.
1713 3925 1792 3977 Cf.
1833 3927 2062 3991 Jerome:
2108 3925 2366 3975 “haeresis
2397 3939 2576 3988 graece
2611 3928 2676 3976 ab

1521 4010 1768 4061 electione
1795 4009 1992 4066 dicitur,
2027 4008 2164 4073 quod
2196 4007 2384 4058 scilicet
2417 4008 2676 4071 unusquis·

1521 4107 1622 4156 que
1664 4091 1717 4140 id
1760 4090 1859 4140 sibi
1900 4089 2039 4155 eligit
2083 4090 2220 4155 quod
2263 4089 2310 4141 ei
2352 4089 2529 4141 melius
2572 4105 2680 4140 esse

1522 4171 1805 4222 uideatur.”

1595 4265 1672 4315 17.
1743 4252 1800 4300 in
1854 4266 1950 4300 sua
1994 4250 2290 4315 pertinacia,
2351 4250 2469 4315 δῖα]
2567 4251 2680 4301 The

1526 4333 1800 4383 bracketed
1838 4332 2004 4381 words
2037 4346 2122 4381 are
2153 4332 2389 4397 supplied
2427 4331 2553 4382 srom
2593 4333 2681 4382 the

1526 4416 1673 4466 letter
1717 4413 1776 4463 of
1807 4413 1937 4463 Rab.
1974 4420 2030 4462 to
2065 4412 2314 4462 Hincmar
2348 4413 2529 4476 [=·-r⁶¹’]
2545 4431 2561 4474 3
2595 4428 2680 4463 see

1526 4492 1821 4558 Appendix.

2699 1556 2777 1604 10

2703 2078 2771 2142 15

2696 2599 2783 2647 20
