3221 5116
493 345 572 409 14
1157 342 1615 395 Tnssononus
1662 343 2245 395 MOPSUESTENUS
2508 330 2630 413 [ΙΙ.
2672 347 2765 409 ι4,
2809 346 2902 411 15.

481 506 866 573 hominibus
920 511 1113 574 uobis
1161 510 1586 595 loquentibus
1648 512 2048 595 suscepistiS,
2103 512 2220 576 sed
2275 513 2446 576 sicut
2495 511 2902 575 conueniens

482 622 626 674 erat
684 613 1016 695 suscipere
1068 634 1183 677 eos
1242 617 1355 697 qui
1409 614 1711 679 diuinam
1771 615 2223 697 suscipiebant
2280 614 2669 690 doctrinam,
2730 633 2903 697 quae

482 713 686 775 etiam
749 725 816 778 et
876 716 1038 798 ipsis
1097 717 1409 798 operibus
1453 718 1828 781 ostenditur
1878 737 2023 780 esse
2074 716 2254 799 apud
2308 717 2463 781 uos?
2552 725 2621 779 et
2672 734 2903 799 quem-

481 816 851 880 admodum
897 818 966 881 in
1012 820 1323 901 operibus
1367 822 1763 884 ostendatur
1805 821 2072 884 dicens:

415 978 447 1045 5
611 986 724 1028 uos
759 967 1021 1051 (inquit)
1058 968 1413 1035 imitatores
1424 970 1608 1052 sacti
1631 970 1798 1047 estis,
1814 972 2091 1053 fratres,
2136 969 2535 1034 ecclesiamm
2578 968 2711 1032 Dei
2745 988 2908 1050 quae

479 1079 638 1132 sunt
666 1068 735 1132 in
764 1070 1012 1133 Iudaea
1042 1071 1112 1134 in
1147 1072 1402 1138 Christo
1429 1075 1594 1152 Iesu,
1625 1075 1929 1157 quoniam
1972 1075 2188 1138 eadem
2219 1066 2411 1158 passi
2434 1073 2587 1137 estis
2622 1084 2685 1138 et
2722 1095 2834 1137 uos
2861 1094 2906 1135 a

470 1172 761 1256 propriis
786 1175 1258 1253 contribulibus,
1288 1177 1457 1240 sicut
1480 1187 1543 1241 et
1573 1178 1700 1260 ipsi
1724 1199 1768 1241 a
1796 1178 2075 1245 Iudaeis.

615 1294 631 1319 ‘
653 1289 893 1354 similia
926 1290 1191 1375 (inquit)
1225 1293 1402 1375 passi
1434 1296 1593 1359 estis
1626 1295 1907 1373 illorum,
1939 1296 2051 1379 qui
2094 1295 2160 1359 in
2204 1295 2458 1360 Iudaea
2486 1288 2904 1359 crediderunt

489 1386 797 1470 Christo;
865 1393 1035 1458 sicut
1085 1395 1263 1459 enim
1317 1395 1409 1460 illi
1470 1418 1513 1461 a
1565 1397 1834 1462 Iudaeis
1882 1398 2094 1462 multa
2142 1407 2297 1462 sunt
2357 1399 2649 1482 perpessi
2710 1396 2904 1471 mala,

381 1508 459 1555 10
484 1494 576 1556 sic
622 1504 689 1560 et
735 1518 855 1560 uos
898 1519 939 1561 a
984 1499 1266 1581 propriis
1310 1501 1791 1565 contribulibus
1812 1502 1991 1565 '—-ut
2037 1501 2234 1577 dicat,
2268 1500 2645 1584 ‘gentibus'
2737 1499 2908 1562 bene

485 1607 710 1662 autem
765 1622 880 1663 eos
936 1613 1037 1665 est
1112 1602 1521 1681 adhortatu5‚
1571 1623 2100 1669 commemorans
2149 1603 2298 1666 illos
2350 1604 2464 1686 qui
2527 1603 2594 1665 in
2656 1602 2908 1666 Iudaea
3001 1685 3006 1689 .

483 1702 921 1778 crediderunt,
971 1713 1045 1768 ut
1090 1705 1462 1769 sustineant
1505 1715 1575 1769 et
1620 1706 1745 1788 ipsi
1791 1706 2303 1789 magnanimiter
2349 1707 2668 1783 laborent,
2710 1706 2911 1789 siqui·

487 1803 641 1868 dem
674 1827 804 1869 non
837 1808 960 1871 soli
992 1809 1557 1891 contemplatione
1586 1811 1855 1893 pietatis
1884 1811 2242 1893 patiuntur.
2307 1830 2465 1873 nam
2495 1819 2564 1872 et
2593 1808 2909 1872 ecclesiae

488 1909 786 1991 integrae
835 1933 1007 1995 quae
1055 1934 1175 1996 per
1226 1922 1440 1978 totam
1489 1922 1645 1977 sunt
1702 1913 2022 1977 Iudaeam
2084 1912 2359 1976 diuersis
2420 1912 2910 1976 fluctuabantur

384 2032 455 2098 15
488 2017 1067 2098 persecutionibus
1159 2016 1335 2081 unde
1379 2025 1449 2081 et
1480 2018 1677 2081 latius
1725 2017 2125 2081 Iudaeorum
2171 2016 2517 2098 explicans
2562 2014 2905 2090 malitiam,

488 2118 783 2182 ostendit
816 2119 985 2195 hinc,
1017 2130 1269 2202 quanta
1300 2128 1368 2184 et
1397 2120 1622 2203 qualia
1653 2118 2082 2202 patiebantur
2110 2118 2197 2181 ab
2228 2116 2356 2180 illis
2399 2116 2512 2200 qui
2549 2116 2721 2180 inter
2759 2111 2907 2178 illos

487 2218 927 2285 habitabant:

617 2354 736 2437 qui
758 2365 821 2419 et
845 2353 1183 2419 dominum
1225 2355 1492 2439 (inquit)
1532 2355 1894 2425 occiderunt
1932 2357 2148 2420 Iesum
2182 2365 2246 2418 et
2278 2376 2426 2419 suos
2454 2354 2814 2439 prophetas,
2849 2365 2913 2418 et

489 2477 603 2520 nos
615 2457 934 2539 persecuti
957 2468 1130 2523 sunt.

380 2602 465 2650 20
620 2576 792 2641 bene
840 2577 906 2641 in
956 2577 1179 2642 medio
1231 2581 1452 2661 posuit
1485 2578 1847 2661 prophetas,
1890 2598 1978 2641 ex
2032 2578 2270 2661 quibus
2315 2580 2786 2661 comprobatur
2829 2600 2909 2643 eo

493 2679 673 2763 quod
734 2689 801 2743 et
863 2680 1227 2744 Dominum
1290 2680 1434 2745 sola
1507 2682 1763 2745 malitia
1837 2683 2211 2745 interimere
2284 2691 2768 2765 usurpauerunt
2842 2694 2908 2747 et

491 2780 865 2863 apostolos;
937 2782 1266 2865 siquidem
1341 2792 1409 2847 et
1484 2804 1642 2865 erga
1716 2804 1870 2846 suos
1930 2782 2291 2866 prophetas
2364 2784 2531 2848 tales
2606 2784 2910 2848 extitisse

493 2884 814 2950 uidentur.
905 2894 973 2949 et
1004 2887 1183 2970 quod
1215 2887 1318 2950 his
1348 2888 1562 2950 maius
1592 2895 1733 2950 est:

619 3032 683 3085 et
708 3021 844 3084 Deo
873 3042 998 3084 non
1012 3022 1284 3103 placent.

382 3152 460 3221 25
622 3139 777 3204 dein
808 3148 876 3203 et
906 3141 1085 3224 quod
1117 3140 1285 3204 odiri
1318 3140 1531 3223 magis
1563 3147 1750 3202 erant
1782 3139 1965 3223 digni
1995 3164 2009 3203 z

592 3294 625 3346 6
658 3297 710 3347 in
736 3298 829 3360 (2⁰)
851 3314 930 3347 om
954 3313 987 3347 r
1177 3311 1210 3363 9
1243 3314 1373 3364 quae
1397 3298 1510 3364 (sor
1527 3297 1673 3364 sicut)
1704 3299 1750 3348 C
1766 3299 1915 3360 (corr)
2117 3315 2174 3350 η
2209 3308 2259 3349 et
2281 3300 2379 3365 ipsi
2398 3303 2559 3351 sust-l
2584 3301 2593 3365 Ι
2619 3318 2683 3351 ne
2707 3302 2821 3367 (sor
2839 3302 2911 3365 et)

500 3380 545 3429 C
563 3380 630 3429 H
638 3397 669 3429 r
688 3380 776 3442 [et‚
804 3380 1027 3431 laborem
1049 3381 1120 3430 al.
1139 3382 1333 3446 Mssgne]
1471 3380 1529 3432 16
1552 3382 1653 3432 illis
1675 3383 1772 3443 (om
1796 3380 1882 3445 ab)
1913 3380 2055 3431 C'H
2112 3382 2185 3431 illi
2216 3383 2261 3433 C
2280 3381 2451 3447 (corr):
2473 3391 2554 3433 txt
2575 3401 2607 3433 r
2740 3387 2799 3434 18
2821 3400 2912 3434 uos

494 3461 611 3525 (sor
630 3463 765 3522 suos)
790 3477 822 3511 r
1015 3478 1079 3525 24
1111 3477 1214 3512 non
1236 3463 1333 3513 deo
1356 3479 1389 3512 r
1584 3476 1644 3526 25
1680 3462 1831 3512 odere
1859 3460 2001 3511 C*H
2043 3461 2194 3511 'odire
2221 3463 2265 3512 C
2287 3465 2458 3525 (corr):
2490 3470 2570 3513 αἱ
2587 3465 2713 3528 conj.
2729 3465 2916 3529 Jacobi

563 3619 611 3668 3.
669 3603 792 3668 apsis
806 3602 1047 3667 operibus]
1090 3602 1273 3653 Thdt.:
1296 3604 1472 3664 ἔδειξεν
1498 3603 1551 3652 δὲ
1573 3605 1654 3652 αὖ·
1759 3603 1802 3650 οἱ
1832 3602 1901 3662 μὴ
1933 3602 2032 3665 γὰρ
2065 3599 2212 3652 οὕτως
2245 3603 2390 3652 αὐτὸν
2433 3604 2674 3665 ἐδέξασθε,
2724 3606 2809 3653 οὐκ
2852 3601 2913 3653 ἂν

492 3687 603 3734 τοὺς
625 3685 755 3747 [τοὺς
774 3682 971 3746 λόγους]
991 3686 1234 3735 τοιούτους
1262 3686 1340 3733 καὶ
1368 3687 1467 3733 τῶν
1492 3701 1652 3748 τραγ·
1753 3687 1863 3735 τοὺς
1890 3686 2200 3745 τηλικούτους
2222 3687 2513 3749 πειρασμοὺς
2528 3684 2674 3738 οὕτως
2689 3687 2913 3747 ’γενναίως

493 3766 661 3825 μάτων
684 3765 716 3824 ἡ
735 3766 893 3826 πεῖρα,
922 3764 955 3814 i.
968 3780 1035 3822 e..
1059 3780 1114 3814 as
1134 3765 1198 3814 he
1230 3766 1470 3830 proceeds
1492 3773 1547 3814 to
1568 3781 1651 3814 ex·
1755 3767 2014 3827 ἠνέγκατε.

494 3847 649 3913 plain,
685 3845 755 3911 (1)
796 3848 880 3897 the
919 3846 1292 3910 extraordinary
1326 3846 1444 3910 gista
1475 3844 1533 3895 of
1571 3846 1659 3895 the
1823 3845 1869 3897 6.
1940 3863 1974 3897 a
1997 3847 2218 3911 propriis
2249 3847 2624 3909 contribulibus]
2673 3848 2772 3897 ἀπὸ
2800 3850 2911 3897 τῶν

496 3928 671 3993 spirit,
701 3928 775 3988 (π)
816 3927 901 3977 the
934 3928 1127 3992 patient
1161 3928 1444 3977 endumnce
1476 3927 1535 3978 os
1559 3926 1659 3977 sus·
1760 3928 1889 3976 ἰδίων
1912 3933 2067 3989 συμφ.
2119 3927 2263 3978 0.L.
2283 3927 2385 3977 and
2401 3927 2667 3991 Vulg.‚“a
2684 3928 2911 3978 uostris.n

496 4010 655 4073 sering
684 4007 760 4057 for
794 4007 879 4058 the
916 4007 1146 4074 Gospel's
1168 4008 1302 4059 sake.
1377 4008 1477 4057 Th.
1508 4008 1552 4057 is
1584 4008 1658 4057 in-
1832 4022 1908 4057 10.
1974 4016 2034 4058 ut
2059 4010 2210 4071 dicat,
2246 4007 2535 4074 ‘gauibus’J
2593 4010 2675 4060 Cf.
2699 4023 2760 4062 11.
2790 4026 2841 4076 p.
2865 4027 2908 4071 1,

494 4091 657 4141 duced
702 4090 773 4153 by
805 4088 891 4138 the
934 4089 1190 4153 following
1231 4090 1332 4152 γάρ
1376 4089 1445 4151 (v.
1491 4088 1569 4153 14)
1604 4098 1660 4139 to
1759 4089 1795 4139 1.
1824 4087 1874 4148 6,
1897 4097 2032 4140 note.

493 4170 693 4224 confine
738 4169 824 4220 the
868 4169 1082 4219 allusion
1120 4178 1174 4220 to
1211 4171 1296 4221 the
1339 4170 1503 4221 latter.
1571 4170 1653 4221 Cf.
1825 4169 2297 4233 bene...sustineant]
2363 4170 2514 4221 Cited
2547 4171 2616 4235 by
2643 4172 2906 4223 lanfranc.

494 4251 716 4316 Thpht.:
763 4245 912 4299 τόθεν
960 4250 1104 4310 δῆλον
1150 4251 1225 4299 ὅτι
1269 4250 1332 4300 ὥς
1366 4252 1476 4300 θεοῦ
1509 4249 1662 4312 λόγον
1831 4269 1906 4318 13·
1974 4254 2684 4319 ecclaeiae...persecut1bnibus]
2750 4255 2831 4305 Cf.
2871 4266 2907 4306 1.

495 4334 754 4395 ἐδέξασθος
779 4333 1067 4395 *ἐνεργεῖται
1089 4332 1188 4395 γὰρ
1212 4330 1397 4396 (φησὶν)
1422 4335 1474 4382 ἐν
1500 4331 1657 4392 tinio*
1758 4351 1810 4399 p.
1838 4350 1916 4395 πο,
1945 4334 1981 4384 1.
2011 4347 2067 4397 15
2084 4350 2179 4401 sq„
2201 4336 2301 4385 and
2325 4343 2443 4385 note
2466 4350 2534 4386 on
2556 4336 2591 4385 1.
2623 4339 2697 4386 18.

494 4417 748 4469 τουτέστιν
778 4417 836 4465 ἐκ
873 4417 971 4464 τῶν
1005 4418 1159 4479 ἔργων
1196 4417 1353 4464 αὐτῶν
1398 4416 1651 4464 δείκνυται.
1825 4430 1901 4477 25.
1969 4417 2125 4479 odiri]
2194 4417 2290 4467 See
2335 4433 2414 4466 vv.
2471 4416 2524 4466 11.
2607 4418 2719 4468 The
2772 4434 2915 4470 sense
