3221 5116
428 1525 507 1573 10
533 1514 733 1585 geret.

424 2558 508 2606 20
535 2539 819 2604 uidetur.

533 389 662 454 260

1200 402 1657 454 THEODORUS
1703 401 2290 458 MOPSUESTENUS

531 575 837 652 utilitate,
869 573 1035 639 haec
1066 577 1150 639 ad
1183 575 1566 639 communia
1597 574 1933 657 pertinent
1977 573 2177 649 lucra,
2208 573 2362 637 licet
2396 574 2604 637 iuuari
2645 575 2958 638 uideatur

533 673 588 741 is
640 680 754 761 qui
815 681 881 744 id
944 680 1103 743 facit
1163 688 1238 743 ut
1297 699 1450 742 cum
1511 679 1936 742 conuenienti
2013 679 2357 760 propositu
2419 699 2614 741 suum
2678 675 2957 760 impleat

534 781 1350 872 ministeriumxpossitque
1391 781 1502 844 illa
1540 802 1736 863 agere
1774 802 1946 863 quae
1986 782 2233 845 multos
2275 782 2587 864 prodesse
2620 789 2953 863 poterunt.

532 880 695 945 haec
742 904 901 948 uero
941 906 1113 968 quae
1145 887 1228 949 ad
1281 885 1736 948 Philemonem
1779 886 2025 967 scripta
2070 894 2171 948 est
2217 905 2350 949 non
2396 885 2613 948 solum
2646 884 2956 965 specialis

470 995 635 1070 5est
666 989 823 1070 quia
868 989 950 1052 ad
996 996 1246 1051 certam
1290 1008 1644 1069 personam
1686 988 1934 1068 scripta
1982 995 2101 1062 est,
2130 988 2248 1050 sed
2297 996 2366 1050 et
2411 988 2702 1069 ipsorum
2750 987 2955 1067 scrip-

533 1098 752 1152 torum
807 1100 1036 1154 tenore
1084 1092 1430 1154 euidenter
1491 1091 1901 1171 perspicitur.
1989 1093 2075 1154 de
2135 1111 2329 1154 seruo
2389 1092 2565 1154 enim
2627 1092 2948 1174 scriptum

532 1203 633 1256 est
665 1193 778 1275 qui
810 1193 1186 1275 pertinebat
1217 1193 1304 1256 ad
1354 1191 1831 1268 Philemonem,
1878 1202 1954 1257 ut
1999 1194 2319 1275 reciperet
2350 1214 2502 1256 eum
2539 1195 2601 1256 in
2635 1194 2950 1257 affectum

533 1300 989 1381 poenitentem
1047 1317 1167 1378 pro
1216 1296 1345 1358 illis
1393 1294 1634 1377 quibus
1687 1296 1947 1358 dudum
1995 1305 2291 1376 gesserat
2346 1295 2561 1374 malis,
2616 1298 2709 1360 ita
2750 1306 2825 1359 ut
2865 1297 2954 1360 de

534 1400 661 1465 illis
713 1422 886 1484 quae
939 1400 1098 1463 olim
1152 1399 1239 1463 ab
1298 1420 1380 1462 eo
1433 1398 1693 1462 fuerant
1753 1400 2045 1462 admissa
2105 1398 2355 1461 nullam
2420 1402 2743 1463 rationem
2809 1401 2954 1462 exi-

853 1525 1012 1587 ergo
1073 1503 1437 1585 perfectum
1500 1504 1810 1566 iuuamen
1874 1503 1939 1566 in
2001 1502 2300 1585 epistolis
2374 1503 2523 1585 quis
2599 1505 2953 1567 intendens

534 1607 867 1685 inueniat;
920 1608 1216 1670 maxime
1268 1627 1419 1669 cum
1480 1603 1646 1668 haec
1691 1605 1983 1670 ecclesiis
2029 1606 2364 1687 scripsisse
2409 1608 2688 1685 uidetur,
2719 1629 2955 1671 omnes

534 1712 872 1775 erudimur
910 1732 987 1774 ac
1049 1711 1366 1773 discimus
1428 1709 1539 1773 illa
1593 1731 1766 1792 quae
1820 1731 1941 1773 nos
1999 1712 2166 1774 scire
2220 1721 2587 1793 oporteant.
2677 1733 2833 1776 nam
2883 1721 2957 1776 et·

534 1815 856 1896 dogmata
921 1814 1431 1896 scrupulositate
1491 1835 1581 1876 ex
1642 1814 1770 1877 illis
1831 1815 2233 1890 instruimur,
2301 1824 2370 1877 et
2429 1815 2953 1877 conuersationis

535 1928 754 1981 rectae
813 1919 1188 1982 institutum
1265 1939 1353 1981 ex
1417 1916 1543 1981 illis
1618 1918 1956 1982 docemur.

430 2040 500 2107 15
535 2023 844 2085 omnibus
876 2023 1121 2105 scripta
1149 2023 1449 2105 epistolis
1479 2023 1629 2105 quis
1669 2025 1997 2104 repperiet
2027 2032 2144 2087 aut
2181 2022 2459 2104 pleniori
2490 2020 2954 2103 prosecutione

2048 1917 2214 1981 haec
2289 1917 2465 1981 enim
2528 1927 2807 1998 utraque
2884 1918 2952 1979 in

535 2125 877 2207 explicata
922 2137 1041 2191 aut
1084 2127 1446 2204 infirmiori,
1480 2128 1675 2191 sicuti
1721 2137 1789 2190 et
1835 2129 1903 2189 in
1941 2126 2486 2208 interpretatione
2531 2134 2756 2187 nostra
2797 2144 2953 2186 cau-

534 2232 790 2294 tissime
821 2232 887 2294 id
920 2230 1435 2314 designauimus.
1525 2231 1610 2293 de
1643 2230 1771 2294 illis
1802 2250 1961 2292 uero
1992 2249 2165 2311 quae
2195 2228 2516 2311 speciales
2546 2235 2702 2290 sunt
2741 2225 2954 2289 multa

535 2355 622 2396 ex
657 2333 784 2396 illis
827 2335 891 2396 in
934 2354 1290 2397 commune
1322 2334 1610 2396 uniuersi
1653 2333 2007 2407 erudimur,
2041 2353 2123 2395 eo
2153 2332 2333 2413 quod
2376 2331 2462 2395 de
2499 2332 2628 2394 illis
2665 2354 2839 2414 quae
2886 2334 2952 2396 in

533 2457 890 2500 commune
921 2437 1273 2518 pertinent,
1309 2438 1479 2499 sicut
1510 2436 1675 2512 dixi,
1706 2433 1917 2498 multa
1946 2433 2290 2517 apostolus
2335 2434 2420 2498 ad
2465 2455 2579 2498 eos
2619 2436 2956 2517 scripsisse

910 2551 978 2604 et
1014 2540 1387 2624 specialiter
1431 2541 1669 2605 iterum
1718 2540 1804 2604 ad
1852 2558 1966 2603 eos
2003 2540 2264 2622 scripsit
2309 2540 2639 2604 instruens
2671 2540 2956 2623 qualiter

533 2643 824 2706 debeant
855 2664 1051 2726 agere
1083 2644 1173 2707 illi
1206 2646 1318 2726 qui
1351 2643 1667 2708 ecclesiae
1712 2642 2227 2706 sollicitudinem
2269 2643 2521 2707 habent
2561 2644 2951 2723 iniunctam,

535 2768 616 2811 eo
647 2749 828 2831 quod
862 2748 1028 2831 tales
1060 2758 1248 2811 erant
1278 2757 1346 2811 et
1379 2747 1471 2809 illi
1502 2748 1587 2810 ad
1621 2766 1791 2829 quos
1831 2745 2205 2824 scribebat;
2253 2746 2477 2829 qualia
2518 2767 2677 2811 uero
2708 2749 2954 2831 singuli

535 2852 810 2934 adsequi
844 2853 1174 2933 possimus
1205 2853 1290 2915 de
1335 2852 1576 2934 quibus
1618 2852 1702 2914 ad
1737 2850 1884 2913 illos
1926 2850 2108 2913 uisus
2138 2858 2239 2913 est
2280 2850 2635 2933 scripsisse.

2726 2852 2956 2915 docuit

537 2955 714 3017 enim
749 2976 869 3018 nos
901 2955 1131 3037 quales
1163 2956 1452 3018 debeant
1485 2976 1629 3019 esse
1666 2956 2054 3038 presbyteri,
2087 2955 2320 3037 quales
2351 2956 2643 3019 debeant
2673 2956 2954 3031 diaconi,

426 3078 461 3123 2
473 3074 503 3140 5
536 3057 766 3141 quales
816 3060 1074 3134 uiduae,
1132 3058 1361 3140 quales
1415 3059 1604 3133 serui,
1662 3058 1892 3140 quales
1937 3057 2209 3130 domini,
2258 3058 2490 3139 quales
2534 3060 2675 3133 uiri,
2724 3057 2953 3140 quales

539 3162 859 3225 mulieres.
937 3164 1022 3225 de
1049 3162 1150 3225 his
1182 3174 1249 3226 et
1281 3173 1506 3227 autem
1540 3163 1834 3226 scribens
1859 3163 1945 3225 ad
1978 3183 2092 3225 eos
2116 3161 2459 3243 apostolus
2492 3162 2807 3225 instruxit
2839 3182 2954 3224 eos

632 3315 661 3348 α
699 3302 984 3366 propositus
1012 3302 1082 3351 C*
1122 3303 1379 3368 proposito
1407 3304 1453 3353 C
1471 3305 1621 3364 (corr)
1687 3305 2002 3369 propositum
2024 3304 2092 3352 H

535 3389 706 3430 tenore
729 3382 961 3431 uidentur
982 3383 1049 3431 H

534 3462 638 3512 niet
667 3463 713 3512 C
731 3462 876 3526 (corr)
899 3463 968 3512 Η
1205 3481 1261 3513 12
1297 3464 1546 3514 discamus
1568 3467 1632 3514 H

535 3551 696 3593 tatum
724 3545 768 3593 C
786 3540 935 3608 (corr)
1095 3541 1153 3594 16
1186 3546 1498 3596 accutissime
1524 3546 1626 3611 (sic)
1651 3547 1718 3595 H

539 3640 599 3687 23
632 3641 750 3674 usus
774 3626 887 3690 (for
905 3619 1061 3687 uisus)
1086 3625 1168 3675 C*
1192 3628 1261 3675 Η

1258 3396 1284 3445 7
1321 3383 1373 3432 in
1395 3383 1573 3433 affectu
1596 3385 1663 3433 H

603 3777 650 3821 4.
720 3774 822 3807 non
862 3758 1021 3807 solum
1053 3757 1285 3821 specialis.
1317 3757 1430 3818 δια]
1504 3757 1583 3807 Cf.
1617 3758 1695 3822 Bp

539 3840 814 3905 Lightsoot,
839 3841 1127 3898 Colossians,
1150 3856 1203 3904 p.
1226 3839 1350 3904 369:
1391 3839 1547 3889 “The
1573 3840 1695 3905 Epi-

537 3921 632 3971 stle
670 3928 724 3970 to
762 3922 1027 3971 Philemon
1066 3920 1214 3970 holds
1257 3937 1288 3969 a
1327 3919 1510 3984 unique
1550 3919 1695 3984 place

536 4019 722 4067 among
756 4003 843 4052 the
870 4000 1123 4068 Apostle’s
1145 4002 1385 4066 writings.
1454 4002 1502 4050 It
1538 4002 1578 4050 is
1608 4002 1694 4051 the

537 4085 657 4148 only
674 4084 865 4147 strictly
886 4085 1077 4148 private
1100 4083 1246 4133 letter
1270 4082 1432 4132 which
1453 4083 1545 4131 has
1565 4082 1695 4132 been

536 4163 816 4228 preserved.
884 4163 997 4213 The
1022 4163 1243 4212 Pastoral
1269 4162 1489 4226 Epistles
1513 4162 1696 4212 indeed

537 4262 622 4295 are
665 4245 933 4294 addressed
979 4253 1032 4294 to
1078 4246 1395 4305 individuam,
1438 4247 1529 4295 but
1578 4247 1698 4309 they

537 4325 727 4375 discuss
786 4326 1061 4391 important
1118 4335 1323 4378 matters
1383 4328 1442 4377 of
1496 4328 1700 4377 Church

537 4406 801 4471 discipline
823 4408 922 4457 and
944 4408 1423 4472 government...On
1445 4408 1532 4458 the
1555 4409 1701 4459 other

536 4489 674 4538 hand
709 4489 794 4538 the
830 4490 974 4539 letter
1009 4490 1178 4539 before
1214 4507 1270 4540 us
1303 4491 1425 4540 does
1451 4498 1538 4539 not
1574 4506 1699 4541 once

1442 3625 1505 3675 26
1540 3636 1588 3677 et
1612 3645 1689 3677 om
1719 3630 1763 3678 C

2388 3301 2419 3350 6
2453 3309 2597 3351 tenor
2632 3302 2888 3352 euidenter
2915 3303 2960 3352 C

1872 3387 1903 3433 8
1938 3399 2029 3449 pro
2052 3383 2085 3431 i.
2111 3398 2204 3447 pro
2226 3382 2406 3447 quibus
2428 3383 2496 3431 Η
2704 3398 2776 3442 31
2819 3384 2956 3457 ἱροε-

1864 3481 1922 3528 13
1957 3465 2389 3529 scrupulositatem
2418 3465 2462 3513 C
2467 3462 2495 3488 ⁴*
2519 3464 2588 3512 Η
2659 3463 2958 3528 scrupulosi·

1889 3547 1965 3604 18,
1994 3561 2053 3612 19
2086 3546 2138 3594 in
2161 3545 2413 3595 communi
2441 3545 2484 3594 C
2657 3560 2717 3611 19
2750 3544 2876 3594 dixit
2898 3543 2968 3592 H

1797 3757 1948 3807 touch
1990 3774 2125 3823 upon
2165 3773 2264 3822 any
2302 3757 2531 3823 question
2575 3757 2634 3807 of
2671 3757 2842 3822 public
2883 3758 2957 3806 in·

1795 3844 1965 3888 terest.
2035 3839 2084 3887 It
2119 3840 2161 3888 is
2194 3838 2464 3887 addressed
2501 3838 2798 3902 apparently
2832 3844 2886 3887 to
2924 3853 2957 3887 a

1794 3919 2012 3984 layman.
2080 3919 2130 3967 It
2162 3919 2203 3968 is
2238 3920 2426 3982 wholly
2457 3919 2695 3983 occupied
2731 3918 2854 3968 with
2889 3934 2958 3968 an

1796 4000 2016 4050 incident
2038 4000 2098 4048 of
2112 4000 2353 4049 domestic
2377 3998 2518 4048 lise.”

1868 4099 1945 4146 ¹4·
2012 4083 2128 4131 hacc
2148 4098 2187 4130 e.
2212 4081 2446 4147 utraque]
2513 4087 2544 4109 “
2564 4082 2696 4131 Both
2730 4082 2962 4133 doctrine

1797 4163 1900 4211 and
1922 4162 2154 4227 practice.
2167 4160 2193 4183 ”

1869 4256 1942 4306 ¹5·
2000 4250 2092 4292 aut
2115 4243 2348 4306 pleniori,
2385 4243 2502 4305 δία]
2538 4244 2729 4297 “More
2764 4259 2822 4293 or
2859 4246 2963 4296 less

1799 4325 1924 4388 sully
1946 4323 2296 4391 expounded.”

1867 4425 1946 4471 23.
2015 4409 2074 4458 de
2125 4409 2325 4473 quibus]
2358 4430 2402 4451 =
2433 4409 2493 4459 de
2536 4410 2644 4458 illis
2686 4425 2812 4473 quae
2823 4427 2846 4468 ,·
2901 4427 2962 4462 or

1799 4490 1857 4539 de
1878 4491 1984 4540 illis
2005 4491 2062 4540 de
2084 4491 2256 4555 quibus
2273 4510 2294 4549 ;
2329 4491 2393 4540 cf.
2420 4506 2471 4555 p.
2499 4490 2610 4551 261,
2640 4490 2673 4540 l.
2710 4505 2784 4553 15.
