3221 5116
273 354 367 472 Il.
403 424 460 490 7,
494 410 586 495 8.]
630 404 635 411 ’

871 427 953 477 IN
1002 428 1106 478 ΕΡ.
1153 428 1254 478 ΑΙ)
1299 429 2045 483 THESSALONICENSES
2095 433 2142 483 1.
2614 437 2683 482 11

271 596 448 673 tiae,·
501 600 716 681 magis
757 600 936 663 enim
979 610 1121 665 erat
1162 612 1235 665 ut
1277 609 1344 666 et
1382 600 1710 667 habentes
1746 609 2150 685 potestatem
2184 604 2372 688 quasi
2406 604 2692 687 apostoli

272 704 392 767 illa
451 725 622 786 quae
682 702 767 766 ad
830 725 987 767 usus
1047 725 1317 768 necesse
1367 704 1709 771 habebant
1770 707 1894 770 sibi
1950 708 2341 790 acciperent,
2392 728 2514 770 nec
2567 707 2695 771 hoc

272 803 643 869 uoluissent
687 803 1044 888 accipere!

404 955 524 1019 sed
527 956 712 1038 sacti
734 977 962 1020 sumus
989 954 1194 1038 quieti
1221 956 1289 1019 in
1323 957 1528 1021 medio
1559 968 1785 1024 uestra.

408 1079 534 1145 hoc
583 1093 701 1159 est,
745 1086 959 1148 ‘omni
1008 1088 1468 1151 mediocritate
1514 1096 1582 1151 et
1641 1086 2016 1150 humilitate
2061 1106 2288 1149 sumus
2329 1087 2535 1164 abusi,
2581 1107 2695 1151 no·
2771 1106 2803 1173 5

274 1181 490 1245 lentes
535 1204 773 1265 graues
817 1187 1148 1269 aliquibus
1194 1187 1436 1253 uideri.'

409 1332 609 1397 sicuti
648 1335 714 1398 si
762 1338 990 1401 nutrix
1028 1341 1267 1422 foueat
1307 1361 1456 1403 suos
1497 1340 1698 1423 filios,
1750 1338 1847 1402 sic
1893 1339 2325 1403 desiderantes
2376 1359 2488 1401 uos
2537 1358 2697 1400 com-

258 1439 597 1520 placemus
654 1442 1053 1524 participare
1112 1443 1291 1507 uobis
1348 1465 1473 1506 non
1531 1443 1738 1506 solum
1797 1443 2202 1525 euangelium
2266 1441 2324 1508 C
2318 1438 2530 1518 bristi,
2588 1439 2707 1503 sed

277 1553 539 1606 nostras
568 1543 849 1625 zpsorum
878 1546 1153 1623 animas,
1186 1547 1490 1629 quoniam
1520 1546 1853 1610 carissimi
1878 1546 2059 1610 nobis
2070 1545 2256 1629 sacti
2278 1544 2445 1608 estis.

414 1671 558 1734 uult
586 1673 893 1755 equidem
927 1674 1145 1737 dicere
1174 1675 1491 1757 quoniam
1520 1679 1536 1706 ‘
1555 1684 1818 1739 tanturn
1844 1674 2042 1758 longe
2074 1695 2301 1738 sumus
2333 1683 2406 1737 ut
2436 1673 2701 1755 pondus
2737 1686 2815 1734 10

279 1776 786 1841 tribulationum
836 1777 1126 1858 grauiter
1166 1777 1468 1855 feramuS,
1502 1777 1597 1841 ita
1643 1788 1718 1843 ut
1764 1779 1833 1842 in
1880 1779 2009 1842 illis
2058 1778 2250 1841 malis
2291 1799 2445 1841 cum
2488 1779 2699 1842 multo

280 1877 611 1940 desiderio
637 1898 756 1941 uos
780 1880 1017 1943 docere
1042 1880 1505 1943 festinaremus
1530 1899 1546 1957 ;
1578 1879 1865 1944 libenter
1887 1900 2009 1961 pro
2034 1881 2225 1944 uobis
2250 1889 2702 1962 supponentes

280 1977 487 2040 etiam
519 1980 777 2043 anImas
809 1991 1087 2061 nostraS,
1121 2002 1201 2044 eo
1231 1980 1412 2065 quod
1445 1981 1702 2046 sortiter
1732 2003 1853 2046 uos
1890 1981 2331 2065 diligebamus
2362 1991 2430 2045 et
2459 1982 2699 2045 affectu

282 2085 544 2166 integro
590 2105 748 2166 erga
799 2106 921 2148 uos
975 2084 1398 2149 tenebamur.’

1506 2086 1945 2149 demiratione
1999 2106 2157 2148 uero
2206 2085 2483 2167 dignum
2539 2084 2700 2167 illud

281 2184 466 2267 quod
520 2185 789 2250 uolebat
841 2188 1304 2269 comprobauit
1355 2185 1597 2269 prolati
1651 2185 1946 2269 exempli
2000 2186 2322 2270 qualitate
2345 2204 2362 2263 ;
2424 2204 2580 2249 narn
2635 2193 2704 2249 et
2739 2199 2808 2266 15

284 2288 610 2351 matribus
670 2290 1082 2353 consuetudo
1144 2299 1245 2354 est
1306 2300 1379 2352 ut
1440 2289 1573 2353 suis
1635 2289 1786 2352 filiis
1845 2309 2037 2352 suum
2100 2291 2202 2353 lac
2261 2310 2413 2353 cum
2493 2292 2704 2356 multa

282 2389 623 2456 celeritate
675 2393 1053 2474 praebeant,
1101 2393 1568 2458 existimantes
1622 2415 1693 2458 se
1741 2395 2073 2471 adiuuare,
2125 2415 2277 2459 cum
2330 2395 2500 2459 filios
2548 2418 2703 2460 suos

283 2497 534 2561 lactare
592 2498 943 2579 potuerint.

1050 2498 1433 2562 ‘nutricem’
1489 2518 1648 2562 uero
1705 2496 1833 2562 hoc
1881 2498 1948 2562 in
2004 2498 2151 2563 loco
2197 2509 2476 2564 matrem
2527 2501 2705 2566 dixit

282 2693 413 2783 «γὰρ
458 2693 534 2775 ἦν
571 2693 647 2762 τὸ
684 2694 790 2760 καὶ
822 2696 1097 2786 ἔχοντας
1127 2696 1425 2781 ἐξουσίαν
1456 2696 1538 2768 ὥς
1568 2696 1992 2770 ἀποστόλους
2023 2696 2107 2763 τὰ
2135 2695 2301 2785 πρὶς
2332 2696 2451 2780 τήν
2478 2695 2707 2786 χρείαν

283 2795 667 2881 λαμβάνειν,
698 2797 864 2882 μκηδὲ
893 2805 1085 2868 τοῦτο
1117 2800 1398 2867 ἑλέσθαι.

387 2994 419 3037 4
451 2975 604 3025 uestri
632 2976 677 3026 C
697 2973 841 3040 (corr)
863 2976 932 3024 H
1000 2982 1218 3025 uestrum
1242 2993 1273 3024 r

285 3071 366 3107 om
389 3057 459 3105 H
656 3072 713 3117 ¹4
747 3057 900 3121 digna
920 3073 953 3106 r

286 3208 527 3274 standing
547 3210 634 3260 the
655 3210 867 3275 Apostle
896 3218 951 3260 to
984 3210 1109 3260 refer
1142 3211 1192 3261 in
1228 3212 1311 3261 the
1340 3228 1451 3277 pre-

290 3300 401 3343 sent
423 3293 589 3342 words
610 3300 664 3342 to
687 3294 771 3343 the
793 3295 987 3343 burden
1010 3295 1069 3344 os
1090 3294 1170 3343 his
1202 3296 1448 3359 temporal

292 3381 519 3438 support.
570 3374 802 3438 Pelagius
818 3375 960 3424 takes
981 3375 1068 3425 the
1090 3391 1226 3425 same
1248 3376 1376 3425 view
1399 3376 1457 3426 of

293 3454 557 3516 δυνάμενοι,
577 3458 755 3505 κ.τ.λ.ε
793 3456 887 3505 “id
909 3465 999 3517 est,
1022 3466 1078 3507 ut
1101 3458 1165 3506 de
1188 3459 1450 3523 euangelio

290 3535 627 3587 uiueremu8.”
691 3538 776 3588 On
809 3538 894 3588 the
927 3538 1070 3588 other
1104 3539 1241 3588 hand
1266 3539 1446 3604 Chrys.

295 3634 457 3668 seems
492 3625 546 3668 to
578 3619 752 3684 regard
776 3621 829 3667 ἐν
850 3620 992 3682 βάρει
1024 3621 1197 3669 ειε--ἑν
1219 3621 1330 3682 δόξῃ
1364 3620 1446 3681 (cf.

300 3716 326 3750 α
348 3701 469 3750 Cor.
483 3699 549 3748 iv.
575 3700 673 3763 17),
698 3701 797 3749 and
822 3701 908 3749 the
930 3699 1057 3750 later
1078 3701 1181 3751 Gk.
1199 3717 1454 3750 commen·

294 3790 453 3832 tators
472 3797 638 3831 waver
658 3782 885 3832 between
909 3782 1049 3832 these
1082 3790 1184 3833 two
1215 3784 1453 3849 interpre-

294 3865 510 3927 tation-‘05
543 3881 643 3930 e.g.
675 3866 831 3916 Oce-t
864 3863 897 3925 ἢ
926 3868 978 3915 ἐν
1004 3862 1126 3929 τιμῇ
1146 3868 1223 3915 καὶ
1248 3869 1387 3928 δόξῃ·
1423 3865 1459 3926 ἦ

298 3946 350 3993 ἐν
369 3943 521 4008 βάρει,
548 3945 815 4006 τουτέστιν,
841 3942 1110 4010 λαμβάνειν
1144 3948 1224 3996 καὶ
1253 3949 1456 4010 τρέφεσ-

299 4028 399 4076 θαι.

368 4122 415 4159 2.
464 4108 752 4172 acciperent]
795 4109 974 4173 Jacobi
998 4116 1213 4159 corrects
1234 4109 1459 4174 uespere,

300 4191 403 4242 and
425 4190 523 4240 this
544 4192 748 4240 accords
770 4191 889 4240 with
915 4192 1001 4241 the
1025 4191 1159 4251 Gk.;
1192 4193 1283 4241 but
1310 4192 1464 4256 quasi

307 4274 640 4338 ...acciperent
676 4289 791 4337 may
826 4274 956 4324 have
999 4276 1127 4324 been
1159 4276 1358 4324 written
1391 4276 1460 4340 by

299 4371 392 4405 our
437 4354 704 4404 translator
746 4361 799 4404 to
843 4364 1098 4419 represent
1143 4354 1460 4419 ὠς...λαμβά·

301 4453 418 4485 vem.
488 4436 712 4501 Perhaps
734 4451 766 4484 a
786 4437 969 4486 second
994 4444 1053 4486 ut
1076 4437 1167 4487 has
1190 4437 1347 4488 fallen
1373 4445 1462 4487 out

301 4517 473 4567 before
495 4517 657 4580 quasi.

1419 2990 1446 3039 5
1483 2975 1556 3025 usi
1581 2992 1614 3024 r

1165 3071 1222 3122 15
1258 3058 1548 3122 qualitatem
1577 3056 1647 3108 δ’
1671 3073 1704 3106 r

2735 2814 2822 2862 20

1777 2978 1807 3026 8
1840 2974 2128 3040 participari
2156 2976 2200 3025 C
2221 2976 2370 3036 (corr)

1902 3069 1959 3119 17
1993 3057 2216 3106 adiuvari
2245 3058 2289 3106 C
2307 3057 2458 3119 (corr)

2523 2991 2557 3043 9
2590 2973 2707 3025 sacti

1610 3231 1656 3274 4.
1728 3207 2120 3276 ᾳιιιέΐιἹε-ἥτιοι,
2165 3212 2251 3264 the
2293 3213 2503 3278 reading
2545 3213 2604 3264 of
2639 3215 2709 3265 all

1544 3290 1631 3340 the
1666 3290 1833 3340 Greek
1867 3299 2270 3348 commentator-8,
2306 3308 2412 3341 exc.
2438 3293 2630 3359 Thpht.
2658 3310 2702 3344 α.

1546 3373 1658 3421 The
1693 3372 1843 3422 Latin
1875 3373 2097 3422 versions
2142 3374 2319 3423 render
2342 3374 2574 3438 paruuli,
2615 3374 2709 3425 sol-

1545 3455 1733 3520 lowing
1768 3454 1852 3504 the
1886 3455 2077 3505 variant
2113 3453 2291 3514 νήπιοι,
2313 3454 2480 3504 which
2505 3443 2707 3521 'Thpht.

1545 3535 1686 3599 gives
1709 3551 1764 3585 as
1785 3551 1850 3584 an
1873 3537 2184 3586 alternative.

1616 3629 1662 3680 7.
1751 3619 2096 3682 complacemus
2175 3617 2503 3683 parttkrpare]
2602 3618 2712 3668 Our

1546 3699 1829 3766 translator,
1852 3700 1973 3749 with
1992 3700 2080 3748 the
2102 3700 2233 3749 Cod.
2254 3701 2476 3750 Clarom.
2502 3698 2709 3765 (“cupi-

1548 3779 1735 3842 mus”),
1754 3782 2058 3831 understood
2077 3783 2354 3841 εὐδοκοῦμεν
2372 3797 2428 3830 as
2445 3797 2476 3830 a
2492 3790 2708 3845 present,

1548 3863 1650 3912 and
1684 3880 1742 3913 so
1781 3864 1997 3928 perhaps
2029 3863 2129 3912 Th.
2163 3863 2372 3913 himself
2377 3882 2392 3923 ;
2426 3862 2490 3912 cf.
2526 3864 2707 3914 Thdt.:

1551 3947 1826 4010 ἱμειρόμεθα
1871 3947 1948 3994 καὶ
1995 3947 2249 4004 ποθοῦμεν.
2322 3946 2538 3995 Nostras
2582 3947 2706 4011 ipso·

1551 4045 1670 4078 rum
1684 4027 1819 4077 :rtis
1841 4027 2040 4077 ἑαυτῶν.

1623 4126 1698 4162 ro.
1765 4117 1967 4159 tantum
1989 4110 2128 4174 longe
2145 4126 2316 4159 sumus
2348 4110 2546 4160 ut,..ita
2567 4109 2702 4172 utJ=

1552 4196 1789 4241 “tantum
1812 4191 1952 4240 abest
1974 4189 2204 4241 ut...ut.’'

1623 4287 1700 4323 12.
1764 4279 2080 4337 supponentes
2098 4274 2252 4323 etiam
2274 4274 2477 4322 animas
2497 4273 2711 4335 nostras]

1552 4354 1808 4406 ὑποθέντες
1830 4357 1909 4404 καὶ
1931 4357 2018 4407 τὰς
2041 4356 2202 4419 ψυχὰς
2225 4356 2376 4415 ἡμῶν.
2445 4355 2525 4405 Cf.
2554 4355 2704 4405 Rom.

1552 4437 1654 4485 xvi.
1678 4455 1709 4500 4
1734 4434 2011 4499 (ὑπέθηκαν,
2041 4437 2193 4502 Vulg.
2219 4435 2613 4502 supposuerunt).

1626 4520 1699 4568 18.
1773 4518 2018 4568 nutricem
2130 4523 2336 4567 matrem
2389 4516 2543 4578 dixit]
2609 4517 2649 4567 1.
2666 4533 2713 4567 e.
