3221 5116
380 431 833 485 FRAGMENTS
880 436 974 487 OF
1019 435 1174 486 THE
1220 435 1610 489 DOGMATIC
1658 421 1927 490 WORKS
1974 440 2068 491 OF
2113 439 2537 491 THEODORE.
2617 429 2734 508 291

1400 609 1581 671 Boot<
1627 625 1667 670 1.

845 737 891 784 ι.
986 715 1143 805 [Act.
1178 721 1363 786 Cone.
1400 727 1519 788 CP.
1554 719 1606 785 ii.
1646 741 1722 786 lv.
1761 744 1852 804 ²5·
1939 724 2067 804 Vig.
2107 723 2222 809 26].

445 833 611 897 Sicut
666 836 841 915 igitur
888 855 997 914 per
1035 831 1377 898 huiusmodi
1419 837 1861 899 confessionem
1904 858 2028 900 non
2069 838 2307 901 deitatis
2357 835 2741 902 Nathanael*

324 931 552 994 habens
622 935 933 996 scientiam
1003 933 1650 996 ostenditur—Iudaei
1720 948 1782 996 et
1843 937 2167 997 Samaritae
2235 936 2377 998 talia
2437 950 2742 1016 sperantes

324 1029 643 1105 plurimum
684 1043 974 1109 quantum
1015 1030 1132 1092 Dei
1165 1031 1351 1091 Verbi
1385 1050 1423 1090 a
1463 1030 1712 1091 scientia
1752 1033 1933 1109 longe
1974 1033 2310 1094 erant—sic
2352 1044 2413 1094 et
2458 1035 2740 1108 Martha’s
2783 1043 2790 1052 ’

324 1143 430 1201 per
470 1127 908 1188 confessionem
952 1126 1114 1186 illam
1156 1146 1281 1187 non
1331 1125 1567 1188 deitatis
1617 1129 1848 1189 habens
1897 1141 2041 1189 tunc
2089 1129 2399 1190 scientiam
2440 1130 2739 1208 probatur,

316 1217 636 1286 'manifeste
684 1238 886 1286 autem
937 1246 1053 1287 nec
1093 1225 1305 1286 beatus
1350 1227 1623 1304 Petrus‡.
1657 1291 1664 1296 ‚
1706 1227 1909 1287 adhuc
1950 1226 2171 1288 etenim
2220 1226 2365 1304 ipsis
2414 1225 2742 1288 sufficiebat
2812 1243 2844 1303 5

324 1331 471 1381 tunc
525 1323 952 1385 reuelationem
1002 1324 1163 1383 illam
1215 1323 1678 1402 suscipientibus
1725 1323 2115 1403 praecipuum
2164 1325 2393 1403 aliquid
2441 1337 2503 1387 et
2552 1326 2742 1387 maius

324 1421 404 1482 de
452 1422 585 1500 ipso
632 1434 868 1500 praeter
916 1433 1251 1484 ceterorum
1302 1423 1617 1483 hominum
1668 1422 2048 1502 phantasiam
2104 1423 2393 1501 accipere.
2479 1434 2617 1501 post
2659 1439 2746 1502 re-

324 1519 753 1580 surrectionem
790 1533 990 1581 autem
1035 1519 1252 1597 Spiritu
1282 1520 1557 1598 perducti
1595 1521 1675 1581 ad
1703 1519 2034 1595 scientiam,
2065 1533 2214 1581 tunc
2254 1532 2314 1581 et
2359 1519 2742 1581 reuelationis

320 1615 643 1691 perfectam
674 1613 984 1677 scientiam
1012 1616 1433 1695 suscipiebant,
1457 1627 1522 1676 ut
1551 1616 1769 1678 scirent
1789 1616 1930 1694 quia
1949 1616 2337 1696 praecipuum
2367 1617 2480 1695 ipsi
2509 1629 2745 1695 praeter

322 1723 554 1773 ceteros
604 1712 880 1775 homines
928 1735 1051 1775 non
1100 1713 1305 1792 aliquo
1360 1734 1510 1792 puro
1554 1714 1785 1775 honore
1834 1735 1907 1775 ex
1957 1717 2095 1776 Deo
2144 1713 2436 1794 peruenit,
2483 1714 2637 1775 sicut
2679 1714 2737 1775 in
2777 1732 2848 1770 10

322 1808 535 1870 ceteris
564 1809 922 1883 hominibus,
952 1811 1057 1871 sed
1087 1830 1194 1888 per
1221 1812 1510 1872 unitatem
1537 1814 1619 1873 ad
1651 1813 1853 1873 Deum
1880 1813 2166 1888 Verbum,
2193 1832 2299 1892 per
2326 1832 2509 1890 quam
2546 1811 2742 1874 omnis

319 1901 566 1967 honoris
594 1903 649 1968 ei
675 1908 973 1986 particeps
1002 1920 1091 1969 est
1117 1919 1254 1986 post
1282 1908 1344 1968 in
1374 1908 1573 1970 caelos
1600 1928 1933 1970 ascensum.

381 2073 432 2115 2.
517 2054 674 2138 [Act.
709 2059 897 2119 Cone.
926 2059 1051 2120 (ΣΡ.
1084 2056 1139 2117 ii.
1175 2073 1252 2117 ιν.
1291 2060 1366 2117 26
1394 2058 1458 2137 (“
1480 2057 1750 2119 eiusdem
1780 2060 1859 2119 de
1885 2055 2374 2136 interpretatione
2399 2057 2693 2137 euangelii

724 2155 877 2216 libro
905 2155 1100 2234 primo
1118 2155 1176 2230 ;’'
1218 2158 1291 2215 cf.
1326 2155 1645 2229 Fritzsche,
1676 2157 1743 2214 de
1770 2175 1825 2215 u.
1854 2163 1912 2215 et
1932 2175 2058 2231 scr„
2089 2175 2147 2233 p.
2183 2154 2332 2237 89)].

444 2263 786 2329 Matthaeus
804 2268 1046 2346 quidem
1075 2267 1439 2346 euangelista
1463 2279 1601 2345 post
1629 2266 2050 2345 temptationes
2079 2267 2223 2329 dicit
2249 2268 2417 2343 quod
2444 2270 2745 2329 accedentes

321 2365 513 2441 angeli
550 2366 967 2424 mim'strabant
997 2368 1109 2440 εἰῇ,
1140 2364 1365 2425 scilicet
1402 2383 1541 2424 curn
1571 2384 1648 2425 eo
1675 2363 1982 2425 constituti
2017 2375 2079 2425 et
2109 2377 2504 2442 cooperantes
2531 2377 2593 2426 et
2619 2385 2745 2425 om-

322 2461 499 2521 nibus
528 2461 683 2522 circa
716 2480 853 2521 eum
884 2464 1022 2522 Deo
1049 2460 1467 2535 ministrantes,
1498 2463 1664 2540 quod
1694 2462 1813 2522 iam
1839 2481 1947 2540 per
1974 2463 2298 2524 certamina
2324 2463 2405 2524 ad
2431 2462 2739 2524 diabolum
2777 2476 2844 2539 15

323 2569 600 2620 ostensus
628 2571 719 2619 est
754 2557 976 2619 clarior.
1065 2561 1173 2620 sed
1214 2570 1275 2620 et
1317 2561 1481 2636 quod
1530 2578 1780 2637 passuro
1829 2558 1884 2620 ei
1921 2563 2169 2622 aderant
2202 2558 2415 2639 angeli,
2452 2580 2525 2621 ex
2565 2581 2742 2623 euan-

321 2653 489 2731 geliis
518 2653 802 2715 discimus
826 2679 841 2726 3
882 2666 944 2715 et
972 2673 1110 2714 cum
1140 2652 1465 2727 resurrexit,
1498 2653 1559 2713 in
1591 2666 1986 2718 monumento
2015 2654 2126 2717 uisi
2155 2667 2308 2717 sunt.
2396 2676 2503 2734 per
2537 2657 2742 2718 omnia

323 2750 546 2812 etenim
589 2751 703 2811 ista
745 2752 1186 2811 monstrabatur
1229 2750 1486 2830 dignitas
1541 2750 1781 2827 Christi,
1828 2754 1992 2830 quod
2046 2751 2378 2830 inseparate
2433 2752 2489 2814 ei
2543 2754 2742 2833 angeli

320 2849 587 2920 aderant,
625 2858 687 2910 et
727 2847 1007 2909 omnibus
1046 2847 1204 2909 eirca
1245 2868 1381 2909 eum
1411 2847 1840 2911 ministrabant.
1925 2848 2076 2910 sicut
2101 2849 2264 2911 enim
2291 2869 2329 2910 a
2355 2850 2740 2927 peccantibus

318 2956 683 3023 separantur,
728 2946 816 3005 sic
862 2956 925 3007 et
968 2962 1074 3024 per
1126 2945 1402 3006 meritum
1454 2944 1761 3006 honoratis
1815 2946 2194 3007 subueniunt.
2279 2958 2524 3025 propter
2574 2951 2740 3025 quod
2771 2972 2846 3012 2ο

320 3046 478 3104 bene
520 3043 820 3104 Dominus
861 3043 945 3103 ait
985 3044 1151 3119 quod
1195 3043 1416 3102 ‘maius
1456 3042 1764 3103 uidebitis’
1807 3054 1869 3104 et
1911 3044 2075 3121 quod
2123 3045 2394 3105 ‘melum
2444 3044 2741 3121 aperietur

317 3140 600 3200 omnibus
640 3156 746 3218 per
786 3158 902 3212 me,
933 3151 993 3200 et
1034 3158 1245 3200 omnes
1285 3137 1481 3218 angeli
1523 3156 1759 3217 semper
1799 3156 2034 3200 mecum
2077 3151 2268 3214 erunt,
2306 3159 2467 3201 nunc
2493 3140 2737 3219 quidem

318 3238 710 3298 ascendentes
772 3255 933 3297 nunc
976 3256 1120 3298 uero
1164 3238 1602 3299 descendentes
1613 3238 1688 3311 Ὗ
1733 3237 1887 3300 sicut
1931 3239 2013 3299 ad
2053 3238 2454 3323 domesticum
2506 3238 2623 3302 Dei
2677 3251 2737 3301 et

316 3348 594 3394 amicum.

1378 3476 1560 3538 Boox
1603 3495 1669 3540 11.

396 3596 560 3680 [Act.
593 3601 781 3661 Cone.
815 3599 934 3662 CP.
966 3596 1023 3658 ii.
1057 3615 1136 3658 iv.
1168 3617 1268 3675 49,
1292 3615 1388 3676 50.
1472 3617 1529 3659 v.
1562 3598 1702 3679 (“in
1731 3598 2051 3661 Antiochia
2075 3599 2282 3680 Syriae
2309 3598 2373 3660 in
2402 3598 2658 3662 ecclesia

1055 3694 1394 3774 adloquens
1413 3699 1489 3775 '’).
1574 3696 1709 3776 Vig.
1745 3715 1841 3775 50,
1874 3695 1995 3779 51].

442 3819 653 3879 Homo
697 3812 885 3881 Iesus.
968 3822 1119 3898 quid
1146 3826 1234 3879 est
1266 3818 1429 3881 enim
1467 3821 1650 3894 homo,
1681 3822 1837 3898 quod
1857 3838 2142 3880 memores·
2165 3820 2329 3895 dus-11
2347 3823 2376 3879 5
2425 3822 2736 3899 apostolus
2768 3846 2840 3908 25

316 3930 521 3979 autem
548 3919 626 3979 de
658 3920 797 3979 Iesu
837 3918 1067 3980 dictum
1108 3918 1290 3979 fuisse
1326 3919 1447 3978 hoc
1484 3918 1669 3979 dixit:
1708 3936 1836 3977 eum
1874 3917 2038 3978 enim
2078 3914 2189 3994 qni
2207 3919 2393 3993 paulo
2432 3920 2627 3979 mium
2662 3921 2738 3979 ab

316 4017 539 4093 angult&
578 4016 898 4077 minoratus
921 4024 1007 4076 est
1032 4017 1306 4089 ardemus,
1337 4015 1547 4093 inquit,
1578 4019 1770 4077 Iesum
1782 4016 1850 4075 ἲ.
1923 4012 2070 4093 quid
2097 4034 2239 4093 ergo
2256 4016 2286 4075 Ρ
2323 4016 2535 4077 ,homo
2565 4019 2736 4078 Iesus

314 4110 588 4171 ¹similiter
624 4109 907 4173 omnibus
942 4111 1306 4181 hominibus,
1343 4111 1491 4172 nihil
1534 4112 1816 4173 differens
1862 4111 2351 4172 connaturalibus
2392 4110 2738 4173 hominibus

318 4229 499 4286 quam
530 4207 673 4287 quia
701 4207 817 4286 ipsi
840 4209 1091 4287 gratiam
1120 4210 1290 4271 dedit
1306 4231 1325 4285 5
1365 4210 1556 4288 gratia
1580 4223 1785 4272 autem
1813 4211 1956 4272 data
1983 4221 2258 4272 naturam
2286 4229 2411 4271 non
2439 4208 2731 4271 immutat.

644 4345 676 4395 Β
709 4353 760 4396 et
783 4362 860 4395 om
890 4347 935 4397 C
1226 4362 1290 4413 29
1322 4362 1572 4413 quemque
1600 4349 1644 4398 C
1706 4363 1857 4413 quarn
1879 4348 2016 4413 quod
2054 4349 2102 4397 V
2120 4346 2129 4412 Ι
2159 4352 2320 4397 mutat
2353 4344 2410 4396 V.

398 4453 426 4480 ⁴*
450 4454 526 4517 [S.
553 4453 688 4518 John
712 4455 744 4504 i.
774 4469 839 4519 49
861 4453 955 4519 sq.]
1047 4453 1082 4507 ·Ι·
1103 4454 1201 4516 [Ιύ.
1226 4454 1290 4505 xi.
1314 4454 1421 4517 27.]
1504 4457 1536 4515 Ξῖ
1560 4454 1638 4518 [S.
1669 4454 1818 4505 Matt.
1844 4455 1943 4504 xvi.
1975 4454 2074 4517 16.]
2171 4456 2198 4516 5
2222 4454 2276 4505 S.
2303 4454 2451 4504 Matt.
2475 4452 2540 4504 iv.
2580 4466 2652 4504 Η.

1028 4540 1051 4591 {l
1083 4535 1163 4585 Ps.
1190 4535 1295 4584 viii.
1321 4548 1366 4595 5.
1601 4594 1609 4603 ⁹
1635 4534 1676 4586 51
1703 4534 1839 4584 Heb.
1867 4535 1917 4583 ii.
1941 4549 1990 4598 9.

2355 4631 2557 4695 19——2
