3221 5116
244 403 328 467 V.
367 400 454 486 9.]
942 416 1024 466 IN
1075 417 1179 467 ΕΡ.
1226 416 1328 466 AD
1374 415 1842 467 TIMOTHEUM
1892 416 1937 466 1.
2551 402 2673 478 159

244 598 637 663 statuerunt,
690 598 1073 652 utrumnam
1127 590 1434 653 mulieres
1489 590 1897 653 diaconissas
1945 597 2103 653 ante
2150 586 2324 650 hanc
2378 594 2670 650 aetatem

244 694 531 757 ordinari
581 694 855 757 minime
902 695 1276 758 conueniat.
1366 716 1524 776 erga
1576 715 1745 776 quas
1804 693 1910 757 uel
1964 694 2261 756 maxime
2311 691 2377 754 id
2430 689 2673 754 debere

246 797 579 860 obseruari
613 798 1187 875 existimauerunt,
1218 818 1299 860 eo
1330 799 1508 880 quod
1558 798 1624 860 in
1670 797 1901 860 maiori
1944 797 2174 860 ordine
2220 816 2260 859 a
2292 794 2509 859 uiduis
2541 793 2674 854 sint

247 901 750 986 producendae3
810 921 1023 982 neque
1084 901 1243 964 illud
1307 900 1771 982 intellegentes
1831 901 2148 983 quoniam
2212 899 2263 962 si
2322 899 2387 961 in
2443 916 2672 960 earum

247 1006 664 1069 ordinatione
696 1006 762 1069 id
795 1006 1148 1068 obseruare
1198 1006 1509 1079 decreuit,
1545 1006 1661 1068 sed
1710 1004 1923 1068 multo
1957 1004 2171 1086 magis
2211 1024 2370 1084 erga
2400 1000 2676 1084 presby-

245 1119 424 1172 teros
468 1116 536 1170 et
576 1108 927 1189 episcopos
970 1108 1037 1171 id
1084 1110 1421 1172 custodire
1462 1109 1951 1191 praecepisset;
1998 1108 2177 1189 quod
2225 1106 2497 1168 minime
2529 1125 2675 1185 per-

246 1210 497 1294 spicere
549 1219 928 1292 potuerunt.
1021 1211 1254 1274 beatus
1299 1220 1523 1274 autem
1580 1211 1824 1274 Paulus
1875 1210 1988 1293 qui
2039 1229 2404 1291 numquam
2453 1215 2676 1269 aetate

251 1313 660 1378 functionem
721 1313 1002 1377 credidit
1084 1334 1229 1377 esse
1295 1314 1801 1390 decernendam,
1874 1313 2161 1395 denique
2241 1310 2674 1374 Timotheum

252 1420 471 1502 ipsum
508 1418 706 1483 ualde
749 1419 1057 1483 iuuenem
1104 1428 1454 1482 extantem
1497 1420 1704 1482 tantis
1736 1419 2119 1501 praeposuit
2150 1416 2457 1492 ecclesiiS,
2493 1437 2678 1499 mag-

253 1543 413 1585 num
447 1522 539 1584 illi
572 1543 738 1604 opus
770 1531 837 1586 et
868 1524 1048 1605 quod
1090 1525 1401 1588 omnibus
1437 1524 1831 1607 praecellere
1873 1525 2136 1587 uidetur
2165 1520 2678 1585 committens—

252 1635 321 1689 et
366 1625 494 1688 hoc
535 1625 945 1710 significatur
989 1649 1109 1710 per
1150 1628 1295 1692 illas
1341 1630 1595 1693 litteras
1637 1650 1804 1712 quas
1844 1630 1930 1692 ad
1978 1648 2130 1691 eum
2163 1626 2386 1708 dirigit
2428 1626 2674 1699 dicem,

253 1750 434 1792 nemo
505 1729 897 1793 iuuentutem
957 1741 1142 1794 tuam
1201 1733 1850 1815 contempnat—quid
1922 1741 2024 1795 est
2085 1730 2294 1812 ergo?
2412 1728 2677 1792 uirtutis

254 1832 647 1895 industriam
699 1853 831 1895 non
872 1854 960 1896 ex
1006 1843 1228 1898 aetate
1265 1836 1449 1918 cupit
1496 1834 1761 1911 firmari,
1806 1836 1992 1899 cuius
2036 1833 2144 1897 uel
2192 1832 2490 1895 maxime
2529 1851 2679 1914 pro-

253 1935 595 1999 bationem
628 1933 840 1998 facere
870 1937 1173 2016 uidetur;
1219 1938 1458 2001 sufficit
1500 1939 1679 2001 enim
1729 1938 1841 2001 illa
1872 1947 2058 2001 aetas
2098 1956 2270 2019 quae
2307 1947 2465 2000 ante
2513 1936 2679 1999 haec

252 2049 560 2121 tempora
589 2038 863 2102 nimiam
894 2049 961 2102 et
992 2052 1258 2105 cautam
1291 2043 1637 2124 praeberet
1669 2042 2133 2125 probationem
2165 2040 2679 2121 uniuscuiusque

254 2142 596 2225 propositi.
662 2139 869 2224 †quia
900 2164 1059 2207 uero
1090 2145 1332 2208 uiduae
1364 2146 1429 2208 in
1462 2147 1697 2209 ordine
1727 2145 2309 2209 constituebantur
2337 2145 2678 2209 ecclesias-

256 2246 392 2308 tico
440 2255 514 2308 ut
567 2245 1080 2310 ecclesiasticam
1142 2250 1513 2330 potirentur
1571 2250 2080 2332 prouidentiam,
2145 2250 2393 2313 multae
2452 2258 2677 2313 autem

257 2359 447 2413 erant
506 2371 678 2433 quae
737 2352 915 2415 uiros
975 2352 1335 2416 amiserant
1410 2375 1582 2436 quae
1644 2374 1778 2417 non
1841 2355 2164 2418 uirtutum
2226 2354 2448 2417 studio
2511 2354 2682 2415 inter

259 2455 495 2517 uiduas
536 2475 607 2516 se
646 2456 1104 2518 connumerari
1170 2455 1505 2532 uolebant,
1538 2458 1655 2520 sed
1703 2467 1776 2519 ut
1830 2457 2344 2519 ecclesiasticam
2388 2458 2681 2522 fruentes

2716 1541 2795 1588 10

250 2558 706 2643 'prouisionem
746 2580 970 2623 secure
1012 2560 1123 2623 illa
1159 2581 1331 2642 quae
1375 2563 1459 2624 ad
1501 2581 1697 2624 usum
1738 2563 2071 2642 pertinent
2108 2562 2518 2645 corporalem
2564 2561 2681 2623 ha·
2711 2584 2797 2632 20

256 2663 495 2726 -bentes
531 2663 741 2726 uitam
775 2684 964 2727 suam
996 2667 1361 2746 transigere
1393 2675 1683 2747 possent,
1716 2686 1805 2728 ex
1837 2666 1963 2729 hac
1994 2687 2153 2730 uero
2185 2668 2441 2730 ratione
2473 2666 2683 2729 multa

392 2790 547 2857 ἀλλ’
596 2790 824 2873 ἐπειδὴ
887 2796 1320 2879 κατελέγοντο
1379 2800 1586 2885 χῆραι
1647 2796 1756 2861 διὰ
1813 2795 1889 2861 τὸ
1949 2798 2066 2876 τῆς
2125 2796 2686 2876 ἐκκλησιαστικῆς

261 2894 641 2979 ἐπιμελείας
682 2893 1050 2978 ἀξιοῦσθαι,
1083 2897 1201 2965 οὐκ
1237 2897 1468 2987 α’ρετῆς
1509 2898 1828 2990 ἐπιθυμίᾳ,
1859 2897 1978 2980 τὴν
2007 2897 2284 2987 χηρείαν
2320 2904 2687 2982 μετιοῦσαι,

261 2997 417 3065 ἀλλ’
451 2997 627 3065 ὥστε
665 2999 1033 3088 ἀμερίμνως
1065 3000 1185 3071 τὰς
1213 3001 1601 3084 σωματικὰς
1645 3002 1720 3068 ἐκ
1750 3004 1865 3084 τῆς
1897 3001 2255 3082 ἐκκλησίας
2296 3002 2687 3091 πορίζεσθαι

260 3102 506 3192 χρείας,
551 3104 625 3169 ἐκ
671 3102 738 3170 δὲ
781 3102 1019 3171 τούτου
1063 3110 1360 3171 πλεῖστα
1404 3105 1490 3177 ὥς
1536 3104 1708 3176 εἰκὸς
1754 3105 2130 3171 ἐπετελεΐτο
2176 3104 2374 3172 κακά.
2391 3155 2404 3169 .
2420 3155 2434 3170 .

365 3256 393 3305 3
428 3241 786 3292 existimauerit
814 3241 890 3291 C*
942 3242 1334 3293 existimauerim
1363 3245 1408 3294 C
1428 3242 1575 3308 (corr)
1621 3243 2007 3293 aestimauerunt
2031 3260 2064 3292 r
2256 3263 2286 3306 4
2321 3260 2492 3294 eorum
2521 3246 2566 3295 C
2584 3246 2651 3294 Η
2660 3263 2692 3292 r

2715 3131 2793 3198 25

266 3336 296 3387 5
332 3325 583 3374 obseruari
610 3325 654 3375 C
674 3322 821 3389 (corr)
847 3341 881 3373 r
1040 3327 1072 3375 ὁ
1107 3326 1344 3375 custodiri
1374 3327 1417 3376 C
1438 3326 1588 3387 (corr)
1619 3322 1627 3388 Ι
1658 3325 1858 3374 nemine
1884 3325 1997 3388 (for
2016 3322 2159 3387 min.)
2184 3326 2252 3374 Η
2409 3341 2434 3389 7
2470 3327 2687 3391 potuerit
2739 3314 2752 3324 ’

273 3405 318 3454 C
341 3402 349 3469 Ι
378 3404 465 3469 qui
485 3420 564 3453 om
587 3420 620 3453 r
644 3403 651 3468 Ι
681 3405 831 3454 aetati
860 3405 905 3453 C
921 3405 991 3455 H
1030 3420 1120 3470 per
1141 3413 1355 3455 aetatem
1381 3423 1412 3455 r
1562 3406 1592 3454 8
1627 3421 1744 3454 nam
1779 3401 1893 3467 (sor
1913 3403 2149 3470 denique)
2176 3421 2209 3454 r
2374 3422 2426 3455 11
2465 3405 2688 3470 signatur

268 3487 337 3536 H
605 3500 661 3537 ια
696 3488 994 3536 condemnat
1021 3503 1052 3535 r
1077 3484 1084 3550 Ι
1114 3487 1235 3551 quid
1258 3503 1378 3551 ergo
1400 3495 1474 3536 est
1496 3488 1565 3536 H
1614 3502 1700 3552 qu.
1725 3503 1771 3536 e.
1796 3493 1868 3536 est
1891 3486 1989 3535 hoc
2011 3488 2146 3551 quod
2171 3486 2292 3536 dicit
2316 3504 2349 3535 r
2631 3502 2686 3549 ¹4

260 3575 385 3617 *ante
406 3566 484 3617 his
507 3568 813 3632 temporibus
841 3570 884 3619 C
902 3570 969 3618 H
1166 3584 1221 3633 ¹5
1257 3569 1539 3634 praebuerit
1563 3585 1596 3616 r
1794 3582 1853 3633 19
1886 3568 2181 3617 commorari
2210 3570 2255 3618 C
2263 3566 2288 3591 ⁴*
2314 3569 2378 3617 H
2393 3584 2425 3615 r
2625 3585 2682 3618 21

267 3650 459 3718 possint
487 3649 564 3701 C*
587 3651 656 3700 H
672 3648 680 3715 Ι
713 3650 955 3700 rationem
983 3648 1059 3701 C*
1319 3664 1381 3700 22
1416 3666 1489 3715 sq.
1520 3649 1677 3699 Coisl.
1713 3664 1824 3711 204,
1853 3648 1886 3699 f.
1918 3665 2011 3711 204
2035 3648 2069 3697 b
2094 3650 2201 3711 [Cr.
2236 3649 2320 3697 vii.
2348 3664 2425 3713 39,
2456 3649 2539 3698 Fr.
2577 3650 2688 3713 153]

271 3734 513 3796 θεόδωρος.
580 3734 660 3780 καὶ
693 3729 842 3782 ἄλλος
865 3732 1031 3793 φησίν·
1058 3733 1113 3781 οὐ
1135 3732 1243 3794 περὶ
1268 3727 1365 3780 τῶν
1396 3734 1460 3782 εἰς
1485 3731 1722 3780 διακονίαν
1745 3732 2050 3792 προαχθῆναι
2073 3726 2368 3792 ὀφειλουσῶν
2390 3731 2688 3791 διαλέγεται,

271 3816 405 3864 ἀλλὰ
452 3814 560 3876 περὶ
593 3814 690 3862 τῶν
731 3814 799 3863 εἰς
832 3814 889 3862 τὸ
938 3814 1139 3875 χηρικὸν
1178 3815 1593 3875 ἑγκαταλεγῆναι·
1642 3813 1750 3860 οὐδὲ
1792 3812 1892 3873 ’γὰρ
1931 3811 2092 3869 ἡλικία
2129 3810 2233 3874 (sic)
2271 3808 2369 3859 τῶν
2411 3813 2475 3861 εἰς
2512 3814 2689 3874 κλῆρον

269 3894 611 3957 προαγομένων
642 3893 880 3953 ὁρίζεσθαι
903 3894 1015 3955 χρή,
1052 3892 1217 3955 ὥσπερ
1252 3894 1361 3941 οὐδὲ
1393 3891 1464 3941 ἐπ’
1501 3888 1652 3940 αὑτοῦ
1687 3893 1910 3949 τιμοθέου
1939 3891 1967 3938 ὁ
2002 3891 2275 3938 ἀπόστολος
2306 3887 2451 3939 τοῦτο
2478 3898 2689 3953 παρεφυ-

270 3978 472 4037 λόξατο,
502 3975 633 4023 ἀλλὰ
654 3972 718 4036 τῇ
739 3971 889 4036 &perii
917 3979 1007 4036 τὴν
1033 3976 1317 4035 δοκιμασίαν
1344 3974 1734 4037 χαρακτηρίζειν.
1802 3972 1916 4020 ἀλλ’
1941 3973 2122 4032 ἐπειδή,
2152 3973 2298 4020 κ.τ.λ.

346 4107 390 4140 1.
456 4089 1436 4150 statueruntutrumnam...min.coum]
1536 4088 1770 4137 however
1811 4085 1894 4134 the
1928 4085 2127 4135 remark
2166 4084 2225 4135 os
2256 4087 2465 4151 Chrys.:
2513 4091 2685 4153 βαβαί,

276 4171 387 4221 Our
408 4168 676 4219 translator
705 4170 795 4218 has
819 4169 1036 4219 blended
1073 4170 1158 4220 the
1182 4180 1284 4220 two
1317 4186 1434 4220 con·
1536 4171 1697 4229 τόσην
1726 4170 1973 4232 ἀκρίβειαν
2002 4168 2201 4217 ἀπαιτεῖ
2219 4172 2352 4230 παρὰ
2384 4169 2480 4218 τῶν
2509 4170 2690 4235 χηρῶν·

274 4251 880 4303 structions“statuerunt
894 4251 1103 4301 minima
1116 4249 1436 4308 conuenire‚”
1534 4253 1658 4313 ὅσην
1693 4255 1870 4314 σχεδὸν
1908 4253 1987 4301 καὶ
2027 4251 2141 4315 παρ’
2176 4255 2324 4302 αὐτοῦ
2357 4256 2444 4303 τοῦ
2471 4256 2560 4314 τὴν
2588 4258 2692 4304 ἐπι·

275 4334 377 4384 and
429 4332 756 4397 “percontati
813 4341 929 4382 sunt
972 4340 1259 4383 utrumnam
1313 4349 1431 4383 con·
1541 4335 1736 4394 σκοπὴν
1757 4335 1977 4394 ἔχοντος.

275 4417 500 4469 ueniat-’⁹
1602 4430 1649 4480 7.
1717 4430 1996 4478 numquam
2043 4415 2214 4476 aetate]
2299 4415 2396 4466 See
2430 4416 2592 4465 above
2625 4430 2694 4469 on

344 4512 389 4559 5.
491 4497 645 4545 multo
700 4498 1024 4559 magfsaer3m
1072 4497 1257 4561 presb]
1347 4495 1427 4545 Cf.
1533 4512 1605 4546 cc.
1636 4494 1708 4544 iii.
1735 4509 1778 4557 5,
1808 4495 1873 4544 iv.
1906 4511 1980 4545 η.
