3221 5116
553 372 679 455 328

1509 379 1892 434 APPENDIX
1938 382 2003 433 A.

546 559 610 621 δὲ
649 559 717 622 τε*
764 559 926 641 ἅγιον
978 563 1041 619 ἐκ
1091 562 1195 635 τῆς
1247 556 1381 618 θεοῦ
1429 555 1710 638 τιηχοὶνον
1813 554 1928 615 Dei
1973 552 2304 616 substantia
2354 554 2454 615 uel
2509 551 2785 627 essentia,
2842 571 2970 613 non

547 672 758 749 οὖσίας,
810 674 918 756 οὐχ
962 672 1104 748 υἱόν,
1153 673 1284 735 θεὸν
1329 672 1392 734 δὲ
1445 672 1581 733 ὄντα
1632 675 1706 752 τῇ

546 788 729 870 oio-lq,
753 788 826 854 ὥς
845 789 1052 867 ἐκείνης
1079 786 1142 850 ὃν
1166 792 1267 865 τῆς
1295 787 1491 853 οὐσίας
1515 785 1703 867 ἧσπέρ

474 982 483 989 ,
547 910 704 968 ἔστιν
729 905 762 967 ὅ
788 906 917 970 θεὸς
943 905 1035 967 καὶ
1061 905 1262 981 πατήρ,
1294 904 1359 975 ἐξ
1383 901 1555 981 οὗπερ
1584 900 1704 963 κατ’

1085 1016 1265 1084 ἡμεῖς
1318 1020 1445 1102 γάρ,
1501 1021 1701 1098 φησίν,

546 1134 617 1210 ὅγ’
662 1137 736 1199 τό
776 1138 1020 1213 πΝεῨΜΔ
1064 1137 1368 1202 ἑλάΒοΜεΝ
1413 1137 1526 1212 τοῨ
1562 1139 1701 1200 κός-

479 1023 517 1103 '5
544 1020 747 1083 οὐσίαν
805 1021 976 1084 ἐστίν.

546 1272 684 1335 uon
708 1256 867 1321 ἀλλὰ
897 1257 970 1323 τὸ
1002 1260 1248 1335 πΝεῨιυια
1279 1258 1352 1323 τὸ
1385 1256 1456 1322 ἐκ
1489 1254 1701 1332 θεοῨ“·

543 1376 647 1453 τῆς
670 1376 776 1452 μὲν
803 1374 1038 1439 κτίσεως
1063 1374 1427 1455 α’ποχωρίσας
1453 1373 1699 1450 ἀπάσης,

545 1489 653 1569 θεῷ
678 1488 738 1549 δὲ
763 1487 1035 1569 συνάψας,
1067 1490 1128 1561 ἐξ
1153 1485 1329 1567 οὗπερ
1358 1485 1477 1548 κατ’
1504 1485 1704 1548 οὖσίαν

444 1631 518 1673 10
544 1601 703 1664 ἐστὶν
732 1600 992 1673 ἰδιάζοντι
1017 1599 1172 1683 λόγῳ
1197 1599 1352 1680 παρὰ
1376 1603 1572 1661 πᾶσαν
1596 1599 1703 1676 τὴν

545 1718 746 1796 κτίσιν,
790 1716 863 1795 ἢν
903 1716 968 1778 οὖ
1010 1715 1127 1778 κατ’
1159 1716 1361 1778 οὐσίαν
1386 1715 1521 1777 ἀλλ’
1549 1715 1703 1795 αἰτίᾳ

543 1833 906 1916 δημιουργίας
945 1838 1007 1893 ἐκ
1049 1834 1180 1895 θεοῦ
1206 1831 1507 1910 νομίζομεν
1535 1830 1701 1892 εἶναι·

545 1953 639 2013 καὶ
692 1951 821 2014 οὔτε
873 1951 993 2012 υἷόν
1045 1952 1357 2029 νομιζομεν,
1417 1948 1544 2010 οὔτε
1607 1946 1703 2010 διαῖ

541 2066 666 2126 υἶοῧ
710 2063 816 2142 τήν
866 2062 1102 2141 ὕπαρξιν
1158 2063 1408 2140 εἰληφός.

441 2212 512 2275 15
541 2185 751 2265 γοῦμεν
792 2181 853 2243 δὲ
892 2181 1111 2258 πατέρα
1147 2182 1367 2241 τέλειον
1408 2177 1699 2259 προσώπῳ

1493 2059 1699 2139 ὁμολο-

542 2294 643 2357 καὶ,
673 2294 796 2355 viiiv
828 2292 1031 2370 ὁμοίως
1067 2294 1163 2354 καὶ
1195 2296 1416 2371 πνεῦμα
1450 2291 1513 2353 δὲ
1538 2290 1702 2374 ἅγιον

540 2405 819 2482 &rabi-ms,
861 2407 1185 2486 σωζομένου
1231 2413 1332 2468 τοῦ
1379 2405 1557 2489 λόγου
1598 2409 1700 2484 τῆς

543 2521 837 2604 εὖσεβείας
874 2520 1011 2603 ἡμῖν
1056 2526 1133 2606 τῷ
1178 2523 1394 2604 πατέρα
1437 2523 1531 2583 καὶ
1577 2520 1699 2585 υἱᾶν

537 2638 742 2717 ὁμοίως
795 2640 889 2700 καὶ
940 2642 1163 2716 πνεῦμα
1216 2639 1376 2720 ἅγιον
1427 2638 1509 2717 μὴ
1552 2642 1702 2717 τρεῖς

436 2781 513 2823 20
537 2752 694 2818 τινὰς
723 2751 1023 2831 διαφόρους
1048 2749 1246 2816 οὐσίας
1265 2751 1524 2829 νομίζειν,
1544 2750 1700 2813 ἄλλα

537 2870 674 2949 μίαν
708 2875 786 2951 τῇ
818 2869 1117 2946 ταυτότητι
1145 2874 1249 2945 τῆς
1276 2867 1537 2944 θεότητος
1560 2893 1699 2948 γνω-

534 2982 842 3063 ριζομένην·

618 3095 732 3177 χρὴ
781 3095 842 3156 δὲ
890 3096 987 3155 καὶ
1032 3093 1163 3171 περὶ
1207 3096 1310 3173 τῆς
1357 3094 1693 3173 οἰκονομίας,

537 3199 608 3278 ἣν
660 3199 801 3280 &rep
852 3204 954 3278 τῆς
993 3198 1265 3278 ἡμετέρας
1311 3199 1595 3280 σωτηρίας
1640 3204 1700 3261 ἐν

438 3337 509 3400 ²5
538 3310 612 3387 τῇ
696 3305 838 3366 κατὰ
905 3305 1006 3367 τᾶν
1085 3305 1372 3383 δεσπότην
1438 3304 1698 3385 Χριστᾶν

541 3413 837 3492 οἰκονομίᾳ
917 3410 953 3473 δ
1023 3410 1308 3488 δεσπότης
1374 3414 1699 3485 ἐξετέλεσεν

543 3519 687 3596 θεός,
746 3519 946 3581 εἰδέναι
998 3517 1086 3582 ὅτι
1138 3518 1172 3580 ὁ
1228 3517 1510 3596 δεσπότης
1569 3518 1699 3583 θεᾶς

539 3627 713 3710 λόγος
758 3626 1051 3706 ἄνθρωπον
1095 3626 1333 3705 εἴληφεν
1373 3627 1591 3688 τέλειον
1640 3631 1701 3686 ἐκ

542 3735 866 3814 σπέρματος
900 3730 1036 3795 ὄντα
1068 3729 1340 3811 Ἀβραὰμ
1366 3734 1460 3793 καὶ
1488 3732 1699 3810 Δαβίδ,

439 3871 520 3932 30
545 3844 686 3904 κατὰ
718 3863 723 3872 ·
752 3841 855 3922 τήν
922 3842 1279 3925 διαγόρευσιν
1354 3845 1464 3903 τῶν
1539 3844 1701 3904 θείων

542 3952 795 4033 γραφῶν,
830 3953 998 4011 τοῦτο
1033 3946 1169 4010 ὅντα
1202 3947 1305 4025 τήν
1343 3946 1522 4026 φύσιν
1559 3946 1701 4026 ὅπερ

460 4055 467 4062 ’
543 4057 697 4137 ἦσαν
736 4062 933 4120 ε’κεῖνοι
962 4056 1142 4137 ὦνπερ
1172 4062 1233 4118 ἐκ
1260 4057 1586 4136 σπέρματος
1609 4055 1699 4135 ἦν,

1810 652 1914 731 qui
1954 652 2107 714 filius
2142 652 2235 726 sit,
2266 653 2436 713 Deus
2455 663 2660 713 autem
2683 650 2968 723 essentia,

1808 762 2114 827 tamquam
2170 748 2275 827 qui
2330 748 2407 809 sit
2459 748 2619 809 illius
2671 746 2969 810 essentiae

1808 846 1977 908 cuius
2019 856 2110 908 est
2146 847 2313 907 Deus
2358 847 2552 920 Pater,
2592 864 2667 906 ex
2710 862 2833 922 quo
2881 862 2969 903 se-

1807 944 2070 1003 cundum
2114 941 2435 1004 essentiam
2482 953 2591 1003 est.
2639 960 2741 1001 nos
2781 939 2967 1013 enim,
3035 952 3070 1013 5

1806 1038 2003 1117 inquit
2096 1038 2403 1118 scriptura,
2488 1059 2603 1100 non
2693 1040 2966 1115 spiritum

1808 1137 2021 1195 mundi
2059 1137 2235 1196 huius
2281 1137 2603 1213 accepimus,
2643 1136 2746 1197 sed
2783 1134 2969 1211 Spiri-

1808 1239 1932 1290 tum
1964 1233 2074 1308 qui
2100 1240 2186 1293 est
2216 1252 2290 1291 ex
2317 1233 2448 1291 Deo
2462 1256 2487 1301 ,·
2526 1232 2605 1292 ab
2633 1227 2800 1292 omni
2827 1248 2969 1290 eum

1807 1341 2075 1391 creatura
2122 1329 2408 1403 alienanS,
2456 1330 2594 1390 Deo
2638 1348 2783 1390 uero
2828 1347 2971 1389 con-

1805 1423 2060 1503 iungens
2102 1437 2162 1488 et
2202 1428 2511 1503 copulanS,
2554 1446 2632 1488 ex
2674 1445 2798 1503 quo
2846 1425 2971 1503 (uel
3001 1444 3078 1487 10

1807 1522 1887 1583 de
1920 1522 2069 1601 quo)
2110 1534 2201 1583 est
2249 1524 2582 1583 secundum
2622 1521 2968 1595 essentiam,

1807 1620 2049 1698 speciali
2073 1620 2354 1682 uidelicet
2374 1619 2607 1683 ratione
2636 1640 2817 1699 supra
2843 1639 2972 1681 om-

1807 1737 1950 1778 nem
2004 1717 2361 1780 omnimodo
2404 1729 2751 1793 creaturam,
2810 1737 2971 1795 quae

1806 1836 1932 1878 non
1974 1820 2305 1879 secundum
2347 1816 2666 1878 essentiam
2710 1816 2830 1877 Dei
2856 1819 2970 1879 sed

1805 1917 2137 1976 secundum
2168 1916 2335 1993 quod
2354 1917 2584 1975 factura
2603 1926 2692 1975 est
2720 1934 2970 1975 causam
3004 1940 3081 2001 15

1805 2013 2034 2074 habens
2061 2033 2136 2073 ex
2158 2014 2295 2073 Deo
2319 2031 2449 2074 esse
2470 2023 2745 2092 putatur3
2782 2031 2967 2090 quem

1803 2128 2004 2188 neque
2064 2109 2256 2170 filium
2320 2128 2518 2188 neque
2580 2130 2688 2188 per
2747 2109 2968 2170 Filium

1805 2208 2185 2270 existentiam
2274 2208 2577 2287 accepisse
2663 2218 2964 2286 putamus.

1807 2307 2164 2366 confitemur
2200 2317 2405 2366 autem
2452 2307 2691 2366 Patrem
2731 2303 2793 2365 in
2835 2325 2966 2383 per-

1806 2423 1958 2465 sona
2009 2406 2337 2482 perfectum
2384 2416 2446 2465 et
2494 2404 2712 2465 Filium
2766 2404 2969 2465 simili-
3001 2430 3087 2470 20

1802 2514 1910 2578 ter,
1947 2515 2220 2565 sanetum
2254 2522 2495 2583 quoque
2530 2502 2808 2583 Spiritum
2836 2503 2970 2583 pari

1806 2600 2009 2675 modo,
2050 2601 2215 2661 salua
2243 2600 2419 2661 nobis
2457 2600 2689 2661 ratione
2725 2599 2967 2678 pietatis

1805 2698 1867 2759 in
1886 2719 2005 2777 qua
2023 2703 2260 2762 Patrem
2284 2712 2345 2762 et
2363 2700 2580 2761 Filium
2598 2712 2659 2762 et
2679 2699 2965 2777 Spiritum

1805 2809 2076 2859 sanctum
2117 2818 2244 2860 non
2276 2811 2394 2859 tres
2431 2798 2661 2876 aliquas
2697 2798 2969 2860 diuersas
3065 2819 3074 2828 ·

1804 2905 2083 2972 putemus
2124 2915 2256 2956 esse
2290 2894 2591 2969 essentiaS,
2629 2895 2737 2957 sed
2782 2915 2967 2957 unam
3001 2917 3037 2958 2
3044 2915 3080 2977 5

1804 2993 1868 3052 in
1896 2992 2134 3054 deitatis
2163 2993 2391 3055 unitate
2419 3005 2480 3054 et
2507 2992 2798 3072 parilitate
2826 3013 2968 3073 cog-

1804 3090 2125 3151 noscimus.

1887 3199 2124 3265 oportet
2160 3199 2363 3250 autem
2412 3201 2473 3249 et
2521 3188 2599 3250 de
2654 3188 2966 3265 dispensa-

1805 3286 1986 3361 tione,
2034 3306 2214 3364 quam
2264 3288 2593 3348 secundum
2650 3285 2966 3348 dominum

1807 3385 2007 3446 Iesum
2050 3384 2351 3446 Christum
2392 3404 2503 3462 pro
2535 3384 2724 3445 salute
2761 3393 2971 3443 nostra
2998 3404 3087 3464 30

1804 3482 2244 3545 consummauit
2273 3483 2553 3544 dominus
2572 3485 2757 3558 Deus,
2782 3501 2970 3544 nosse

1807 3600 1919 3642 nos
1956 3581 2245 3657 quoniam
2281 3582 2450 3642 Deus
2478 3580 2746 3642 Verbum
2774 3578 2974 3640 homi-

1805 3699 1945 3740 nem
1983 3678 2246 3758 suscepit
2273 3680 2605 3757 perfectum
2636 3699 2708 3740 ex
2735 3678 2971 3740 semine

1804 3777 2110 3837 Abraham
2184 3787 2246 3837 et
2325 3776 2545 3851 Dauid,
2632 3776 2967 3838 secundum

1805 3874 2221 3952 scripturarum
2232 3874 2571 3935 diuinarum
2583 3874 2835 3952 eloquia,
2847 3876 2975 3936 hoc
3005 3893 3046 3953 3
3053 3890 3090 3953 5

1803 3981 2106 4031 extantem
2134 3970 2467 4029 secundum
2494 3979 2768 4029 natusam
2798 3970 2969 4047 quod

1802 4080 1970 4129 erant
1992 4079 2052 4129 et
2067 4067 2153 4128 illi
2179 4086 2435 4145 quorum
2457 4079 2582 4129 erat
2608 4088 2683 4129 ex
2710 4066 2941 4129 semine
2952 4090 2975 4144 3

545 4163 839 4245 ἄνθρωπον
857 4163 1079 4225 τέλειον
1101 4164 1207 4241 τήν
1233 4161 1410 4239 φύσιν
1431 4166 1493 4221 ἐκ
1520 4168 1706 4243 ψυχῆς
1805 4165 2113 4227 hominem
2191 4176 2401 4225 natura
2469 4165 2820 4243 perfectum,
2891 4182 2977 4224 ex

680 4311 710 4361 5
731 4314 805 4364 sq.
838 4294 1244 4363 ὑμεῖς...ἐλάβετε
1264 4296 1363 4349 cod.
1389 4297 1514 4348 Par.

680 4381 712 4430 8
746 4377 891 4430 αὐτὸν
913 4382 1130 4444 χωρίσας
1149 4379 1247 4431 cod·
1269 4380 1396 4431 Par.

2257 4295 2503 4350 26Deib

1542 4496 1569 4520 ⁴
1612 4513 1632 4546 1
1661 4497 1781 4547 Cor.
1805 4494 1858 4546 ii.
1888 4512 1960 4546 12.
