3221 5116
327 393 402 479 1.]
1032 407 1115 457 IN
1166 406 1272 459 ΕΡ.
1320 405 1423 455 AD
1471 405 1998 458 PHILEMONEM.
2612 393 2737 474 267

323 598 481 642 nam
528 578 975 662 particulatim
1022 580 1536 662 interpretantes
1583 578 1940 661 epistolam
2007 576 2260 660 aliquid
2310 574 2600 661 amplius
2645 577 2744 640 in-

325 684 549 748 uenire
580 684 962 767 poterimus,

454 834 713 899 Paulus
743 835 998 900 uinctus
1027 836 1176 899 Iesu
1206 834 1477 901 Christi.

456 964 521 1026 in
555 966 886 1046 praesenti
919 965 1189 1047 negotio
1224 966 1329 1028 uel
1364 966 1664 1029 maxime
1696 975 1800 1028 est
1840 965 2306 1029 demirandum
2354 964 2439 1028 de
2469 973 2739 1045 aposto-

324 1065 450 1130 lica
496 1070 865 1150 prudentia,
898 1072 1216 1153 quoniam
1259 1072 1521 1153 scripsit
1552 1071 1826 1153 quidem
1871 1080 1936 1134 et
1980 1071 2064 1134 ad
2112 1070 2278 1133 alios
2320 1069 2541 1151 plures
2585 1088 2737 1131 cum
2814 1074 2847 1141 5

326 1180 499 1233 esset
546 1172 613 1234 in
658 1174 955 1251 uinculiS,
1001 1176 1173 1238 sicut
1219 1196 1306 1238 ex
1357 1176 1516 1257 ipsis
1564 1174 1865 1257 epistolis
1914 1175 1977 1237 id
2027 1175 2395 1256 perspicere
2441 1181 2542 1235 est
2588 1192 2740 1253 pos·

325 1272 536 1351 sibile,
569 1286 637 1341 et
687 1281 984 1343 maxime
1023 1281 1088 1342 in
1137 1301 1217 1344 ea
1258 1280 1545 1362 epistola
1591 1301 1795 1362 quam
1847 1278 1986 1362 [ad]
2031 1278 2360 1361 Ephesios
2401 1276 2742 1358 scripsisse

324 1376 626 1457 uidetur3
691 1382 873 1445 nullo
935 1404 1093 1446 uero
1144 1384 1209 1445 in
1257 1383 1404 1446 loco
1451 1380 1824 1446 ‘uinctum’
1869 1404 1940 1445 se
2001 1383 2067 1445 in
2123 1382 2535 1464 praefatione
2587 1403 2738 1445 cum

326 1482 593 1545 nomine
637 1505 759 1548 suo
806 1487 1046 1568 posuit,
1081 1487 1384 1568 inquiens
1431 1485 1695 1548 Paulus
1740 1486 2012 1550 uinctus,
2104 1486 2231 1549 hoc
2278 1507 2438 1550 uero
2482 1488 2546 1550 in
2592 1488 2740 1549 loco

325 1606 540 1669 neque
579 1595 876 1652 ‘seruum
904 1590 917 1615 '
967 1610 1182 1671 neque
1230 1588 1684 1670 ‘apostolum'
1732 1609 1804 1651 se
1849 1590 2041 1666 dixit,
2074 1590 2244 1654 sicut
2290 1599 2430 1652 erat
2478 1591 2536 1653 ei
2583 1611 2740 1653 con-
2777 1605 2855 1653 10

326 1690 610 1753 suetudo
642 1692 1004 1770 scribendi3
1041 1692 1158 1755 sed
1196 1691 1403 1775 [quia]
1430 1692 1515 1754 de
1546 1691 1946 1773 specialibus
1977 1693 2264 1775 negotiis
2288 1692 2621 1757 scribebat
2652 1694 2739 1758 ad

324 1805 479 1856 'eum
513 1803 580 1857 et
604 1795 694 1858 de
727 1795 855 1859 illis
885 1817 1057 1878 quae
1090 1797 1155 1858 in
1189 1804 1526 1877 potestate
1559 1796 1765 1877 ipsius
1811 1795 2215 1859 Philemonis
2263 1799 2484 1879 posita
2529 1811 2740 1878 erant,

324 1895 452 1958 hoc
498 1899 621 1960 sibi
677 1901 887 1982 magis
939 1901 1157 1964 dicere
1209 1901 1556 1977 arbitranS,
1603 1909 1680 1964 ut
1731 1922 1862 1964 non
1914 1904 2314 1965 auctoritate
2367 1904 2742 1985 apostolica

325 2000 569 2065 abusus
615 2004 938 2086 imperare
985 2007 1045 2068 ei
1093 2027 1180 2070 ex
1229 2005 1346 2070 tali
1394 2007 1938 2088 praesumptione
1971 2006 2323 2070 uideretur.
2414 2009 2531 2071 sed
2577 2007 2740 2070 illud

327 2109 538 2189 magis
570 2110 1076 2191 proponendum
1110 2130 1255 2173 esse
1291 2111 1566 2184 censuit,
1598 2109 1781 2192 quod
1820 2117 1887 2172 et
1918 2109 2120 2173 ualde
2161 2111 2439 2173 suadere
2478 2119 2742 2192 poterat
2779 2122 2848 2190 15

329 2212 806 2290 Philemonem,
852 2215 1260 2295 cogitantem
1308 2215 1466 2294 quia
1520 2233 1655 2275 non
1720 2232 2041 2294 magnum
2089 2223 2264 2276 esset
2316 2222 2454 2276 tam
2505 2213 2742 2276 uilissi-

329 2337 510 2380 mum
545 2318 861 2398 praebere
893 2318 951 2380 ei
983 2318 1127 2379 uiro
1157 2315 1269 2397 qui
1310 2336 1429 2397 pro
1461 2314 1741 2378 aliorum
1780 2314 1994 2378 salute
2026 2314 2312 2379 habetur
2357 2318 2422 2380 in
2461 2321 2744 2384 uinculis

326 2439 476 2482 cum
539 2429 606 2483 et
667 2420 892 2485 liceret
951 2422 1012 2484 ei
1084 2422 1137 2484 si
1212 2420 1529 2484 uoluisset
1589 2420 1717 2483 ista
1781 2420 2054 2483 minime
2116 2421 2256 2501 pati
2286 2443 2301 2499 ;
2361 2423 2532 2486 sicut
2600 2425 2745 2507 ipse

426 2589 453 2633 5
489 2589 590 2637 quo
617 2573 730 2636 (fhr
743 2574 1001 2636 quoniam)
1027 2574 1091 2622 ll
1105 2589 1137 2621 r

328 2735 514 2784 tatibus
536 2751 569 2782 r
718 2747 775 2793 13
810 2734 1063 2785 arbitraris
1089 2736 1132 2786 C
1154 2736 1219 2784 II

1261 2570 1294 2621 6
1328 2571 1462 2635 quod
1488 2569 1607 2634 (for
1628 2569 1700 2630 id)
1730 2569 1910 2618 Cllr:
1947 2586 2017 2619 see
2039 2578 2148 2620 note

325 2654 523 2702 uidetur
537 2670 614 2702 om
630 2670 662 2701 r
687 2652 695 2716 Ι
725 2655 788 2702 ad
803 2670 880 2701 om
905 2655 946 2703 C
959 2655 1024 2703 H
1130 2669 1148 2702 ι
1162 2670 1181 2704 1
1220 2654 1339 2719 quia
1355 2669 1431 2702 om
1453 2653 1494 2701 C
1509 2652 1573 2701 H
1583 2668 1616 2699 r
1641 2650 1649 2715 Ι
1680 2651 2019 2715 spiritualibus
2037 2652 2152 2714 (for
2162 2651 2323 2716 spec.)
2336 2653 2362 2701 l

1348 2749 1402 2797 15
1438 2734 1574 2798 quod
1599 2733 1890 2796 ponendum
1914 2733 2027 2796 (sor
2045 2736 2281 2799 propon.)
2306 2752 2339 2783 r

2278 2570 2396 2636 6sq.
2438 2575 2738 2638 possibile...

2487 2670 2540 2703 12
2579 2665 2744 2719 potes-

2487 2736 2544 2788 16
2582 2738 2744 2787 Phile·

330 2832 530 2865 monem
548 2816 950 2881 cogitantemque
966 2835 1016 2866 n.
1033 2834 1100 2866 m.
1117 2824 1166 2867 et
1189 2818 1234 2866 C
1246 2818 1307 2866 H
1368 2816 1665 2865 Philemone
1680 2815 1932 2878 cogitante
1947 2831 1999 2864 n.
2014 2833 2082 2865 m.
2098 2833 2206 2866 esse
2224 2833 2256 2866 r
2280 2815 2289 2880 Ι
2319 2817 2609 2868 uilissimam
2633 2821 2678 2869 C
2690 2822 2756 2870 H

329 2899 571 2949 uilissima
592 2916 624 2947 r
787 2912 844 2960 17
879 2899 1156 2950 habebatur
1177 2900 1201 2948 l

402 3054 445 3087 1.
523 3040 729 3104 aliquid
776 3040 1013 3105 amplius]
1082 3041 1179 3090 Th.
1230 3055 1391 3090 seems
1435 3047 1488 3088 to

330 3122 458 3171 have
486 3121 587 3170 had
611 3121 779 3171 before
801 3122 903 3171 him
931 3122 1014 3171 the
1036 3123 1230 3185 closing
1252 3122 1414 3170 words
1437 3120 1495 3169 of

330 3203 698 3266 Chrysostom's
721 3204 987 3268 prologue:
1020 3202 1238 3252 τοσαῦτα
1269 3205 1369 3266 γὰρ
1395 3202 1489 3262 ἤδη

331 3284 650 3346 'repobus-res,
689 3288 891 3334 πλείονα
927 3283 1240 3348 κερδανοῦμεν
1274 3283 1370 3334 α’πὸ
1404 3281 1490 3344 τῆς

331 3366 470 3430 ὑφῆς.
557 3370 693 3418 Most
729 3368 788 3418 of
815 3369 893 3418 his
927 3369 1096 3433 points
1139 3369 1369 3419 however
1404 3385 1489 3420 are

333 3452 537 3501 distinct
560 3452 686 3500 from
712 3450 852 3501 those
880 3450 939 3500 os
964 3452 1042 3500 his
1072 3450 1232 3501 friend
1254 3451 1353 3500 and
1378 3468 1486 3517 pre-

328 3535 574 3584 decessor.

394 3628 572 3677 4—17.
607 3613 663 3661 in
678 3612 1048 3677 praesenti...ae‘n
1072 3612 1311 3673 uinculis]
1337 3612 1483 3662 Sum·

329 3698 542 3746 marized
568 3697 634 3761 by
660 3695 906 3745 Lanfranc
930 3696 1029 3744 and
1055 3696 1121 3758 by
1147 3696 1209 3744 R.
1234 3695 1293 3744 os
1312 3696 1365 3744 B.

396 3776 443 3827 6.
519 3794 579 3826 ax
618 3778 743 3840 {psalt
775 3776 1007 3840 epistolis]
1074 3777 1173 3826 See
1207 3792 1302 3840 c-g.
1350 3776 1479 3840 Eph.

329 3860 401 3908 iii.
432 3877 474 3915 1,
498 3858 563 3907 iv.
599 3873 655 3917 13
692 3857 819 3906 Phil.
850 3856 881 3906 i.
913 3871 995 3918 133
1032 3857 1143 3906 Col.
1169 3856 1235 3905 iv.
1266 3859 1340 3906 18.

402 3940 546 4001 Quod
574 3940 676 3998 (see
713 3954 791 3986 vv.
810 3939 887 3998 11.)
918 3939 960 3988 is
990 3937 1143 3987 found
1175 3939 1227 3987 in
1262 3939 1390 3987 Rab.
1429 3953 1484 3987 as

334 4018 447 4067 well
470 4034 525 4066 as
545 4016 595 4065 in
621 4016 707 4065 the
732 4017 916 4075 MSS.;
950 4017 1039 4065 but
1072 4017 1109 4065 it
1139 4016 1179 4065 is
1212 4032 1269 4065 so
1298 4017 1483 4080 clearly

331 4108 530 4165 corrupt
571 4100 677 4149 that
715 4100 737 4148 1
773 4100 901 4148 have
932 4100 1172 4150 ventured
1214 4107 1266 4148 to
1304 4099 1481 4149 substi-

333 4192 438 4232 tute
455 4181 523 4237 id,
538 4181 660 4231 with
677 4181 842 4230 which
860 4183 995 4245 quod
1010 4182 1170 4247 might
1188 4183 1343 4246 easily
1357 4182 1484 4230 have

332 4266 459 4313 been
482 4262 817 4313 confounded.

395 4349 442 4395 8.
515 4345 655 4393 nullo
677 4359 792 4392 uero
812 4343 868 4391 in
890 4344 1001 4403 loco,
1029 4344 1143 4406 δια]
1199 4350 1212 4372 ‘
1231 4345 1367 4407 Only
1399 4344 1485 4393 the

332 4427 427 4490 Ep.
459 4432 512 4473 to
552 4424 811 4472 Philemon
847 4439 1005 4487 opens
1040 4424 1161 4472 with
1197 4424 1281 4473 the
1317 4440 1485 4488 super·

327 4502 566 4568 scription
591 4503 785 4551 Παῦλος
809 4500 1034 4559 Memor?
1093 4502 1361 4567 S.Jerome
1384 4502 1484 4552 had

1357 2898 1413 2949 18
1447 2897 1581 2963 quod
1605 2904 1656 2945 et
1681 2895 1828 2945 licere
1855 2895 1932 2946 C*
2000 2912 2115 2946 eum
2138 2906 2188 2947 et
2210 2898 2358 2947 licere
2386 2900 2430 2947 C
2451 2899 2597 2961 (corr)
2622 2900 2691 2947 H

1586 3035 1893 3100 anticipated
1928 3035 2028 3086 this
2060 3037 2283 3087 remark:
2330 3038 2430 3086 “in
2467 3038 2604 3088 nulla
2642 3039 2742 3104 epi-

1587 3119 1717 3169 stola
1762 3119 1857 3168 hoc
1901 3119 2200 3182 cognomine
2241 3136 2356 3169 usus
2394 3128 2484 3179 est,
2531 3121 2643 3170 licet
2689 3123 2741 3171 in

1585 3214 1795 3262 corpore
1817 3199 2155 3263 epistolarum,
2188 3200 2251 3249 ad
2290 3199 2535 3264 Ephesios
2569 3202 2743 3251 uideli-

1586 3290 1665 3329 cet
1700 3290 1750 3329 et
1791 3280 2137 3345 Philippenses
2171 3291 2220 3331 et
2263 3282 2601 3341 Colossenses,
2635 3294 2744 3334 esse

1586 3379 1641 3412 se
1664 3362 1716 3411 in
1739 3362 1948 3412 uinculis
1968 3380 2061 3428 pro
2084 3365 2392 3415 confessione
2416 3366 2673 3416 testetur.”

1662 3461 1733 3495 ιο.
1795 3461 1951 3510 neque
1982 3448 2204 3509 seruum]
2265 3448 2342 3497 As
2377 3449 2428 3497 in
2471 3449 2598 3499 Phil.
2636 3450 2670 3499 i.
2717 3467 2736 3501 ι

1589 3526 1801 3589 (Παῦλος
1824 3530 1901 3576 καὶ
1925 3529 2150 3590 Τιμόθεος
2174 3526 2410 3593 δοῦλοι).

1652 3624 1804 3671 neque
1823 3611 2113 3672 apostolum]
2167 3611 2242 3660 As
2264 3611 2314 3659 in
2341 3611 2472 3676 Eph.
2502 3611 2535 3662 ἰ.
2560 3628 2603 3670 1,
2628 3613 2741 3663 Col.

1584 3689 1617 3737 i.
1654 3704 1672 3736 1
1703 3690 1789 3749 (Π.
1812 3687 2117 3751 ἀπόστολος).

1660 3783 1732 3832 ¹3·
1794 3777 1853 3818 ut
1878 3787 1979 3819 non
2002 3771 2304 3831 auctoritate,
2333 3771 2448 3833 &c.]
2514 3772 2595 3822 Cf.
2621 3775 2740 3824 Wa-

1585 3850 1748 3900 lafrid.
1776 3852 1941 3901 Strab.
1972 3854 2046 3901 ad
2068 3854 2117 3903 Ιι.
2139 3853 2208 3902 l.=
2248 3856 2400 3903 “non
2432 3855 2554 3905 dicit
2593 3857 2741 3921 ‘apo-

1584 3931 1780 3991 stoluS,'
1814 3934 1949 3997 quod
1989 3942 2062 3985 est
2103 3950 2286 3984 nomen
2321 3936 2612 4000 dignitatis3
2652 3940 2740 3988 sed

1591 4011 1855 4072 ‘uincam’
1899 4015 2036 4079 quod
2074 4023 2147 4064 est
2188 4031 2370 4066 nomen
2414 4017 2741 4077 humilitatis3

1585 4096 1703 4161 quia
1726 4113 1826 4147 non
1849 4097 2078 4162 imperat,
2103 4099 2190 4149 sed
2215 4107 2337 4149 orat.
2349 4098 2377 4121 ”

1658 4194 1733 4241 15.
1776 4182 1913 4244 quod
1927 4188 1974 4230 et
1995 4183 2141 4231 ualde
2152 4184 2367 4243 suadere,
2387 4184 2501 4245 δια]
2538 4185 2740 4249 Chrys:

1585 4262 1643 4310 τὸ
1687 4261 1966 4319 &kion-acron
2010 4263 2230 4312 ἐντεῦθεν
2273 4266 2469 4316 δεικνύς.
2554 4266 2737 4318 Thdt.:

1585 4339 1848 4405 ἀξιόχρεων
1889 4344 1968 4392 διὸ,
2010 4343 2106 4393 τῶν
2146 4346 2334 4404 δεσμῶν
2379 4350 2745 4405 κατασκευάζων

1583 4424 1674 4484 τὴν
1708 4427 1916 4484 αἴτησιν.
1993 4427 2172 4477 Hier-z
2213 4430 2541 4480 “necessaria
2571 4440 2740 4481 aucto-

1587 4507 1707 4558 ritas
1729 4506 2091 4558 uinculorum.”
