3221 5116
290 387 343 452 1·
382 405 443 469 3,
467 387 555 471 4]

283 570 643 635 uidebatur
689 569 865 634 hanc
918 571 1102 633 uocis
1157 567 1599 633 adiectionem
1650 564 1917 628 abusus,

286 675 879 757 praescriptionem
901 674 981 752 ,in
1011 671 1118 735 his
1149 670 1384 753 incipit
1415 671 1550 733 sic:

1005 399 1088 449 IN
1134 399 1239 448 ΕΡ.
1285 396 1389 447 AD
1433 391 1899 446 TIMOTHEUM
1948 392 1994 443 1.
2620 371 2708 452 69

2031 575 2508 625 consummans
2549 576 2710 619 uero

415 807 585 871 sicut
612 808 847 892 rogaui
875 815 933 871 te
962 816 1039 869 ut
1062 804 1408 869 sustineres
1443 802 1705 886 Ephesi,
1736 822 1882 866 cum
1925 800 2088 865 irem
2132 799 2202 865 in
2231 798 2710 876 Macedoniam,

286 921 366 974 ut
392 911 804 976 denuntiares
831 910 1217 994 quibusdam
1248 930 1372 972 non
1403 910 1602 973 aliter
1628 909 1838 972 docere
1865 928 2062 990 neque
2092 906 2416 970 intendere
2442 903 2709 988 fabulis

285 1023 353 1077 et
389 1015 784 1097 genealogiis
832 1013 1129 1097 infinitis,
1182 1033 1345 1095 quae
1400 1012 1797 1095 quaestiones
1840 1021 2188 1094 praestant
2243 1011 2462 1094 magis
2510 1032 2709 1096 quam

288 1120 820 1202 dispensationem
854 1118 997 1195 Dei,
1029 1138 1191 1200 quae
1216 1126 1313 1180 est
1341 1116 1409 1178 in
1423 1116 1579 1199 fide.

424 1253 580 1307 ante
632 1242 857 1305 omnia
903 1241 1083 1304 beati
1135 1240 1321 1305 Pauli
1372 1238 1716 1303 humilitas
1764 1238 1974 1321 digna
2021 1247 2126 1302 est
2173 1238 2712 1314 demirationem,

292 1349 612 1428 quoniam
646 1345 972 1429 discipulo
1014 1366 1136 1409 suo
1183 1345 1477 1409 scribens
1524 1365 1659 1409 non
1707 1344 1925 1407 dixit:
1970 1343 2177 1407 ‘sicut
2222 1341 2564 1425 praecepi,'
2597 1351 2716 1407 aut

296 1456 313 1485 ‘
341 1450 652 1534 probaui,'
686 1459 803 1514 aut
839 1449 1018 1512 ‘dixi
1045 1448 1087 1519 ς’
1127 1449 1243 1512 sed
1289 1447 1678 1530 simpliciter
1719 1445 1889 1509 sicut
1926 1445 2173 1528 rogaui,
2223 1445 2328 1509 uel
2374 1450 2388 1478 ‘
2411 1445 2715 1509 obsecra-

295 1565 406 1619 tus
454 1552 636 1618 sum.'

726 1554 819 1616 sic
856 1554 1104 1616 sanctis
1147 1551 1274 1615 illis
1329 1551 1625 1614 studium
1674 1558 1818 1613 erat
1864 1550 2209 1613 uniuersos
2254 1549 2712 1614 obsecratione
2749 1570 2827 1618 10

295 1660 383 1723 ad
431 1679 599 1741 opus
644 1659 910 1741 pietatis
958 1658 1253 1733 inuitare,
1287 1656 1380 1719 ita
1424 1667 1499 1719 ut
1529 1664 1597 1719 et
1629 1654 2041 1719 alacritatem
2074 1654 2334 1717 hisdem
2366 1674 2517 1717 curn
2549 1673 2715 1736 qua-

294 1763 458 1827 dam
489 1765 693 1827 animi
726 1763 1169 1826 oblectatione
1202 1763 1637 1844 inponerent;
1685 1780 1766 1823 eo
1801 1761 1983 1842 quod
2022 1759 2396 1823 obsecratio
2441 1757 2713 1841 quidem

297 1867 501 1930 etiarn
546 1865 744 1929 ualde
796 1866 1164 1928 desidiosos
1218 1866 1344 1928 scit
1392 1865 1706 1940 animare,
1749 1863 2086 1946 praecepti
2130 1884 2287 1926 uero
2336 1862 2600 1946 pondus
2648 1871 2718 1925 et

299 1969 485 2033 illum
520 1968 633 2052 qui
664 1968 1005 2032 alacritate
1038 1977 1299 2032 tenetur
1331 1967 1594 2049 pigrum
1630 1986 1830 2048 saepe
1862 1965 2097 2029 fecisse
2127 1967 2410 2031 uidetur.
2502 1967 2716 2030 inten-

298 2071 595 2135 dendum
628 2082 730 2136 est
759 2082 984 2136 autem
1018 2082 1085 2136 et
1117 2072 1338 2136 sensui
1372 2071 1719 2135 dictorum.
1771 2091 1892 2135 nec
1930 2072 2105 2134 enim
2145 2071 2273 2135 hoc
2302 2072 2448 2136 uult
2479 2070 2712 2148 dicere,
2751 2087 2821 2155 15

298 2176 472 2239 sicut
530 2196 760 2240 sensus
820 2176 933 2257 qui
995 2176 1061 2238 in
1116 2185 1430 2258 promptu
1484 2185 1587 2237 est
1635 2173 2006 2256 significare
2053 2176 2335 2254 uidetur,
2398 2176 2716 2257 quoniam

266 2279 564 2369 ⁸rogauit
594 2300 747 2344 eum
777 2289 853 2343 ut
892 2281 1249 2343 sustineret
1295 2277 1567 2362 Ephesi,
1612 2280 1706 2343 ita
1745 2289 1819 2342 ut
1859 2282 2273 2363 praeciperet
2313 2280 2715 2363 quibusdam

301 2390 378 2445 ut
409 2401 493 2444 ne
524 2381 715 2445 aliter
742 2383 1095 2461 docerent3
1136 2379 1320 2463 †nec
1363 2382 1541 2444 enim
1573 2402 1695 2463 pro
1732 2380 1860 2445 hoc
1901 2383 2046 2447 solo
2077 2384 2343 2466 reliquit
2375 2402 2529 2447 eum
2563 2381 2714 2459 illic,

429 2524 506 2592 οὐ
577 2524 687 2592 διὰ
758 2523 835 2592 τὸ
903 2524 1401 2613 παρωγγέλλειν
1459 2523 1662 2609 μόνον
1725 2523 1908 2591 τισὶν
1962 2522 2055 2609 μὴ
2109 2523 2721 2612 ἑτεροδιδασκαλεῖν

405 2676 425 2711 ι
466 2662 595 2711 hanc
616 2678 666 2712 u.
689 2662 968 2713 adiectione
990 2663 1139 2713 fuisse
1159 2664 1369 2714 abusum
1384 2681 1417 2713 r

299 2758 334 2810 9
356 2743 446 2792 sed
478 2743 603 2793 dixit
636 2742 801 2808 simpl.
829 2760 863 2792 r

1074 2760 1127 2795 11
1167 2745 1324 2794 isd'em
1358 2745 1428 2794 H
1490 2744 1668 2794 iisdem
1702 2760 1738 2793 r

1562 2678 1590 2726 3
1625 2663 1677 2712 in
1698 2679 1776 2712 om
1805 2661 1890 2713 C*
2047 2676 2072 2726 7
2097 2663 2425 2714 demiratione
2453 2665 2497 2713 C
2516 2663 2667 2724 (corr)
2691 2681 2724 2713 r

1946 2746 2006 2795 18
2037 2753 2093 2795 ut
2120 2762 2200 2795 om
2234 2763 2267 2795 r
2462 2762 2522 2813 19
2555 2746 2714 2798 Coisl.

304 2840 417 2888 204,
441 2825 478 2875 s.
507 2828 598 2877 188
619 2842 651 2875 a
673 2827 783 2890 [Cr.
805 2828 889 2877 vii.
920 2842 965 2891 5,
995 2828 1080 2877 Fr.
1109 2829 1224 2896 149]
1256 2829 1502 2890 θεόδωρος.
1569 2829 1718 2879 ἄλλος
1740 2829 1794 2877 δέ
1817 2834 1985 2890 φησιν
2021 2831 2076 2879 οὔ
2100 2830 2194 2888 διά,
2219 2832 2372 2879 xer-Ji.

303 2955 551 3013 however,
576 2969 616 3002 a
639 2951 829 3003 further
850 2968 1024 3004 reason
1046 2971 1059 3004 ε
1095 2954 1175 3002 καὶ
1196 2954 1340 3003 τοῦτο
1364 2953 1462 3002 ἀπὸ

304 3035 495 3093 πολλῆς
532 3034 880 3096 φιλοστοργίας
972 3034 1194 3085 πλείονος
1238 3035 1340 3095 ’γὰρ
1374 3034 1463 3092 μά·

302 3118 455 3165 λιστα
499 3116 544 3163 οί
589 3116 871 3164 διδάσκαλοι
924 3116 1111 3164 δέονται
1165 3114 1252 3163 τοῦ
1304 3115 1463 3164 ἐλέου.

306 3196 386 3247 Cf.
423 3197 597 3248 Sedul.
625 3196 761 3246 Scot.
786 3211 798 3244 ε
841 3198 878 3222 “
901 3198 916 3222 ‘
934 3196 1323 3245 misericordiam
1340 3194 1353 3217 '
1376 3197 1461 3244 ad·

304 3280 382 3329 dit
404 3286 607 3343 propter
630 3278 735 3327 eius
755 3278 998 3327 honorem
1024 3277 1331 3342 nimiamque
1353 3276 1460 3325 eius

306 3358 658 3416 dilectionem;
680 3365 767 3407 aut
789 3357 908 3422 quia
932 3358 993 3407 T.
1022 3357 1266 3406 stomachi
1288 3356 1463 3406 dolore

306 3440 569 3490 laborabat
607 3439 673 3502 [c.
723 3454 773 3489 v.
817 3455 843 3489 2
850 3439 918 3504 31,
964 3439 1080 3489 ideo
1123 3440 1463 3489 misericordia

304 3516 648 3584 indiguerat.’'⁴
701 3520 871 3584 Atque
893 3520 1004 3569 mis.
1045 3519 1224 3580 (Rau,
1263 3535 1346 3569 see
1376 3535 1459 3567 vv.

250 3605 253 3606 ’
304 3599 385 3662 11.)
422 3600 464 3649 is
484 3615 551 3649 an
590 3599 909 3649 unfortunate
943 3607 1156 3665 attempt
1195 3606 1249 3649 to
1283 3614 1462 3664 escape

304 3682 433 3732 from
458 3681 543 3730 the
565 3680 845 3731 difficulties
867 3681 927 3731 os
941 3698 972 3730 a
995 3681 1150 3746 faulty
1173 3688 1294 3732 text.

375 3775 421 3823 3.
490 3762 774 3824 sustineres]
825 3761 907 3810 Cf.
951 3761 1172 3822 R6nsch,
1217 3762 1366 3822 Itala,
1406 3778 1457 3825 p.

307 3844 422 3907 381.
513 3842 583 3893 So
651 3841 762 3891 Hil.
821 3839 1219 3907 (“sustinere”),
1291 3843 1462 3907 Aug.;

307 3923 482 3988 vulg„
531 3923 917 3975 “remaneres'’
1004 3924 1089 3975 On
1141 3925 1464 3974 denuntiares

308 4005 684 4072 (παραγγείλῃς)
720 4023 803 4058 see
849 4019 912 4058 11.
951 4025 1003 4073 p.
1027 4005 1107 4068 62,
1137 4008 1170 4058 l.
1210 4024 1284 4071 14,
1324 4017 1457 4058 note.

306 4089 427 4141 Non
450 4090 600 4139 aliter
617 4088 813 4148 docere;
845 4090 908 4139 cf.
940 4101 975 4139 1.
1004 4105 1053 4155 p.
1085 4105 1131 4146 2,
1156 4089 1189 4140 l.
1221 4106 1299 4147 21,
1323 4098 1458 4140 note.

308 4171 559 4237 Infinitis,
604 4187 661 4220 so
702 4169 911 4222 Iren.¹¹¹‘·
957 4172 1243 4233 Ambrstr.;
1298 4175 1457 4234 Tert.,

311 4255 351 4281 ‘⁸
364 4254 839 4317 indeterminabiles,
847 4254 878 4278 ’⁹
929 4258 963 4283 ⁸‘
982 4256 1390 4307 indeterminatas
1409 4256 1465 4317 ;”

308 4341 486 4407 Vulg.,
510 4345 543 4368 ‘⁸
560 4338 955 4390 interminatas.”
1003 4339 1425 4403 Dispensationem
1442 4356 1464 4400 ,·

309 4422 369 4472 cs.
397 4422 484 4473 the
506 4437 688 4472 comm.
716 4421 897 4480 below,
916 4438 965 4488 p.
993 4434 1070 4486 73,
1099 4422 1133 4471 1.
1156 4438 1207 4473 11
1228 4438 1303 4487 sq.
1363 4424 1462 4473 Th.

306 4502 492 4567 clearly
550 4503 665 4551 read
715 4503 1002 4563 οἰκονομίαν,
1062 4501 1176 4551 thus
1232 4503 1467 4567 agreeing

1561 2951 1684 3001 with
1719 2951 1919 3016 Chrys,
1947 2952 2123 3013 Thdt.,
2167 2954 2268 3002 and
2307 2952 2393 3003 the
2429 2953 2599 3004 Greek
2631 2969 2717 3003 au-

1559 3032 1786 3083 thorities
1814 3034 2085 3098 generally,
2112 3034 2304 3099 against
2329 3034 2415 3084 the
2445 3034 2594 3085 Pesh.
2617 3033 2718 3085 and

1562 3114 1650 3164 the
1673 3114 1825 3163 Latin
1850 3115 2086 3165 versions.

1631 3207 1674 3257 7.
1745 3196 1904 3245 Pauli
1933 3196 2214 3259 humilitas]
2264 3196 2361 3247 See
2393 3196 2480 3248 the
2518 3213 2621 3262 arg.
2663 3204 2720 3247 to

1562 3275 1650 3324 the
1689 3276 1787 3340 Ep.
1832 3283 1887 3326 to
1932 3276 2216 3335 Philemon,
2261 3278 2408 3341 infra
2424 3294 2449 3337 ,·
2501 3279 2604 3328 and
2647 3277 2711 3329 cf.

1562 3355 1740 3419 Chrys.
1768 3357 1841 3405 ad
1868 3356 1919 3406 Ιι.
1942 3358 2011 3406 l.=
2057 3354 2202 3408 ἄκουε
2236 3359 2294 3408 τὸ
2332 3356 2581 3421 προσηνές,
2617 3360 2720 3407 πῶς

1562 3438 1619 3485 οὐ
1642 3438 1930 3487 διδασκάλου
1952 3440 2188 3501 κέχρηται
2220 3437 2360 3502 φωνῇ
2388 3439 2501 3488 ἀλλ’
2533 3440 2720 3488 οίκέτου

1560 3518 1710 3581 [Oec.
1747 3520 1927 3583 ἱκέτου]
1959 3522 2153 3581 σχεδόν·
2198 3524 2253 3570 οὔ
2288 3524 2388 3584 ’γὰρ
2421 3522 2554 3569 εἶπεν
2576 3526 2589 3548 ‘
2607 3521 2718 3569 ἐτέ-

1560 3600 1706 3661 ταξα’
1756 3600 1863 3652 οὐδὲ
1907 3607 1919 3630 ‘
1939 3602 2192 3654 ἐκέλευσα’
2238 3605 2348 3653 οὐδὲ
2399 3606 2414 3629 ⁸
2429 3599 2720 3667 παρῄνεσα,’

1566 3683 1700 3732 ἀλλὰ
1720 3684 1799 3744 τί;
1843 3689 1857 3711 ‘
1873 3685 2183 3747 παρεκάλεσά
2203 3683 2295 3733 σε)

1627 3766 1780 3830 digna
1800 3771 1870 3815 est
1887 3765 2284 3827 demirationem]
2319 3765 2539 3822 Rbusch,
2563 3766 2717 3825 Itala,

1562 3862 1615 3912 p.
1641 3862 1756 3907 412.

1629 3943 1676 3994 9.
1763 3932 1776 3955 ⁸
1796 3929 1976 3992 rogaui
1988 3925 2020 3989 ⁹,
2078 3926 2162 3976 uel
2207 3928 2501 3978 ‘obsecratus
2553 3945 2664 3978 sum
2681 3929 2717 3992 ἶ]

1563 4010 1675 4060 The
1700 4010 1978 4069 translator,
2005 4009 2302 4060 dissatisfied
2317 4010 2439 4059 with
2458 4011 2543 4060 the
2564 4012 2718 4076 Vulg.

1562 4090 1829 4155 rendering
1865 4090 2030 4140 which
2064 4090 2129 4139 he
2164 4090 2256 4141 has
2287 4093 2512 4143 retained
2547 4093 2601 4144 in
2630 4096 2717 4145 the

1559 4180 1682 4233 text,
1743 4173 1870 4223 adds
1924 4190 1990 4222 an
2037 4174 2366 4233 alternative;
2421 4176 2485 4225 cf.
2538 4189 2578 4227 1.
2625 4193 2714 4242 pp.

1563 4255 1732 4312 xxxvi,
1766 4266 1812 4317 5,
1852 4255 1887 4303 l.
1927 4253 1988 4306 16
2015 4263 2149 4305 note.
2239 4255 2342 4304 For
2362 4272 2427 4305 an
2450 4272 2528 4307 ex.
2558 4259 2616 4309 os
2632 4259 2718 4309 the

1564 4340 1679 4405 dep.
1707 4339 1948 4389 obsecrari
1964 4337 2028 4389 cs.
2054 4350 2090 4389 1.
2117 4354 2166 4404 p.
2197 4335 2306 4403 163,
2330 4339 2365 4389 l.
2396 4354 2472 4390 ιο.

1637 4424 1712 4473 18.
1780 4437 1866 4472 nec
1899 4421 2031 4471 enim
2055 4427 2155 4485 pro
2191 4422 2279 4471 hoc
2309 4422 2423 4479 solo,
2447 4421 2565 4485 δια]
2622 4423 2717 4475 See

1564 4502 1652 4552 the
1686 4517 1786 4567 arg.
1828 4503 2002 4563 above,
2042 4517 2145 4565 esp.
2179 4517 2264 4567 pp.
2291 4500 2369 4563 67,
2398 4502 2430 4551 l.
2464 4518 2518 4559 ας
2555 4501 2632 4564 68,
2660 4505 2714 4556 ll.
