3221 5116
296 413 387 480 11.
425 417 647 502 3—5.]

291 599 675 669 sobrietati!

1034 435 1117 483 IN
1169 435 1273 485 ΕΡ.
1319 434 1421 483 ΑΙ)
1467 432 1929 489 TIMOTHEUM
1978 436 2023 486 1.

765 613 835 668 et
887 605 1175 669 suadens
1231 606 1323 669 illi
1369 605 1498 671 ista
1544 605 1638 670 sic
1687 604 1903 670 facere
1948 605 2120 669 sicut
2171 605 2330 689 ipse,
2375 605 2717 689 praecepit

293 722 719 769 communem
780 726 902 788 pro
976 709 1288 771 omnibus
1359 707 1743 771 hominibus
1818 707 2337 773 sollicitudinem
2412 709 2526 791 qui
2594 729 2714 791 per

292 815 507 869 totum
540 809 770 871 orbem
800 830 944 872 esse
975 810 1287 873 uidentur
1314 812 1716 893 expendere,
1740 820 1810 875 et
1839 810 2223 874 communia
2254 811 2435 875 bona
2465 809 2712 876 debere

291 909 657 973 existimari
691 931 772 975 ea
802 932 972 993 quae
1003 914 1459 976 uniuersorum
1489 923 1681 978 sunt:

417 1061 532 1125 lzoc
556 1073 772 1127 autem
800 1075 896 1128 est
922 1064 1155 1129 bonum
1184 1076 1248 1130 et
1272 1078 1587 1150 acceptum
1618 1087 1832 1131 coram
1863 1060 2190 1131 kaltcatore
2219 1078 2434 1132 nostro
2463 1066 2618 1133 Deo·

418 1191 817 1256 sufficienter
847 1194 1057 1257 suasit
1088 1215 1202 1257 eos
1245 1195 1337 1258 sic
1376 1216 1625 1277 sapere,
1673 1195 2003 1279 siquidem
2048 1205 2118 1259 et
2148 1195 2298 1259 Deo
2340 1196 2432 1259 sic
2464 1194 2704 1278 placet.

286 1293 467 1356 unde
498 1303 565 1356 et
594 1295 1055 1375 probationem
1089 1295 1336 1360 faciens
1368 1298 1548 1381 quod
1583 1298 1733 1361 Deo
1765 1299 1892 1362 ista
1925 1297 2209 1380 placent,
2243 1298 2488 1363 adicit:

416 1442 536 1524 qui
559 1464 773 1507 omnes
807 1445 1093 1509 homines
1123 1447 1271 1510 uult
1299 1448 1517 1512 saluos
1537 1449 1707 1532 fieri
1735 1459 1798 1513 et
1829 1449 1927 1513 ad
1947 1448 2367 1531 cognitionem
2397 1447 2704 1515 ueritatis·

284 1544 523 1610 uenire.

417 1702 573 1745 nam
635 1685 791 1766 quia
855 1684 1041 1747 Deus
1102 1687 1187 1749 de
1248 1686 1560 1749 omnibus
1621 1684 2004 1749 hominibus
2067 1685 2196 1748 ista
2256 1683 2437 1761 uelit,
2503 1703 2703 1748 nemo

285 1786 534 1867 poterit
586 1789 1075 1868 contradicere;
1135 1790 1411 1853 euidens
1462 1799 1692 1853 autem
1747 1798 1849 1852 est
1903 1788 2222 1871 quoniam
2269 1808 2505 1851 omnes
2550 1787 2704 1852 uult

282 1890 549 1965 samari,
581 1892 738 1973 quia
770 1899 837 1953 et
868 1911 1102 1954 omnes
1133 1901 1372 1956 tuetur.

1458 1892 1902 1955 necessarium
1944 1901 2047 1954 est
2078 1911 2236 1973 ergo
2279 1900 2352 1955 ut
2396 1911 2518 1954 nos
2559 1891 2702 1955 eius

281 1994 637 2058 tuitionem
684 2016 841 2078 erga
894 2017 1127 2060 omnes
1189 1999 1544 2076 imitemur,
1595 1999 1650 2060 si
1699 2007 1927 2060 tamen
1974 1995 2059 2059 ad
2109 1995 2385 2078 plenum
2434 1994 2702 2059 adcele-

283 2117 508 2160 ramus
568 2098 807 2162 similia
867 2119 1101 2181 sapere
1165 2100 1329 2164 Deo,

284 2199 528 2264 adicit:

414 2378 585 2420 unus
612 2366 828 2420 autem
857 2356 1040 2420 Deus
1067 2368 1177 2422 est.

548 2531 569 2565 1
608 2513 875 2566 sobrietate
903 2514 1025 2566 CH
1045 2512 1053 2580 Ι
1082 2515 1179 2566 illis
1201 2516 1269 2566 H

352 2677 399 2726 5.
464 2664 552 2734 hoc
572 2664 758 2726 autem]
815 2663 881 2714 Ο.
908 2665 969 2714 L.
993 2666 1095 2715 and
1110 2666 1281 2730 Vulg..
1305 2665 1445 2715 “hoc

284 2740 499 2800 enim”;
533 2743 634 2792 and
667 2760 725 2793 so
758 2744 844 2794 the
868 2743 972 2793 Gk.
1039 2745 1147 2795 Our
1177 2746 1445 2795 translator

284 2823 376 2874 has
398 2826 545 2875 made
568 2842 597 2875 a
619 2826 809 2875 similar
837 2825 1029 2890 change
1052 2825 1106 2875 in
1127 2842 1175 2878 v,
1204 2839 1249 2888 5,
1279 2827 1444 2877 where

286 2922 423 2955 unus
442 2915 608 2956 autem
631 2909 805 2957 stands
827 2907 903 2957 for
927 2909 989 2958 εἷς
1009 2908 1120 2970 γάρ.

350 2990 399 3037 8.
464 2989 537 3036 ad
568 2989 913 3053 cognitionem]
959 2991 1054 3041 See
1078 3007 1158 3039 vv.
1183 2990 1234 3039 11.
1287 2991 1443 3054 “Ag-

282 3067 526 3119 nitionem
545 3068 574 3091 ”
641 3071 684 3120 is
750 3071 837 3120 the
897 3072 1165 3135 rendering
1227 3071 1287 3121 os
1357 3072 1443 3122 the

284 3152 437 3202 Latin
470 3152 795 3213 authorities-»3
838 3168 972 3217 cogn.
1007 3154 1238 3203 however
1272 3169 1444 3204 occurs

283 3234 338 3284 in
372 3235 488 3299 vig.
514 3236 667 3299 Taps.
701 3236 761 3284 de
790 3236 843 3285 T
841 3236 939 3286 rin.
969 3236 1041 3284 iii.
1067 3236 1264 3301 (Migne
1284 3237 1344 3286 P.
1377 3238 1436 3287 L.

285 3315 366 3373 62,
391 3333 418 3365 α
425 3314 526 3380 58).

355 3410 376 3444 1
390 3412 431 3444 1.
496 3411 660 3445 omnes·
681 3396 795 3444 uult
821 3395 1038 3456 saluam]
1075 3397 1176 3446 For
1204 3412 1236 3446 a
1268 3403 1444 3447 catena

282 3477 343 3527 of
372 3477 456 3527 the
490 3477 713 3543 patristic
747 3477 1125 3542 interpretation
1158 3477 1217 3528 of
1250 3494 1269 3527 r
1307 3479 1440 3529 Tim.

281 3558 336 3608 ii.
359 3578 391 3622 4
413 3575 496 3609 see
520 3560 692 3608 Petav.
715 3560 773 3607 de
792 3560 1000 3609 Incarn.
1030 3571 1157 3609 x111.
1181 3561 1260 3621 §i-
1295 3559 1442 3610 Th.’s

280 3652 548 3694 statement
569 3659 730 3693 seems
755 3651 808 3693 to
829 3644 1010 3693 accord
1024 3643 1145 3692 with
1164 3644 1247 3693 the
1265 3644 1441 3709 judge-

280 3729 418 3771 ment
462 3723 521 3772 of
557 3724 644 3773 the
688 3723 831 3773 other
877 3724 1043 3774 Greek
1084 3724 1285 3780 fathers,
1325 3724 1441 3773 who

279 3818 413 3852 were
444 3803 679 3868 disposed
715 3811 767 3852 to
801 3811 976 3867 accept
1005 3804 1057 3854 S.
1088 3802 1254 3852 Paul’s
1275 3804 1441 3853 words

281 3883 334 3931 in
371 3883 500 3934 their
526 3886 704 3949 prima
723 3886 860 3950 facie
889 3901 1043 3935 sense.
1117 3888 1321 3949 Among
1355 3885 1439 3935 the

280 3962 455 4012 latins
488 3979 627 4013 some
659 3964 821 4013 desire
855 3981 956 4014 was
989 3964 1160 4014 shewn
1196 3965 1322 4013 from
1354 3966 1439 4015 the

277 4045 385 4095 first
430 4053 483 4095 to
526 4046 685 4110 guard
728 4046 857 4096 their
899 4046 1223 4111 application.
1296 4046 1438 4096 Thus

277 4128 415 4177 Tert.
467 4128 547 4189 (de
588 4135 715 4178 orat.
762 4128 814 4192 4)
859 4145 1005 4194 says:
1066 4133 1308 4181 “summa
1362 4140 1437 4182 est

275 4209 548 4259 uoluntatis
570 4211 675 4260 eius
698 4210 831 4260 salus
854 4226 1052 4260 eorum
1075 4227 1225 4276 quos
1258 4213 1437 4277 adop-

275 4290 472 4341 tauit''
494 4291 593 4354 (i.e.
622 4291 682 4341 of
698 4292 783 4342 the
804 4292 1075 4356 baptized).
1126 4294 1362 4344 Paulinus
1386 4294 1446 4344 of

277 4370 414 4419 Nola
462 4370 550 4433 (cp.
605 4373 682 4430 2):
731 4371 1000 4420 “omnium
1042 4381 1329 4436 quantum
1375 4372 1435 4421 in

274 4452 412 4516 ipso
455 4459 542 4501 est
588 4451 846 4501 hominem
888 4452 1082 4503 saluum
1127 4453 1232 4503 fieri
1277 4452 1436 4503 uult.”

274 4531 532 4581 Ambrstr.
579 4532 652 4580 ad
689 4531 738 4580 Ιι.
785 4533 860 4581 l.:
915 4532 1001 4582 “si
1055 4533 1192 4582 Deus
1241 4532 1428 4597 utique,

1454 2517 1491 2566 8
1518 2513 1823 2580 agnitionem
1846 2515 1914 2564 H

1420 2109 1489 2163 et
1548 2101 1733 2163 omni
1795 2121 1885 2163 ex
1945 2109 2138 2183 parte
2199 2099 2267 2162 id
2322 2100 2699 2179 ostendenS,

2146 2502 2289 2579 14‘id
2313 2532 2390 2566 om
2414 2532 2445 2565 r

1539 2665 1630 2730 qui
1668 2664 1985 2729 omnipotens
2020 2662 2216 2723 dicitur,
2260 2678 2435 2714 omnes
2472 2663 2700 2715 homines

1539 2746 1648 2794 uult
1681 2746 1880 2805 saluari,
1906 2760 2008 2793 non
2042 2745 2276 2809 impletur
2308 2745 2414 2795 eius
2446 2747 2693 2797 uoluntas,

1540 2826 1630 2874 sed
1653 2825 1705 2874 in
1727 2825 1864 2873 omni
1889 2825 2139 2873 locutione
2162 2839 2373 2874 sensus
2406 2832 2466 2875 et
2497 2825 2698 2875 condi·

1540 2904 1627 2954 tio
1660 2905 1987 2955 latet...uult
2019 2905 2154 2954 enim
2190 2905 2328 2956 Deus
2361 2922 2408 2954 o.
2444 2905 2495 2956 h.
2534 2908 2701 2958 saluos

1540 2987 1664 3047 fieri,
1703 2988 1807 3037 sed
1840 2987 1888 3037 si
1923 2987 2220 3037 accedant
2255 2988 2326 3036 ad
2361 2989 2604 3039 eum...si
2640 2999 2700 3041 et

1539 3069 1660 3133 ipsi
1691 3068 1938 3119 uelint.''
2009 3070 2059 3120 S.
2086 3069 2367 3133 Augus-tine
2387 3071 2576 3122 carried
2599 3071 2700 3122 this

1538 3149 1808 3198 limitation
1831 3156 1888 3198 to
1906 3148 1995 3198 the
2013 3155 2181 3198 extent
2212 3149 2271 3198 os
2296 3151 2585 3215 explaining
2613 3152 2700 3203 the

1538 3228 1710 3277 words
1745 3237 1802 3277 to
1837 3244 1988 3278 mean
2022 3229 2143 3293 only
2175 3229 2283 3279 that
2325 3245 2458 3281 none
2496 3246 2591 3281 can
2633 3233 2700 3282 be

1538 3309 1690 3358 saved
1713 3317 1890 3373 except
1914 3310 1982 3373 by
2006 3310 2163 3360 God’s
2187 3311 2288 3360 will
2312 3313 2401 3376 (ep.
2433 3327 2521 3376 107
2546 3314 2696 3364 “orn-

1538 3406 1629 3441 nes
1651 3391 1738 3455 qui
1770 3390 1898 3440 salui
1931 3391 2057 3440 fiunt
2091 3392 2185 3441 nisi
2219 3393 2329 3457 ipso
2363 3395 2563 3445 uolente
2595 3413 2698 3447 non

1540 3475 1667 3524 fiunt
1683 3472 1751 3535 '').
1804 3474 1915 3523 The
1938 3474 2194 3538 Apostle's
2216 3477 2401 3527 πάντας
2421 3475 2699 3539 ἀνθρώπους

1539 3571 1642 3604 was
1665 3554 1781 3604 thus
1803 3554 2094 3619 practically
2114 3557 2381 3605 converted
2404 3557 2510 3608 into
2534 3563 2698 3611 ‘some

1537 3652 1671 3697 men,
1698 3636 1757 3685 of
1771 3636 1840 3685 all
1864 3643 1992 3686 sorts
2009 3636 2048 3695 ’ς
2083 3637 2184 3686 and
2209 3638 2349 3687 these
2371 3638 2457 3688 the
2479 3639 2698 3690 homines

1535 3720 1685 3768 bonae
1705 3718 1995 3774 uoluntatis,
2019 3734 2076 3766 or
2098 3717 2225 3767 from
2248 3720 2457 3769 another
2477 3721 2620 3784 point
2642 3722 2703 3771 of

1537 3800 1678 3860 view,
1730 3800 1816 3848 the
1860 3800 2247 3864 predestinated.
2332 3800 2409 3850 Cf.
2458 3802 2593 3867 Aug.
2638 3804 2697 3853 de

1532 3897 1661 3931 corr.
1695 3888 1744 3929 et
1767 3881 1940 3945 gratia
1974 3899 2071 3943 44:
2111 3882 2327 3930 “multis
2356 3883 2518 3932 modis
2548 3885 2693 3935 intel-

1536 3962 1635 4025 legi
1679 3960 2000 4026 potest...sed
2042 3959 2124 4010 hic
2167 3977 2321 4010 unum
2365 3963 2529 4013 dicam
2550 3982 2567 4026 ς
2622 3969 2694 4016 ita

1534 4045 1725 4093 dictum
1775 4051 1847 4092 est
1856 4081 1975 4093 ......
1981 4051 2036 4093 ut
2082 4043 2466 4109 intellegantur·
2487 4064 2692 4099 omnes

1534 4123 2004 4190 praedestinati,
2073 4125 2217 4189 quia
2270 4140 2441 4176 omne
2505 4143 2690 4192 genus

1532 4206 1836 4255 hominum
1882 4206 1940 4254 in
1974 4205 2061 4256 eis
2096 4205 2240 4256 est.”
2305 4209 2517 4273 Against
2550 4211 2691 4261 these

1531 4289 1701 4338 efforts
1725 4296 1776 4338 to
1799 4304 1976 4353 escape
2000 4288 2126 4337 from
2153 4290 2239 4339 the
2268 4291 2432 4341 literal
2456 4294 2690 4360 meaning

1532 4371 1590 4420 os
1638 4370 1724 4419 the
1774 4377 1877 4420 text
1926 4369 2023 4419 Th.
2074 4371 2293 4437 perhaps
2342 4372 2582 4424 intended
2633 4383 2687 4425 to

1529 4458 1737 4518 protest.

2636 423 2728 503 87.

2780 1078 2814 1148 5

2740 1699 2818 1748 10
