3221 5116
1139 406 1599 460 THEODORUS
1647 405 2230 460 MOPSUESTENUS

473 409 602 477 234
2587 394 2665 480 [1-
2692 412 2890 487 ‚1-4

471 576 872 643 contrarium
903 585 1021 643 aut
1051 576 1195 661 ipse
1224 579 1495 643 doceret
1538 588 1655 642 aut
1695 576 1862 641 alios
1902 586 2242 660 pateretur
2277 579 2613 646 docentes,
2699 580 2892 644 deni-

470 703 602 765 que
661 693 729 747 et
778 683 1060 747 multam
1116 683 1626 747 similitudinem
1687 681 1855 745 haec
1913 681 2200 764 epistola
2245 684 2328 747 ad
2392 683 2575 748 illam
2625 684 2894 749 uidetur

470 784 717 849 habere
757 785 1151 867 epistolam;
1196 806 1352 850 nam
1395 796 1465 850 et
1507 806 1642 849 una
1688 805 1889 849 causa
1933 794 2074 848 erat
2119 806 2241 868 pro
2283 807 2419 869 qua
2458 796 2526 852 et
2567 789 2652 852 ad
2688 787 2888 852 istum

472 898 540 952 et
584 889 670 953 ad
719 888 904 952 illum
946 888 1295 953 scribebat.
1383 887 1632 953 differri
1674 907 1833 951 uero
1874 887 2001 950 sibi
2042 888 2367 970 epistolae
2412 890 2726 954 uidentur
2762 889 2892 954 hac

408 1008 440 1077 5
473 991 614 1056 sola
645 993 901 1056 ratione
931 1013 1065 1075 qua
1095 992 1456 1056 Timotheo
1488 993 1687 1057 latius
1719 1002 1787 1057 et
1827 993 2085 1056 cautius
2125 993 2211 1057 de
2243 993 2554 1057 omnibus
2584 994 2890 1076 scripsit;

471 1097 540 1193 in
571 1095 697 1159 hac
729 1115 886 1159 vero
916 1094 1201 1178 epistola
1232 1115 1435 1177 quam
1483 1097 1568 1160 ad
1608 1095 1842 1160 Titum
1898 1094 2238 1159 direxerat
2283 1098 2759 1179 compendiose
2806 1099 2894 1163 de

471 1199 780 1263 omnibus
811 1200 992 1262 uisus
1023 1209 1125 1264 est
1154 1198 1542 1281 explicasse.

600 1302 921 1386 epistolae
973 1304 1283 1386 equidem
1333 1313 1805 1386 argumentum
1866 1302 1934 1367 in
1993 1303 2099 1367 his
2147 1302 2466 1370 consistit.
2554 1324 2681 1388 ego
2733 1323 2893 1368 uero

470 1408 1034 1488 praedicationem
1067 1409 1153 1472 de
1184 1407 1460 1491 singulis
1492 1409 1813 1491 arripiens
1854 1408 2331 1490 compendiose
2369 1428 2521 1473 eam
2553 1408 2892 1491 explicare

367 1528 447 1578 10
471 1509 859 1591 adnitebor3
908 1512 1111 1575 moris
1142 1511 1471 1594 siquidem
1518 1513 1727 1576 nostri
1769 1522 1875 1576 est
1918 1521 1993 1576 ut
2024 1533 2159 1575 non
2203 1512 2511 1576 absolute
2542 1512 2892 1595 prolonge-

470 1634 621 1678 mus
668 1617 1132 1694 narrationem,
1175 1617 1447 1700 quando
1488 1617 1891 1680 sufficienter
1933 1636 2166 1680 sensus
2208 1616 2507 1681 ueritatis
2552 1616 2621 1679 in
2662 1613 2893 1698 paucis

469 1719 714 1802 poterit
743 1719 1080 1802 explicari.

598 1862 859 1927 Paulus
912 1884 1142 1927 seruus
1198 1861 1341 1938 Dei,
1402 1861 1722 1944 apostolus
1776 1871 1994 1925 autem
2050 1859 2305 1926 Christi
2346 1861 2495 1924 Iesu
2543 1862 2890 1927 secundum

449 1964 662 2050 fldem
704 1966 1037 2029 electorum
1081 1966 1215 2029 Dei
1259 1975 1323 2029 et
1361 1965 1779 2049 cognitionem
1832 1966 2137 2030 ueritatis
2174 1987 2336 2048 quae
2377 1965 2723 2029 secundum
2749 1966 2892 2050 pie-

366 2083 437 2151 15
471 2079 667 2134 tatem
697 2080 806 2146 est,
838 2068 909 2132 in
937 2079 1042 2151 spe
1071 2069 1247 2132 uitae
1274 2078 1569 2132 aeternae
1612 2089 1809 2150 quam
1838 2068 2154 2150 promisit
2192 2068 2252 2132 is
2278 2067 2397 2150 qui
2423 2089 2547 2131 non
2579 2069 2896 2133 mentitur

470 2171 653 2237 Deus
699 2184 852 2238 ante
901 2182 1184 2256 tempora
1240 2183 1521 2250 aeterna,
1584 2171 2047 2254 manifestauit
2100 2193 2252 2236 uero
2311 2172 2698 2254 temporibus
2752 2173 2896 2236 suis

470 2276 737 2341 uerbum
766 2298 959 2340 suum
991 2275 1063 2339 in
1090 2275 1573 2358 praedieatione
1589 2297 1622 2350 ,⁰
1665 2276 1841 2358 quod
1867 2275 2182 2339 creditum
2220 2283 2317 2339 est
2353 2274 2524 2338 milti
2546 2274 2891 2338 secundum

470 2381 815 2466 imperium
861 2380 1217 2445 saluatoris
1265 2380 1477 2444 nostri
1524 2379 1675 2444 Dei.
1774 2379 1921 2444 Tito
1976 2378 2314 2443 carissimo
2347 2377 2502 2463 filio
2544 2378 2890 2443 secundum

961 2491 967 2496 ῃ
1776 2511 1809 2564 6
1841 2512 2033 2564 dixerat
2062 2512 2132 2563 C*
2155 2513 2225 2563 Η
2458 2526 2490 2578 9
2526 2512 2811 2579 precatione
2831 2513 2904 2563 H

1588 2611 1648 2659 14
1682 2596 2033 2659 cognationem
2062 2595 2132 2644 C*
2156 2596 2225 2644 H
2240 2592 2249 2660 1
2280 2604 2354 2645 est
2378 2594 2516 2644 iuxta
2536 2611 2586 2660 p.
2616 2611 2719 2660 spe,
2747 2595 2837 2646 &c.
2862 2613 2896 2644 r

1947 2690 2003 2738 17
2038 2691 2168 2741 quae
2190 2675 2379 2725 credita
2399 2682 2474 2725 est
2496 2692 2530 2723 r
2663 2676 2722 2725 18
2755 2674 2893 2724 iuxta

574 2533 595 2569 ι
633 2517 815 2569 docere
838 2516 900 2568 H
1152 2535 1185 2580 4
1208 2515 1417 2567 differre
1442 2515 1487 2565 C
1504 2532 1538 2566 r

476 2618 539 2653 ιο
569 2600 769 2651 adnitar
789 2617 823 2650 r
990 2614 1044 2650 ιι
1083 2598 1241 2650 sensis
1267 2597 1339 2648 C*
1361 2599 1429 2648 H

477 2680 536 2733 16
568 2682 766 2732 saecula
790 2681 907 2745 (sor
925 2681 1104 2745 temp.)
1127 2696 1161 2729 r
1185 2678 1194 2745 Ι
1222 2687 1390 2730 autem
1415 2677 1532 2746 (sor
1550 2679 1692 2739 uero)
1716 2693 1750 2726 r

472 2764 588 2829 (sor
604 2764 899 2826 secundum)
923 2779 955 2813 r

1727 2874 1925 2926 matter,
1960 2868 2226 2932 regarding
2259 2866 2338 2916 his
2363 2864 2745 2917 commentaries
2772 2881 2827 2915 as
2859 2880 2894 2915 a

1726 2950 2002 3001 connected
2047 2950 2229 3009 whole,
2272 2948 2721 3012 notwithstanding
2764 2947 2894 2998 their

469 2877 538 2940 [c.
594 2875 647 2926 ii.
696 2892 748 2927 ιι
798 2873 918 2940 ‹sq-1,
972 2872 1062 2935 τὴν
1105 2873 1283 2933 ταύτης
1324 2873 1483 2922 αἰτίαν
1525 2872 1629 2921 ἐτι·

471 2958 669 3007 δεικνύς.

538 3055 587 3088 2.
644 3038 856 3088 multam
870 3035 1266 3095 similitudinem,
1294 3033 1410 3096 δια]
1443 3034 1627 3098 Comp.

471 3134 508 3172 1.
538 3138 623 3187 pp.
658 3134 750 3181 1¹3
776 3136 870 3185 sq„
901 3122 1011 3169 280.
1086 3119 1135 3169 It
1166 3119 1271 3168 will
1302 3119 1365 3167 be
1388 3116 1631 3167 observed

471 3206 582 3256 that
604 3205 702 3253 Th.
735 3204 899 3253 draws
929 3201 1056 3263 from
1092 3201 1232 3250 these
1265 3200 1630 3249 resemblances

470 3304 540 3338 no
561 3285 833 3337 inferenees
856 3283 951 3333 osa
972 3282 1345 3347 chronological
1371 3282 1513 3343 kind,
1536 3283 1627 3331 but

471 3370 526 3419 in
569 3368 692 3419 each
721 3382 835 3417 case
868 3365 1129 3415 attributes
1164 3365 1247 3413 the
1281 3364 1542 3427 similarity
1576 3373 1630 3414 to

472 3450 559 3501 the
601 3448 792 3499 similar
835 3446 1217 3496 circumstances
1260 3445 1422 3493 under
1463 3443 1629 3493 which

472 3534 559 3585 the
582 3531 802 3596 Epistles
825 3544 954 3579 were
976 3528 1190 3577 written.

539 3635 585 3678 4.
654 3612 854 3676 differri
881 3608 994 3669 sibi]
1041 3609 1092 3657 A
1136 3608 1236 3657 late
1268 3606 1625 3666 construction,

470 3713 578 3748 exc.
603 3696 655 3745 in
678 3702 870 3760 poetry.
941 3690 1556 3756 Differri=3m<ptpeeow

543 3793 615 3829 ιο.
681 3773 954 3841 adnt‘tcbor]
1020 3773 1098 3825 Cf.
1139 3783 1203 3823 11.
1247 3787 1299 3838 p.
1344 3785 1453 3836 1932
1497 3771 1529 3821 l.
1575 3786 1626 3837 9,

471 3867 611 3915 note.

538 3940 694 3993 moris
745 3936 986 4007 siquidem
1045 3934 1206 3987 nostri
1255 3940 1338 3993 est,
1399 3933 1514 3998 δια]
1578 3933 1632 3985 Α

471 4025 621 4078 claim
660 4030 750 4072 not
793 4022 978 4088 always
1023 4016 1385 4071 substantiated
1430 4017 1497 4082 by
1541 4032 1634 4066 our

471 4106 690 4159 author's
717 4105 843 4169 style
878 4100 937 4163 (1.
972 4118 1021 4167 p.
1047 4101 1168 4152 lxiii.
1209 4102 1325 4167 sq.),
1364 4116 1423 4149 or
1454 4101 1522 4164 by
1554 4099 1634 4149 his

473 4196 739 4241 treatment
771 4185 829 4234 of
853 4182 1099 4234 doctrinal
1123 4182 1340 4246 subjects
1371 4180 1546 4246 falling
1579 4181 1632 4231 in

476 4267 596 4318 with
617 4266 696 4315 his
718 4279 832 4314 own
857 4263 955 4311 line
978 4260 1276 4324 ofthought.
1308 4260 1383 4308 As
1398 4275 1464 4309 an
1482 4275 1630 4324 expo-

470 4352 608 4409 sitor,
644 4348 892 4403 however,
934 4342 1032 4391 Th.
1073 4341 1141 4404 (1)
1173 4341 1216 4391 is
1253 4341 1355 4393 free
1383 4340 1512 4391 from
1535 4354 1634 4405 any

472 4432 718 4493 tendency
751 4437 804 4477 to
837 4423 1067 4481 rhetoric,
1104 4423 1207 4472 and
1240 4424 1310 4483 (α)
1354 4421 1634 4484 studiously

471 4514 647 4575 avoids
689 4512 776 4562 the
813 4525 947 4558 mere
985 4506 1217 4557 iteration
1260 4505 1320 4555 os
1357 4504 1630 4570 exegetical

1727 3030 1936 3096 gradual
1957 3032 2290 3096 composition
2314 3032 2372 3092 (1.
2398 3047 2446 3096 p.
2477 3030 2579 3081 lxii.
2608 3033 2725 3096 οφ).

1800 3131 1876 3180 ¹3·
1948 3116 2140 3166 Christi
2157 3116 2291 3178 Iesu]
2341 3115 2411 3166 So
2432 3115 2602 3173 Fuld..
2627 3115 2853 3166 Cassiod.
2875 3134 2893 3176 ς

1729 3199 1906 3263 Chrys.
1925 3199 2026 3248 and
2041 3198 2197 3248 Thdt.
2215 3200 2331 3263 give
2356 3198 2518 3258 Ἰησοῦ
2537 3198 2768 3258 Χριστοῦ,
2787 3199 2890 3248 and

1729 3281 1815 3330 the
1850 3281 1999 3329 latter
2031 3281 2074 3330 is
2109 3279 2194 3329 the
2238 3280 2385 3329 order
2423 3278 2657 3328 followed
2693 3279 2760 3343 by
2804 3279 2890 3329 the

1729 3371 1870 3427 great
1904 3362 2137 3426 majority
2176 3360 2236 3411 of
2266 3361 2351 3410 the
2388 3360 2536 3411 Latin
2577 3360 2883 3411 authorities.

1736 3446 2086 3510 Cogm’tionern,
2141 3459 2198 3493 so
2265 3443 2444 3500 Hier.;
2483 3442 2635 3507 Vulg.
2698 3445 2892 3507 “agni-

1730 3526 1972 3579 tionem.''
2012 3529 2066 3577 Is
2078 3526 2173 3592 qui
2181 3542 2282 3576 non
2299 3526 2604 3586 mentitur&
2625 3524 2858 3589 ἀψευδής)
2875 3545 2891 3586 3

1730 3608 1970 3675 similarly
2023 3607 2221 3668 Ambr.‚
2271 3607 2421 3672 Vulg.
2443 3626 2458 3668 ς
2511 3607 2677 3667 Hier„
2737 3608 2892 3669 Aug..

1729 3692 1763 3717 ‘⁸
1784 3704 1887 3738 non
1957 3684 2242 3746 mendax;”
2304 3687 2574 3746 Ambrstr.‚
2639 3684 2891 3736 “uerax.”

1727 3771 1965 3825 Attenia,
2032 3784 2092 3819 so
2157 3769 2319 3828 Hier„
2393 3770 2525 3832 Aug.
2547 3783 2561 3826 ς
2619 3769 2890 3824 Αιιὼιεῑι.,

1729 3852 1907 3915 Vulg„
1939 3850 2259 3901 “saecularia
2274 3849 2306 3871 ’²
2330 3850 2431 3913 (see
2451 3865 2518 3899 on
2543 3866 2571 3899 2
2596 3849 2732 3898 Tim.
2757 3849 2790 3897 i.
2814 3850 2885 3914 9).

1731 3934 1801 3982 In
1823 3933 2187 3998 praedicatione
2211 3931 2356 3996 quod,
2384 3931 2475 3983 διο.
2491 3931 2599 3978 -·ἐν
2622 3933 2894 3993 κηρύγματι

1731 4012 1761 4064 ὃ
1787 4016 2078 4071 ἐπιστεύθην
2100 4011 2216 4073 ἐγώ.
2286 4012 2358 4063 So
2385 4013 2653 4071 Ambrstr„
2691 4013 2780 4061 but
2802 4028 2892 4076 ap·

1731 4094 1960 4163 parently
1980 4094 2155 4157 taking
2177 4093 2383 4143 uerbum
2398 4109 2453 4141 as
2467 4092 2553 4142 the
2571 4093 2888 4142 antecedent.

1731 4177 2024 4242 Imperium,
2069 4175 2337 4233 carissimo,
2397 4190 2455 4223 so
2503 4173 2682 4233 Hier.;
2717 4174 2890 4239 Vulg..

1738 4260 1773 4284 ‘⁶
1789 4256 2160 4323 praeceptum‚''
2222 4256 2513 4307 “dilect0.”
2619 4256 2800 4306 Gratia
2847 4263 2896 4305 et

1720 4348 1833 4404 pax
1846 4357 1868 4396 ,·
1889 4355 1945 4388 so
1969 4339 2054 4389 the
2077 4339 2226 4388 Latin
2252 4340 2489 4388 versions.
2541 4338 2719 4403 Chrys·
2741 4340 2894 4389 omits

1728 4423 1881 4479 ἔλεος,
1904 4422 1995 4470 but
2018 4421 2055 4470 it
2081 4421 2211 4470 finds
2235 4421 2377 4486 place
2398 4421 2450 4471 in
2474 4421 2560 4471 the
2582 4428 2686 4472 text
2719 4421 2780 4472 os
2805 4422 2893 4473 the

1731 4505 1875 4555 other
1899 4503 2002 4553 Gk.
2024 4508 2428 4552 commentatore.
