3221 5116
516 308 599 373 82
1181 322 1636 374 THEoDonus
1686 322 2268 377 MOPSUESTENUS
2581 309 2659 394 [Ι.
2702 310 2796 383 18,
2834 325 2933 391 19

517 494 840 558 sustinere
872 494 1019 559 illos
1049 497 1162 580 qui
1194 496 1526 574 docenteS,
1562 516 1780 580 neque
1811 497 2055 560 debere
2085 498 2427 562 intendere
2459 495 2588 560 illis
2627 496 2740 579 qui
2772 494 2936 559 talia

519 595 755 660 docere
814 598 1068 663 uolunt.
1174 599 1355 682 quod
1432 600 1808 663 euidentius
1869 601 1936 663 in
1999 601 2555 684 subsequentibus
2617 598 2936 663 ostendit.

520 709 878 782 postquam
910 710 1135 765 autem
1166 701 1455 765 reddidit
1484 702 1792 786 hymnos
1826 703 2067 766 adiecit
2095 729 2108 767 :

649 854 763 918 hoc
773 867 1176 940 praeceptum
1207 859 1332 922 tibi
1355 859 1731 935 commende,
1746 859 1872 943 fili
1905 859 2239 923 Timotlcee.

460 994 492 1062 5
659 982 822 1047 ‘hoc
855 984 1121 1069 (inquit)
1154 985 1276 1050 tibi
1305 987 1792 1064 commendaui,
1840 988 1907 1051 id
1949 995 2051 1050 est
2068 996 2472 1069 praeceptum
2492 985 2555 1062 ,·'
2601 994 2678 1050 ut
2719 986 2944 1049 dicat:

525 1085 823 1150 ‘iniunxi
884 1089 1020 1165 tibi,
1082 1100 1158 1155 ut
1216 1092 1302 1155 de
1353 1091 1457 1155 his
1505 1092 1763 1169 doceaS,
1812 1102 1888 1156 ut
1935 1092 2302 1175 praecipias
2348 1093 2494 1168 tuiS,
2543 1092 2637 1155 ita
2680 1100 2758 1154 ut
2804 1110 2942 1153 non

525 1189 879 1255 intendant
913 1190 1040 1255 illis
1088 1193 1202 1275 qui
1248 1195 1560 1257 seducere
1602 1215 1718 1258 eos
1762 1194 2015 1271 uolunt,
2061 1204 2128 1258 et
2173 1194 2598 1257 transducere
2643 1196 2730 1257 ad
2777 1193 2944 1276 legis

526 1291 812 1356 sectam.'
900 1304 969 1358 et
1012 1295 1373 1359 ostendens
1415 1296 1732 1379 quoniam
1770 1317 1905 1359 non
1946 1297 2254 1360 absolute
2299 1297 2428 1359 ista
2473 1296 2566 1360 illi
2599 1298 2943 1381 iniungere

526 1399 709 1462 uisus
737 1409 857 1477 est,
887 1401 1091 1466 adicit
1119 1421 1169 1483 :⁴

425 1568 503 1616 10
655 1551 1001 1615 secundum
1017 1552 1459 1636 praecedentes
1488 1553 1557 1617 in
1590 1564 1650 1618 te
1663 1554 2049 1637 prophetias.

657 1678 786 1744 hoc
845 1690 986 1745 est:
1062 1679 1521 1765 ‘[secundum]
1602 1681 2077 1746 reuelationem
2153 1683 2451 1747 diuinam
2526 1684 2622 1748 tui
2694 1682 2945 1747 faciens

529 1783 924 1848 electionem
956 1785 1259 1847 commisi
1291 1784 1410 1848 tibi
1442 1785 1786 1849 doctrinae
1816 1785 2021 1868 opus!
2069 1786 2313 1850 deinde
2359 1797 2435 1850 ut
2473 1808 2605 1850 non
2638 1788 2948 1850 uideatur

527 1907 701 1951 uane
746 1887 838 1951 illi
885 1897 1039 1970 post
1082 1889 1466 1972 prophetias
1510 1889 1858 1954 consilium
1905 1891 2081 1969 dare,
2127 1892 2315 1973 quasi
2355 1891 2466 1973 qui
2499 1891 2775 1955 ulterius
2807 1911 2945 1955 non

528 1989 844 2074 indigeat,
877 1991 1101 2055 addit:

270 2128 275 2133 ’
346 2162 353 2167 ·
423 2150 496 2219 15
658 2151 735 2205 ut
783 2142 1021 2207 milites
1070 2142 1339 2228 (inquit)
1392 2145 1461 2208 in
1511 2144 1650 2209 illis
1696 2146 1928 2209 bonam
1977 2146 2309 2225 militiam,
2359 2147 2597 2212 habens
2623 2147 2835 2231 fidem
2885 2158 2951 2212 et

527 2243 757 2309 bonam
787 2245 1255 2312 cmzscientiams

659 2374 1050 2459 ‘prophetia
1116 2379 1388 2459 quidem
1452 2377 1780 2461 eliganter
1842 2379 2129 2460 gratiam
2189 2380 2523 2457 ostendit;
2600 2381 2725 2443 erit
2785 2400 2947 2443 uero

527 2489 644 2543 tuo
675 2480 745 2542 in
776 2498 976 2562 opere
1008 2479 1221 2562 ipsam
1260 2480 1652 2544 electionem
1703 2480 2000 2544 firmare.’
2090 2502 2211 2546 nec
2261 2493 2486 2546 autem
2530 2484 2763 2546 electio
2805 2486 2944 2549 uim

630 2656 652 2692 1
689 2642 873 2692 docent
911 2658 944 2692 r
1256 2657 1284 2705 3
1321 2654 1588 2708 postquam
1633 2643 1830 2693 addidit
1875 2643 1990 2708 (sor
2028 2644 2563 2709 postquam...adiecit)
2609 2643 2674 2709 rl
2702 2645 2854 2694 adicit
2905 2647 2952 2695 C

528 2745 559 2788 4
593 2722 683 2773 filii
711 2724 756 2773 C
940 2723 971 2773 6
1006 2723 1160 2773 iniuxi
1184 2721 1252 2773 C·
1451 2727 1480 2774 8
1514 2740 1618 2774 non
1640 2741 1716 2773 om
1741 2725 1810 2774 H
2001 2740 2060 2776 1o
2091 2726 2478 2790 praecendentes
2505 2724 2577 2776 C*
2779 2742 2833 2776 ιι
2872 2733 2948 2776 est

526 2822 603 2858 om
628 2822 661 2854 r
679 2804 734 2871 ΙΙ
764 2804 1036 2856 secundum
1058 2822 1135 2856 om
1164 2806 1207 2854 C
1225 2805 1366 2855 Hr:
1398 2813 1479 2855 txt
1499 2806 1525 2854 l
1723 2821 1781 2870 ¹4
1814 2806 1868 2855 id
1890 2814 1965 2856 est
1989 2806 2103 2871 (fir
2117 2805 2277 2871 addit)
2307 2809 2351 2856 C
2370 2807 2440 2857 H

3199 494 3200 499 „
3189 374 3204 453 -==-p

527 2955 796 3019 expected:
844 2957 999 3002 “non
1028 2953 1212 3002 debere
1251 2953 1433 3002 aliter
1465 2953 1686 3003 docere

526 3037 643 3086 illos
696 3036 782 3101 qui
837 3036 1090 3096 docentes,
1151 3051 1314 3100 neque
1370 3036 1554 3084 debere
1608 3035 1685 3085 in-

528 3117 786 3176 tendere,'’
830 3118 919 3167 &a
1014 3117 1113 3166 But
1151 3132 1207 3166 as
1246 3116 1366 3180 only
1409 3117 1494 3165 the
1538 3117 1687 3166 latter

529 3200 588 3250 os
622 3200 764 3249 these
806 3198 1123 3247 instructions
1161 3197 1203 3248 is
1246 3197 1461 3247 referred
1500 3205 1553 3246 to
1582 3198 1686 3260 just

528 3282 693 3333 below
717 3282 773 3342 (1.
795 3279 866 3342 6),
895 3280 980 3330 the
1002 3279 1323 3345 explanation
1353 3295 1471 3328 now
1499 3280 1686 3329 offered

528 3365 573 3414 is
594 3363 811 3429 perhaps
832 3361 1091 3412 sufficient.

596 3461 642 3509 5.
712 3445 801 3496 hoc
840 3442 1395 3508 inquit...praeceptum]
1463 3442 1505 3490 Ι.
1530 3457 1573 3491 e.
1628 3441 1680 3492 S.

533 3526 658 3575 Paul
678 3525 770 3574 has
806 3524 1002 3573 written
1034 3525 1358 3584 παρατίθεμαι
1381 3520 1457 3570 for
1492 3519 1687 3584 παρεθέ-

530 3625 640 3667 μην,
679 3607 765 3655 the
794 3605 1114 3667 παραγγελία
1138 3610 1190 3652 to
1212 3603 1378 3652 which
1402 3602 1465 3652 he
1495 3602 1689 3651 alludes

530 3690 683 3754 being
697 3688 781 3739 the
799 3703 934 3738 same
948 3686 1065 3737 asin
1081 3703 1124 3735 v.
1146 3703 1174 3749 3
1192 3688 1290 3746 (ἵνα
1314 3683 1687 3747 παραγγείλῃς).

532 3774 710 3838 Chrys.
751 3789 818 3823 on
853 3772 940 3821 the
974 3778 1204 3834 contrary
1234 3769 1405 3818 thinks
1449 3768 1558 3817 that
1604 3767 1691 3815 the

530 3855 695 3904 words
712 3855 893 3913 ταύτην
914 3851 1004 3912 τὴν
1028 3869 1106 3909 r..
1139 3854 1288 3900 κ.τ.λ.
1321 3851 1442 3900 look
1474 3852 1690 3901 sorward

531 3945 585 3986 to
631 3937 764 3985 what
815 3935 1039 3985 sollowsx
1095 3935 1145 3983 τί
1188 3935 1243 3982 δὲ
1290 3933 1689 3996 παραγγέλλεις3

533 4014 653 4066 εἰπέ.
702 4019 781 4065 ἵνα
805 4014 1061 4079 στρατεύῃ,
1093 4018 1242 4064 κ.τ.λ.

605 4112 622 4146 1
639 4114 680 4146 1.
746 4097 1032 4161 hoc...opus]
1057 4097 1204 4147 Cited
1227 4098 1296 4161 by
1314 4097 1562 4149 Lanfranc
1588 4098 1692 4160 (see

532 4196 611 4232 vv.
635 4179 733 4239 ll.).

597 4275 681 4311 sec.
755 4258 1099 4308 nudationem
1160 4259 1418 4321 diuinam]
1529 4261 1689 4311 Thdt.

535 4337 659 4390 κατὰ
690 4341 822 4389 θείαν
872 4335 1183 4400 ἀποκάλυψιν
1238 4340 1328 4399 τὴν
1385 4342 1689 4400 χειροτονίαν

531 4420 690 4484 ἐδέξω.
787 4422 995 4485 ChryS.:
1061 4420 1174 4469 τότε
1230 4421 1445 4470 δὲ...ἀπὸ
1502 4428 1690 4483 προφη-

1782 2954 1916 3003 τείας
1938 2954 2152 3015 ἐγίνοντο
2175 2956 2219 3002 οί
2247 2955 2396 3014 ἱερεῖς·
2430 2956 2480 3003 τί
2510 2956 2644 3005 ἐστὶν
2672 2956 2796 3005 *ἀπὸ
2828 2972 2945 3018 προ-

1786 3034 2014 3096 φητείας’
2030 3050 2044 3095 3
2081 3037 2180 3085 ἀπὸ
2203 3038 2473 3094 πνύεματος
2496 3036 2637 3096 ἁγίου
2665 3036 2810 3101 (Acts
2839 3037 2943 3086 xiii.

1787 3112 2054 3179 2)...o«i'rwr
2078 3117 2156 3164 καὶ
2182 3117 2208 3165 ὁ
2229 3117 2455 3177 Τιμόθεος
2483 3115 2646 3180 ᾑρέθη.
2715 3117 2945 3182 Pelagius

1785 3197 1958 3247 thinks
1981 3197 2040 3247 of
2062 3199 2149 3247 the
2170 3198 2287 3262 gists
2320 3198 2485 3248 which
2521 3200 2728 3249 marked
2767 3201 2820 3250 S.
2858 3200 2942 3249 Ti·

1787 3278 1961 3343 mothy
1978 3278 2149 3327 before
2177 3278 2256 3328 his
2279 3279 2582 3329 ordination:
2621 3285 2656 3307 ‘⁶
2674 3282 2942 3330 secundum

1784 3361 1920 3425 quod
1965 3361 2116 3410 etiam
2159 3370 2277 3410 ante
2321 3362 2418 3411 hoc
2462 3361 2679 3412 officium
2724 3363 2944 3413 habebas

1783 3442 1995 3506 gratiam
2051 3443 2385 3508 prophetandi
2400 3443 2447 3503 ;’'
2538 3443 2783 3504 Sedulius,
2821 3444 2946 3494 aster

1785 3525 1959 3590 giving
2003 3526 2142 3576 these
2189 3526 2523 3584 alternatives.
2576 3528 2731 3576 adds:
2791 3527 2945 3577 “siue

1785 3606 2079 3670 prophetiae
2136 3606 2488 3670 praedictionis
2543 3606 2946 3671 intelleguntur.”

1791 3686 1871 3736 Cf.
1918 3687 2078 3750 ἐπῇ-α,
2140 3702 2181 3736 c.
2235 3688 2299 3738 iv.
2360 3704 2433 3747 1⁴·
2519 3688 2595 3737 Of
2635 3689 2721 3737 the
2769 3688 2951 3751 plural

1791 3769 2145 3830 (προφητείας),
2187 3769 2350 3819 which
2385 3772 2532 3819 taxed
2568 3770 2654 3820 the
2690 3771 2948 3834 ingenuity

1787 3850 1845 3900 of
1885 3851 2060 3914 Chrys.
2112 3850 2391 3916 (ἵσως...ὅτε
2437 3850 2717 3911 περιέτεμεν
2754 3849 2944 3913 [αὐτὸν]

1788 3933 1870 3981 καὶ
1887 3934 1968 3980 ὅτε
1992 3931 2315 3997 ἐχειροτόνει),
2341 3933 2439 3982 Th.
2470 3932 2610 3982 takes
2633 3949 2699 3982 no
2722 3941 2855 3982 note.

1861 4014 1935 4062 18.
2018 4014 2308 4074 electionem]
2393 4010 2485 4072 τὴν
2539 4012 2748 4075 ἐκλογήν
2776 4035 2825 4054 =
2857 4012 2946 4073 τὴν

1787 4095 2090 4156 χειροτονίαν
2123 4093 2205 4153 (cs.
2243 4091 2415 4143 Suicer
2461 4103 2523 4140 11.
2566 4093 2726 4154 1515).
2804 4092 2945 4142 ‘The

1790 4189 1938 4237 grace
1981 4174 2040 4222 os
2080 4172 2222 4236 Holy
2256 4173 2459 4233 OrderS,
2511 4188 2637 4221 even
2673 4171 2820 4220 when
2863 4172 2947 4222 the

1790 4254 2076 4304 ordination
2112 4254 2203 4303 has
2247 4253 2376 4303 been
2414 4252 2686 4302 confirmed
2731 4254 2799 4316 by
2835 4268 2945 4317 pro-

1790 4337 1967 4402 pheey,
1992 4337 2115 4386 does
2144 4345 2233 4387 not
2268 4336 2496 4386 override
2528 4337 2615 4386 the
2645 4336 2863 4385 sreedom
2896 4336 2955 4386 of

1793 4419 1878 4467 the
1913 4416 2054 4467 will)
2122 4418 2201 4467 Cf.
2247 4418 2436 4467 Thdt.:
2484 4419 2712 4480 προσήκει
2752 4418 2851 4479 γάρ
2888 4434 2945 4467 σε
