3221 5116
474 370 604 434 216
1154 380 1612 434 'russononus
1659 379 2245 432 MOPSUESTENUS
2303 363 2320 374 “
2497 363 2658 453 [ΙΙΙ.
2694 381 2877 449 5-7.

605 559 717 639 qui
751 557 1131 641 uoluptates
1165 560 1397 642 pietati
1430 558 2016 642 praehonorandas
2048 580 2191 622 esse
2222 558 2634 622 existimant.
2724 557 2893 621 haec

476 671 700 726 autem
735 682 866 726 non
899 663 985 725 de
1016 664 1265 727 exteris
1296 664 1458 726 dicit
1489 663 1607 726 sed
1641 663 1727 726 de
1756 661 2140 726 domesticis
2172 661 2503 738 ecclesiae,
2536 662 2691 745 quia
2720 660 2894 724 tales

478 774 687 830 erunt.
778 786 933 829 narn
966 776 1035 830 et
1065 767 1152 830 ab
1183 767 1372 831 initio
1403 786 1623 830 sermo
1655 765 1750 829 illi
1784 768 1869 829 de
1902 764 2147 828 talibus
2179 764 2302 828 fuit
2332 765 2444 848 qui
2493 766 2558 828 in
2602 764 2893 828 deterius

479 866 697 931 solent
726 888 1002 949 serpere,
1036 889 1123 931 ex
1157 869 1272 932 illo
1304 870 1450 933 loco
1481 888 1615 951 quo
1647 868 1823 931 dixit
1851 891 1865 930 t
1895 887 2139 930 memor
2164 877 2293 930 esto
2310 866 2526 930 Iesum
2563 865 2894 931 Christum

413 986 444 1052 5
480 971 905 1034 resurremzvse
939 993 1018 1035 ex
1056 973 1348 1049 mortuis,
1395 973 1462 1034 in
1515 971 1989 1035 exhortatione
2039 977 2288 1053 ea'qua
2335 970 2680 1033 consilium
2726 971 2895 1033 dans

481 1071 607 1152 ipsi
657 1072 1016 1137 Timotheo
1065 1074 1478 1139 aduersarios
1527 1093 1804 1155 arguere
1865 1080 1967 1135 est
2028 1074 2298 1135 adnisus
2351 1072 2464 1155 qui
2526 1081 2595 1135 et
2647 1071 2897 1134 multos

480 1197 569 1239 ex
620 1174 746 1238 illis
803 1177 916 1258 qui
969 1177 1286 1240 ecclesiae
1332 1186 1521 1240 erant
1568 1175 1954 1239 subuertere
2008 1175 2430 1252 nitebantur;
2486 1195 2606 1258 pro
2655 1173 2897 1257 quibus

481 1299 632 1341 eum
687 1288 754 1342 et
796 1278 883 1341 ad
926 1279 1196 1361 plenum
1244 1278 1625 1342 consolatur
1666 1287 1739 1340 ut
1788 1297 1921 1340 non
1975 1278 2267 1360 grauiter
2307 1276 2474 1341 serat
2528 1276 2739 1353 ualde,
2778 1277 2898 1340 sed
2940 1321 2956 1330 -

481 1382 787 1446 intendat
816 1383 1087 1464 quidem
1122 1403 1241 1445 suo
1274 1402 1492 1464 opere,
1527 1390 1834 1464 segreget
1867 1402 2025 1444 uero
2067 1401 2138 1443 se
2170 1382 2256 1445 ad
2302 1381 2571 1463 plenum
2605 1402 2646 1444 a
2676 1383 2900 1465 prauis

377 1505 454 1553 10
481 1483 882 1549 hominibus,
969 1486 1147 1548 unde
1178 1494 1246 1549 et
1278 1506 1452 1547 nunc
1483 1486 1673 1567 quasi
1700 1486 1814 1566 qui
1847 1483 1932 1547 de
1969 1483 2221 1548 talibus
2253 1485 2450 1562 dicat,
2481 1486 2640 1567 quia
2670 1493 2900 1550 ‘erunt

480 1589 750 1672 quidem
784 1587 1143 1670 aliquando
1175 1590 1243 1651 in
1284 1590 1665 1652 nouissimis
1704 1587 1939 1651 diebus
1985 1588 2094 1651 uel
2136 1589 2568 1670 temporibuS,
2612 1590 2725 1671 qui
2772 1590 2900 1652 sub

480 1690 700 1773 specie
753 1691 1269 1754 domesticorum
1325 1692 1534 1754 acturi
1581 1699 1738 1754 sunt
1785 1687 1898 1754 illa
1956 1710 2129 1772 quae
2181 1699 2314 1753 non
2360 1698 2676 1772 oportent
2720 1689 2906 1755 fieri?-

483 1794 662 1856 unde
694 1795 948 1875 optime
987 1794 1266 1858 adiecit:

611 1969 907 2034 habentes
918 1967 1388 2050 formationem
1404 1967 1690 2050 pietatzlr,
1724 1966 2035 2031 uirtutem
2066 1975 2281 2030 autem
2313 1966 2452 2030 eius
2481 1975 2794 2048 negantes.

379 2126 449 2192 15
613 2125 683 2178 et
712 2114 1103 2177 simulantes
1143 2114 1414 2197 quidem
1457 2134 1528 2177 se
1560 2124 1784 2179 tenere
1815 2114 2155 2196 pietatem,
2187 2132 2226 2175 a
2258 2113 2529 2195 negotio
2563 2131 2720 2174 uero
2752 2112 2901 2194 ipso

484 2216 768 2283 multum
824 2217 1167 2282 distantes,
1260 2228 1329 2282 et
1381 2219 1538 2301 quia
1590 2217 1762 2282 tales
1815 2227 1970 2281 sunt
2024 2215 2116 2281 illi
2166 2217 2279 2299 qui
2335 2225 2496 2284 tunc
2551 2228 2759 2294 erunt,
2812 2219 2900 2283 de

482 2320 724 2402 quibus
757 2321 816 2383 ei
848 2340 1094 2384 sermo:

610 2503 675 2558 et
715 2494 831 2558 leos
880 2494 1145 2580 (inquit)
1195 2495 1432 2567 deuita.
1518 2518 1598 2561 ex
1645 2497 1753 2563 his
1797 2506 2012 2561 autem
2051 2506 2210 2561 sunt
2248 2496 2369 2580 qui
2392 2518 2458 2561 se
2498 2507 2799 2580 mergunt
2828 2499 2898 2563 in

481 2596 701 2659 domos
755 2606 818 2660 et
858 2599 1152 2681 captiuas
1209 2599 1454 2662 ducunt
1496 2600 1908 2664 mulierculas
1964 2610 2370 2663 coaceruatas
2401 2601 2692 2682 peccatis,
2738 2622 2904 2682 quae

371 2722 455 2771 20
482 2705 811 2767 ducuntur
835 2702 1050 2766 uarz'tls·
1084 2702 1437 2779 desideruis,
1465 2715 1710 2787 semper
1745 2704 2049 2767 dzlrceutes
2090 2713 2152 2767 et
2194 2724 2550 2785 numquam
2585 2704 2685 2765 ad
2703 2704 2900 2768 scieu-

481 2806 646 2870 tiam
676 2804 977 2870 ueritatis
1006 2804 1337 2868 uenientes.

614 2953 630 2983 ‘
658 2953 884 3033 itaque
916 2950 1161 3015 talibus
1193 2950 1584 3014 extantibus
1618 2949 1747 3013 illis
1778 2953 1890 3033 qui
1925 2952 1990 3014 in
2018 2951 2395 3015 nouissimis
2424 2960 2617 3015 erunt
2647 2950 2899 3029 diebuS,

478 3075 759 3138 quorum
794 3056 859 3117 in
892 3055 1201 3137 aenigma
1233 3055 1341 3117 isti
1374 3064 1545 3130 sunt,
1577 3054 1911 3117 declinare
1942 3055 2030 3118 ab
2062 3055 2158 3117 eis
2201 3074 2324 3136 pro
2365 3055 2601 3117 uirium
2634 3064 2900 3118 tuarum

584 3255 602 3289 1
641 3240 924 3291 uoluntates
952 3242 994 3292 C
1004 3241 1072 3291 II
1077 3222 1140 3307 νἸ
1172 3242 1371 3307 pietalis
1394 3259 1426 3290 r
1449 3240 1458 3308 Ι
1488 3249 1562 3292 est
1588 3240 1703 3306 (fhr
1721 3241 1846 3306 esse)
1875 3242 1946 3293 C*
1979 3241 1988 3307 Ι
2015 3241 2265 3292 existimat
2288 3242 2354 3292 H
2548 3257 2574 3291 2
2612 3242 2735 3292 tales
2757 3250 2900 3293 erant

484 3320 552 3369 C·
581 3320 694 3370 talis
717 3330 792 3372 est
814 3323 879 3371 H
1034 3342 1066 3385 4
1099 3339 1200 3387 quo
1220 3340 1298 3372 ont
1322 3325 1388 3372 H
1549 3338 1576 3387 5
1612 3340 1642 3373 a
1667 3324 1780 3388 (χόν
1799 3322 1880 3388 ex)
1905 3324 1972 3373 ll
2123 3323 2155 3374 6
2188 3324 2296 3388 ipse
2325 3320 2465 3384 CH!
2496 3322 2817 3372 Timotheum
2840 3324 2912 3372 H

482 3413 507 3463 7
542 3410 684 3451 erunt
714 3401 783 3451 C*
808 3410 921 3453 sunt
944 3419 976 3453 r
1000 3403 1009 3467 Ι
1039 3404 1264 3454 nituntur
1286 3421 1318 3453 r
1447 3407 1477 3455 8
1510 3405 1659 3454 ualde
1683 3405 1717 3453 f.
1747 3406 1791 3455 C
1809 3420 1842 3453 r
1970 3419 2001 3469 9
2034 3404 2175 3470 operi
2197 3421 2230 3454 r
2363 3419 2422 3453 10
2454 3403 2576 3452 dicit
2591 3403 2688 3452 H*
2716 3402 2724 3467 Ι
2755 3411 2900 3453 erunt

476 3482 592 3548 (sor
610 3485 729 3548 quia
752 3482 816 3546 e.)
847 3485 891 3532 C
909 3500 1037 3548 quae
1060 3492 1172 3533 sunt
1198 3487 1261 3534 H
1276 3485 1359 3548 qui
1384 3501 1423 3534 s.
1450 3502 1482 3533 r
1671 3501 1726 3535 η
1763 3493 1960 3551 oportet
1985 3487 2051 3534 H
2063 3503 2096 3534 r
2285 3500 2341 3548 13
2376 3485 2528 3534 adicit
2557 3486 2600 3534 C
2618 3501 2651 3533 r·
2839 3501 2899 3547 14

475 3568 704 3627 formam,
733 3566 1039 3630 abnegantes
1061 3582 1092 3615 r
1120 3567 1128 3630 Ι
1156 3575 1323 3616 autem
1344 3583 1422 3617 om
1446 3567 1513 3616 H
1678 3582 1733 3630 15
1769 3584 1889 3617 uero
1910 3584 1987 3616 om
2008 3568 2074 3616 II
2245 3565 2301 3617 16
2337 3573 2480 3616 erunt
2506 3565 2622 3629 (fhr
2640 3566 2773 3630 sunt)
2805 3568 2850 3616 C
2866 3585 2903 3617 r

482 3651 539 3699 18
574 3655 837 3713 penetrant
862 3645 976 3713 (sor
995 3664 1048 3698 se
1071 3650 1165 3709 m.)
1190 3666 1223 3697 r
1420 3663 1478 3715 19
1512 3658 1745 3700 oneratas
1768 3666 1799 3699 r
1994 3665 2050 3699 τι
2092 3650 2438 3715 peruenientes
2459 3667 2492 3698 r

542 3837 588 3872 α.
661 3837 761 3869 nou
790 3820 849 3869 de
876 3820 1051 3870 arten’s
1073 3818 1215 3882 dicit]
1282 3821 1360 3870 Cf.
1396 3833 1457 3871 11.
1481 3837 1532 3886 p.
1555 3836 1634 3884 7¹·
1745 3837 1818 3885 13.
1889 3823 2136 3887 Mgantes
2152 3841 2172 3880 ‚·
2205 3823 2374 3887 vulg„
2406 3821 2808 3887 “abnegantes’‘

476 3904 508 3952 1.
544 3920 562 3952 1
591 3919 668 3966 sq.
1811 3906 1887 3953 18.
1955 3904 2142 3966 autem]
2209 3905 2311 3954 For
2335 3904 2587 3964 “enim;''
2609 3920 2692 3954 see
2714 3904 2892 3965 above,

542 3996 589 4044 5.
671 3982 991 4032 resternxisse
1021 3997 1084 4032 ex
1116 3980 1208 4044 nu]
1265 3980 1536 4044 Cs.-supra,
1566 3997 1635 4031 on
1736 4001 1786 4050 p.
1814 3988 1925 4046 208,
1955 3986 1989 4034 1.
2022 4002 2095 4050 13,
2125 3996 2259 4037 note.
2342 3989 2404 4037 Se
2425 3995 2687 4052 mergunt,-
2720 3989 2892 4055 Vulg„

475 4078 517 4112 c.
548 4064 600 4112 ii.
625 4078 671 4129 9.
1738 4072 1769 4094 ‘⁸
1788 4066 2101 4132 penetrant.”
2194 4069 2518 4118 Coacmcatas
2579 4071 2898 4132 (σεσωρευμέ-

548 4162 565 4194 1
582 4161 622 4194 1.
679 4144 771 4193 sub
791 4146 940 4208 specie
959 4144 1348 4206 domesticorum]
1395 4144 1475 4195 Sc.
1485 4144 1628 4209 fidei,
1735 4151 1869 4210 νας);
1924 4149 1986 4199 cf.
2032 4150 2191 4213 infra,
2241 4166 2286 4199 c.
2328 4151 2393 4201 iv,
2441 4165 2486 4215 3.
2586 4151 2699 4201 The
2743 4151 2896 4202 Latin

464 4227 682 4290 pietatis,
707 4225 922 4275 ecclesiae
944 4226 997 4289 (1.
1023 4226 1090 4287 α).
1733 4230 1957 4280 versions
1983 4230 2100 4279 here
2130 4232 2310 4281 render
2342 4237 2375 4259 “
2391 4230 2673 4282 oneratas.''
2752 4233 2898 4282 Veni·

549 4324 621 4369 ¹4·
675 4307 1051 4371 formationem]
1126 4309 1299 4372 cypr„
1338 4307 1633 4357 “deforma·
1732 4319 1875 4360 entes.
1955 4313 2124 4376 Cypr„
2179 4313 2445 4371 Ambrstr.,
2502 4314 2657 4376 Aug„
2719 4313 2891 4378 Vulg.,

476 4388 735 4445 tionem;”
776 4390 1042 4449 Ambrstr.‚
1088 4389 1419 4450 “sormam;”
1457 4391 1627 4455 Vulg„
1735 4392 2204 4456 “peruenientes;”
2266 4393 2482 4442 Claram.
2544 4392 2692 4453 (after
2749 4394 2896 4454 Gk.)‚

479 4472 796 4539 “speciem''
864 4473 941 4522 Cf.
976 4490 993 4522 1
1025 4475 1158 4523 Tim.
1188 4474 1222 4522 i.
1252 4472 1324 4532 16,
1356 4489 1382 4522 α
1419 4473 1553 4523 Tim.
1590 4474 1623 4523 i.
1735 4474 2040 4539 “peruenire
2063 4474 2325 4539 possunt.”
