3221 5116
298 395 371 459 V.
417 412 511 474 ιι,
554 393 674 479 12.]
1004 408 1085 458 m
1139 408 1243 460 ει».
1293 408 1397 458 AD
1442 407 1908 459 τιΜοτιιΕυΜ
1957 407 2000 456 ι.
2593 391 2709 471 163

300 589 448 644 runt
488 579 682 643 huius
729 580 906 643 uitae
938 579 1235 656 inueniri,
1280 579 1334 642 si
1367 599 1501 643 non
1536 580 1601 642 in
1643 578 2069 642 matrimonio
2108 579 2513 643 constitutae
2543 577 2712 641 tales

296 682 582 748 fuerint?
669 692 738 747 et
792 685 1152 748 ostendens
1214 682 1649 765 quamobrem
1711 681 1916 745 etiam
1992 691 2282 746 aetatem
2333 682 2710 765 designauit

296 790 655 853 secundum
717 811 918 872 quam
997 789 1141 852 illas
1217 789 1282 852 in
1345 789 1575 854 ordine
1649 788 1999 852 uiduarum
2077 788 2277 870 recipi
2355 787 2709 871 praecepit,

295 895 571 958 adiecit:

421 1053 778 1120 iuueniores
805 1067 1020 1120 autem
1052 1057 1292 1121 uiduus
1320 1057 1440 1121 deu
1448 1058 1564 1122 ita.
2784 1060 2814 1125 5

423 1201 555 1244 non
617 1183 776 1264 quia
837 1203 970 1246 non
1025 1184 1111 1246 sit
1165 1185 1371 1267 digna
1421 1184 1734 1248 iuuentus
1782 1193 1851 1247 et
1902 1185 2147 1267 exequi
2202 1184 2537 1262 uirtutem,
2587 1184 2704 1249 sed

290 1305 490 1367 quam
522 1285 612 1350 ob
643 1307 912 1351 causam
945 1287 1010 1351 id
1044 1288 1291 1352 dixerit
1323 1288 1388 1351 in
1422 1286 1979 1370 subsequentibus
2011 1289 2283 1371 pandit:

417 1475 561 1519 cum
590 1457 763 1520 enim
794 1447 1168 1523 luxuric'ztae
1178 1459 1450 1542 fuerint
1478 1458 1547 1523 in
1582 1458 1857 1536 Christe,
1887 1458 2118 1524 nubere
2147 1460 2390 1534 uolunt,
2409 1457 2706 1523 habentes

286 1558 829 1641 dampnationem,
861 1563 1020 1645 quia
1034 1563 1335 1646 primam
1347 1564 1559 1648 fidem
1592 1564 1870 1628 inritam
1883 1565 2201 1647 fecerunt.

416 1688 585 1752 bene
636 1690 1040 1755 ‘luxuriatas
1086 1693 1151 1755 in
1210 1690 1514 1756 Christo'
1559 1692 1777 1770 dixit;
1839 1692 1966 1756 hoc
2016 1702 2152 1757 est:
2210 1691 2481 1776 †'atubi
2532 1694 2704 1760 inter
2740 1712 2817 1759 10

288 1791 522 1856 uiduas
580 1794 823 1859 fuerint
883 1808 1188 1880 receptae
1250 1796 1369 1882 [et]
1431 1799 1952 1862 ecclesiasticum
2028 1799 2385 1862 adsecutae
2457 1797 2702 1862 fuerint

286 1906 649 1979 sumptum,
703 1920 970 1964 securae
1029 1910 1344 1965 extantes
1403 1922 1602 1985 super
1660 1903 2110 1985 corporalibus
2177 1902 2699 1981 necessitatibuS,

287 2000 445 2064 nihil
505 2002 685 2067 aliud
745 2014 980 2069 curant
1043 2006 1167 2069 nisi
1220 2026 1393 2088 quae
1446 2008 1660 2070 otiose
1712 2016 1955 2070 uacent
2003 2006 2306 2070 luxuriae
2357 2007 2703 2089 corporali,

283 2123 365 2166 eo
394 2109 573 2187 quod
608 2128 740 2172 non
772 2108 1024 2173 habent
1054 2111 1139 2175 de
1170 2112 1410 2194 quibus
1452 2111 1775 2175 sollicitae
1817 2113 1949 2174 sint
1975 2132 1989 2189 ;
2044 2131 2217 2194 quae
2247 2111 2449 2174 etiam
2483 2111 2700 2175 solent

283 2216 351 2271 et
383 2210 790 2277 intellectum
819 2212 1168 2278 humiliare
1197 2215 1585 2279 humanum.
1678 2217 1934 2279 otiosae
1964 2236 2123 2280 uero
2154 2215 2448 2292 effectae,
2480 2216 2701 2300 despi-
2738 2229 2807 2295 105

279 2315 529 2379 cientes
560 2316 1037 2399 professionem
1075 2338 1283 2394 suam,
1302 2321 1400 2382 *de
1425 2320 1676 2402 nuptiis
1708 2319 2033 2401 incipiunt
2063 2316 2416 2402 cogitares*
2447 2321 2700 2401 grauis-

282 2419 449 2483 sime
502 2441 573 2483 se
632 2421 965 2485 obnoxias
1018 2422 1336 2487 facientes
1388 2444 1467 2487 ea
1529 2426 1787 2488 ratione
1846 2445 1980 2506 qua
2040 2423 2439 2506 promissum
2504 2445 2695 2489 suurn

409 2590 674 2659 ἐπειδὰν
724 2600 869 2667 ταῖς
910 2595 1146 2683 χήραις
1199 2598 1738 2681 ἐγκαταλσγῶσιν
1784 2599 1901 2679 τῆς
1942 2596 2306 2677 ἐκκλησίας
2349 2596 2464 2664 καὶ
2506 2594 2700 2681 ἀξιω-

278 2693 490 2762 θῶσιν
539 2698 934 2782 ἐπιμελείας,
987 2703 1149 2787 πρὸς
1207 2700 1528 2789 στρήνους
1598 2700 1897 2768 ἐντεῦθεν
1948 2700 2552 2788 χειραγωιγηθεῖσαι
2608 2701 2704 2787 τῷ

270 2796 476 2880 μηδὲν
506 2799 687 2891 ἔχειν
715 2800 881 2889 ὅπερ
908 2808 1320 2891 μεριμνῶσαι
1358 2804 1841 2871 ταπεινοῦσθαι
1882 2803 2191 2869 δύνανται
2224 2801 2347 2885 τὴν
2387 2801 2699 2881 διάνοιαν,
2726 2823 2814 2872 20

270 2900 527 2989 μακρὸν
576 2904 839 2995 χαίρειν
890 2906 1202 2974 εἰποῦσαι
1245 2905 1326 2993 τῇ
1372 2907 1581 2997 οἰκεία
1624 2907 1994 2996 ἐπαγγελίᾳ
2044 2906 2414 2988 μελετῶσιν
2470 2902 2698 2987 νόμον,

270 3003 641 3095 ἀμερίμνως
684 3008 767 3074 τὰ
813 3014 929 3093 τῆς
973 3009 1203 3100 χρείας
1247 3008 1688 3097 ποριζόμεναι.

377 3213 403 3247 2
439 3197 774 3263 designauerit
797 3216 829 3248 r
1025 3216 1054 3265 3
1088 3199 1341 3266 praecepit
1364 3200 1432 3250 H
1619 3213 1646 3263 5
1682 3197 1901 3248 iuniores
1923 3197 1984 3247 H
2027 3196 2448 3248 adolescentiores
2471 3214 2503 3244 r
2662 3197 2696 3247 6

269 3280 547 3329 etamCr
814 3297 867 3332 ιι
905 3278 1842 3337 ειοηισΗνιιτέΙΙοοιιεεσιιιαεΙ
2090 3295 2149 3343 13
2182 3279 2700 3346 quod(forquae)C

268 3356 420 3423 (corr)
463 3365 518 3409 ut
558 3377 590 3407 r
786 3364 844 3414 18
878 3377 951 3428 sq.
997 3361 1153 3412 Coisl.
1196 3377 1309 3424 ²04·
1348 3360 1383 3410 f.
1420 3374 1513 3423 ²05
1535 3363 1571 3410 b
1610 3361 1717 3423 [Cr.
1757 3361 1843 3411 vii.
1885 3359 1970 3421 4ο]
2002 3356 2149 3411 ἄλλος
2182 3360 2235 3408 δέ
2269 3367 2438 3422 φησιν·
2472 3360 2687 3418 ἐπειδάν,

269 3443 418 3491 acad«.
666 3458 732 3493 ἰο
763 3441 1022 3506 μεριμνῶσι
1045 3444 1125 3493 Cr.
1370 3459 1425 3494 αι
1454 3443 1580 3493 aster
1600 3443 1758 3505 γάμου
1780 3443 1864 3493 the
1888 3444 2096 3493 mtenist
2118 3441 2245 3492 adds
2268 3443 2345 3490 καὶ
2367 3442 2432 3490 τὰ
2454 3442 2693 3503 λεχθέντα

266 3526 443 3585 ἐφεξῆς
465 3523 860 3587 &avanano-rm.

341 3689 390 3738 5.
477 3674 775 3736 iuueniores]
844 3673 940 3724 See
981 3689 1059 3722 vv.
1102 3674 1153 3723 ll.
1243 3673 1305 3724 O.
1364 3673 1422 3722 L.
1529 3691 1671 3733 μεναι
1714 3676 1832 3738 πρὸς
1866 3692 1976 3738 στρ.
2021 3670 2238 3724 ἐντεῦθεν
2275 3671 2691 3736 χειραγωγοῦνται

268 3754 640 3822 (Cypr.,Aug.‚
664 3755 838 3806 Sedul.
871 3755 1054 3816 Scot.),
1099 3757 1130 3783 ‘⁸
1150 3753 1431 3815 iuniores”;
1533 3755 1605 3819 τῷ
1656 3758 1805 3815 μηδὲν
1871 3758 2001 3818 ἔχειν
2064 3752 2188 3819 ὅπερ
2250 3751 2547 3818 μεριμνὸσαι
2601 3771 2688 3803 τοι·

272 3838 479 3898 Αωδτ..
524 3838 697 3903 Vulg„
749 3840 787 3864 ‘⁸
802 3835 1274 3888 adolescentiores.”
1352 3835 1431 3886 Cf.
1537 3834 1815 3888 τεινοῦσθαι
1857 3837 2081 3888 δύνανται
2129 3839 2220 3897 τὴν
2263 3835 2493 3888 διάνοιαν·
2539 3835 2690 3901 ἀργαὶ

264 3926 441 3984 supra,
492 3934 543 3985 p.
585 3933 692 3981 151,
736 3917 772 3965 1.
817 3928 889 3979 ιε,
934 3924 1088 3978 note;
1132 3917 1231 3967 and
1271 3917 1431 3983 insta,
1533 3921 1587 3969 δὲ
1608 3918 1881 3983 γενόμεναι,
1898 3911 2095 3981 μακρόν,
2117 3920 2261 3968 κ.τ.λ.
2319 3919 2500 3987 Comp.
2529 3920 2686 3972 Thdt.

264 4016 317 4065 p.
355 3997 462 4063 165,
492 4001 526 4050 l.
561 4016 635 4064 14.
1532 4003 1605 4052 ad
1633 4002 1681 4051 h.
1721 4002 1777 4050 l.:
1812 4003 1870 4050 τὸ
1901 4003 1954 4052 δὲ
2004 4002 2019 4027 ‘
2048 4002 2550 4066 καταστρηνιάσωσιν
2585 4000 2687 4052 ἀντὶ

343 4098 420 4134 10.
487 4082 598 4132 bene
624 4080 977 4139 ‘luxuriata-tl
999 4081 1114 4143 &c.]
1181 4080 1292 4132 The
1319 4080 1420 4131 Gk.
1528 4081 1631 4134 τοῦ·
1675 4079 1760 4144 τῆς
1804 4081 2205 4144 ἐκκλησιαστικής
2238 4080 2570 4134 ἀπολαύουσαι
2609 4085 2685 4133 θε·

262 4180 434 4218 seems
478 4165 742 4231 originally
795 4172 849 4215 to
898 4163 1027 4215 have
1093 4180 1214 4214 run:
1273 4160 1429 4213 καλῶς
1527 4166 1729 4228 paretes
1752 4166 1832 4215 καὶ
1860 4164 1980 4227 δίχα
2011 4166 2261 4228 φροντίδος
2291 4161 2382 4224 τὴν
2405 4167 2684 4224 σωματικὴν

258 4248 404 4298 εἷσεν
458 4249 475 4273 ‘
494 4247 982 4311 καταστρηνιασάσας
1034 4248 1120 4295 τοῦ
1168 4241 1398 4309 Χριστοῦ·
1415 4242 1428 4265 ’
1531 4243 1834 4306 κομιζόμενοι
1877 4246 2058 4306 χρείαν,
2114 4241 2262 4310 ἀργίᾳ
2319 4249 2682 4309 συντρέφονται·

260 4331 536 4393 τουτέστιν,
589 4328 787 4380 ἐπειδὰν
833 4331 937 4380 ταῖς
979 4345 1030 4390 χ.
1081 4331 1190 4389 67ae-
1224 4330 1304 4378 καὶ
1343 4324 1428 4386 τῆς
1529 4329 1562 4387 ἡ
1577 4329 1632 4377 δὲ
1654 4324 1801 4391 ἀργία
1823 4327 2013 4389 εἰσάγει
2035 4323 2127 4387 τὴν
2150 4328 2404 4391 πονηρίαν.

260 4407 671 4472 ἑκκλησιαστικῆς
702 4410 963 4473 ἀξιωθῶσι»
998 4412 1288 4471 ἐπιμελείας,
1316 4409 1427 4467 dae·
1593 4411 1681 4460 hoc
1732 4415 1876 4460 est
1903 4408 2179 4474 sumptum]
2246 4410 2396 4460 cited
2434 4410 2503 4474 by
2547 4410 2677 4461 Lan-

256 4497 441 4557 ρὶμινως
485 4497 548 4545 τὰ
592 4492 675 4554 τῖις
719 4491 995 4554 σωματικῆς
1037 4494 1201 4558 χρείας
1242 4490 1427 4557 roupi·
1529 4490 1687 4541 franc.

2303 4609 2507 4656 11—2
