3221 5116
287 401 378 466 11.
420 399 716 484 1‘3—17.]
854 413 937 463 IN
987 412 1091 464 ΕΡ.
1138 413 1242 463 AD
1287 409 2034 463 THESSALONICENSES
2081 409 2156 459 11.
2626 403 2709 473 59

284 587 561 652 salutem
608 588 678 653 in
728 586 1229 672 sanctificatione
1283 585 1579 669 Spiritus
1623 574 1688 650 et
1724 583 1868 669 fide
1926 576 2244 657 ueritatis,
2297 581 2366 644 in
2426 578 2602 662 quod
2651 587 2716 642 et

288 691 550 754 uocauit
576 713 690 756 nos
702 704 828 776 per
850 692 1279 777 euangelium,
1313 692 1383 755 in
1413 690 1912 774 adquisitionem
1932 687 2185 773 gloriae
2222 685 2480 750 domini
2504 684 2714 748 nostri

284 798 437 860 Iesu
473 794 741 863 Christi.

422 926 436 947 ⁸
462 917 688 999 itaque
716 925 785 981 et
816 926 1087 1000 propter
1113 915 1239 979 hoc
1273 914 1541 1000 (inquit)
1575 935 1698 999 pro
1729 914 1922 979 uobis
1967 914 2216 997 gratias
2245 912 2508 995 agimus
2542 910 2710 985 De0‚

287 1020 609 1103 quoniam
642 1041 762 1084 uos
794 1020 997 1102 elegit
1038 1020 1133 1084 ita
1178 1028 1252 1084 ut
1288 1028 1721 1101 expectatam
1755 1015 2063 1083 fruamini
2101 1014 2407 1086 salutem,
2445 1013 2713 1095 partici-
2787 1023 2819 1092 5

289 1145 462 1209 pans
491 1125 761 1207 quidem
795 1126 985 1189 uobis
1015 1122 1299 1207 gratiam
1345 1122 1650 1205 SpirituS,
1683 1121 1944 1184 donans
1985 1140 2142 1184 uero
2182 1118 2374 1182 uobis
2416 1117 2714 1180 ueritatis

290 1227 513 1291 fidem.
603 1226 730 1291 hoc
798 1228 982 1290 enim
1045 1226 1239 1290 uobis
1300 1224 1632 1308 euangelii
1693 1221 2001 1306 praebuit
2065 1220 2349 1295 uocati0,
2426 1218 2715 1281 suturam

288 1330 576 1414 gloriam
607 1350 727 1413 per
765 1331 949 1395 illam
979 1330 1183 1394 fidem
1225 1349 1399 1414 quae
1440 1330 1508 1393 in
1548 1327 1818 1393 Christo
1855 1336 1959 1391 est
1998 1324 2558 1408 repromittentis!
2648 1332 2717 1388 et

290 1446 451 1522 post
481 1438 645 1502 hoc:

427 1590 654 1673 itaque,
670 1588 947 1671 fratres,
978 1597 1143 1653 state
1170 1598 1234 1652 et
1261 1596 1455 1652 tenete
1485 1586 1870 1652 traditiones
1897 1607 2065 1670 quas
2092 1585 2419 1651 didicistis
2445 1585 2585 1649 siue
2599 1596 2724 1668 per
2754 1610 2833 1659 10

294 1692 579 1771 uerbum,
609 1692 751 1756 siue
763 1703 890 1775 per
911 1691 1242 1775 epistolam
1272 1699 1582 1757 nostram.

401 1814 555 1895 ‚hoc
585 1814 765 1878 enim
795 1815 881 1879 ad
914 1824 1131 1879 totum
1176 1814 1484 1891 reddidit,
1515 1813 1646 1880 hoc
1688 1822 1830 1879 est:
1873 1814 2118 1879 ‘nolite
2147 1813 2413 1879 suaderi
2447 1813 2574 1879 illis
2606 1816 2719 1899 qui

294 1939 421 1981 uos
451 1916 766 1981 seducere
806 1917 1057 1995 uolunt,
1102 1917 1217 1982 sed
1261 1925 1529 1982 manete
1571 1918 1638 1981 in
1685 1916 1814 1981 illis
1852 1937 2025 1999 quae
2070 1916 2262 1980 uobis
2303 1916 2718 1994 tradidimus

202 2034 207 2037 “
296 2023 442 2084 siue
472 2039 593 2101 per
620 2021 899 2085 uerbum
932 2032 1333 2105 praesenteS,
1365 2023 1508 2086 siue
1539 2031 1606 2086 et
1638 2022 1950 2086 absentes
1981 2042 2100 2106 per
2129 2020 2415 2085 litteras?
2479 2022 2721 2086 deInde
2785 2021 2789 2024 ⁴

296 2125 538 2188 iterum
570 2132 716 2188 orat
747 2144 870 2207 pro
902 2125 1039 2188 eis:
2611 2158 2614 2161 .
2757 2145 2825 2213 15

431 2279 558 2361 ipse
600 2286 817 2341 autem
868 2276 1172 2342 dominus
1221 2287 1435 2341 noster
1481 2279 1667 2343 Iesus
1722 2275 2040 2358 Christus,
2091 2288 2155 2342 et
2201 2279 2383 2342 Deus
2426 2288 2490 2344 et
2529 2289 2726 2363 pater

298 2392 523 2459 noster,
572 2381 693 2463 qui
734 2381 964 2446 dilexit
1011 2403 1126 2445 nos
1170 2392 1235 2447 et
1277 2382 1457 2448 dedit
1505 2382 1689 2446 nobis
1739 2382 2227 2447 consolationem
2276 2393 2604 2448 aeternam
2662 2394 2726 2448 et

294 2497 469 2571 spem
522 2486 751 2550 bonam
805 2485 874 2548 in
914 2486 1165 2571 gratia,
1211 2488 1563 2554 consoletur
1601 2487 1796 2552 corda
1840 2498 2060 2553 uestra
2101 2498 2167 2552 et
2199 2488 2609 2554 constabiliat
2651 2487 2722 2552 in

298 2589 486 2654 omni
510 2590 697 2654 uerbo
724 2600 787 2654 et
813 2602 988 2674 opere
1017 2590 1187 2657 bono.

306 2785 315 2790 ,
435 2714 582 2797 ‘qui
615 2714 831 2796 gratia
872 2712 1141 2796 (inquit)
1174 2734 1295 2780 sua
1340 2724 1682 2779 aeternam
1729 2715 1916 2779 illam
1958 2716 2483 2781 consolationem
2532 2716 2725 2781 nobis
2754 2737 2838 2786 20

300 2816 583 2880 donauit
643 2814 741 2900 (id
795 2823 914 2891 est,
969 2814 1340 2882 futurorum
1386 2817 1714 2881 bonorum
1759 2815 1996 2902 spem),
2048 2818 2189 2901 ipse
2239 2805 2307 2883 et
2356 2820 2722 2884 secundum

302 2930 722 3003 praesentem
751 2921 962 2984 uitam
1008 2920 1182 2990 hanc
1228 2930 1574 3004 prosperet
1618 2922 1822 2985 corda
1861 2930 2100 2998 uestra,
2148 2919 2548 2987 confirmans
2581 2943 2722 3002 u03,

407 3122 426 3155 1
465 3106 517 3155 in
546 3121 648 3170 quo
672 3105 785 3169 (jor
814 3105 867 3155 in
907 3107 1067 3172 quod)
1093 3108 1160 3157 H
1380 3110 1410 3159 8
1443 3109 1848 3174 repromittentes
1875 3108 2020 3159 C‘II
2070 3110 2423 3174 repromittans
2449 3110 2493 3160 C
2524 3109 2671 3174 (corr)
2696 3126 2729 3160 r

308 3202 367 3237 12
402 3186 609 3237 suadere
642 3186 741 3236 illis
777 3186 900 3236 CH
942 3188 1228 3252 persuaderi
1250 3188 1316 3239 ab
1334 3188 1432 3239 illis
1453 3207 1486 3239 r
1644 3191 1701 3240 18
1735 3190 2050 3241 constabiliet
2072 3190 2141 3239 H
2283 3205 2340 3239 αι
2379 3191 2588 3242 donabit
2615 3191 2731 3241 CH

302 3285 365 3318 22
403 3283 637 3333 prospere
670 3275 720 3317 et
755 3268 909 3317 corda
939 3278 1105 3330 uestra
1138 3269 1269 3321 conf.
1296 3287 1389 3321 uos
1416 3280 1470 3322 ut
1503 3270 1576 3322 C*
1645 3287 1882 3336 prospere
1912 3271 2197 3321 consoletur
2226 3287 2275 3320 a.
2308 3288 2358 3322 u.
2390 3273 2521 3323 conf.
2546 3288 2636 3322 uos
2669 3279 2727 3322 ut

306 3349 351 3400 C
371 3347 518 3413 (corr)
584 3365 820 3414 prospere
854 3357 905 3399 et
943 3365 986 3400 c.
1026 3367 1077 3400 u.
1118 3351 1253 3402 conf.
1291 3360 1348 3402 ut
1384 3353 1453 3402 H
1458 3412 1463 3416 q
1502 3360 1764 3418 prosperet
1798 3359 1850 3403 et
1881 3367 1927 3403 c.
1961 3367 2013 3403 u.
2047 3368 2139 3403 uos
2172 3352 2301 3402 conf.
2341 3361 2398 3404 ut
2420 3370 2452 3403 r

304 3535 408 3586 Gk.
442 3532 749 3595 authorities,
798 3533 914 3598 give
968 3534 1063 3584 ὑπὸ
1110 3535 1239 3598 [τοῦ]
1285 3536 1461 3598 κυρίου.
1563 3539 1812 3602 ρύξαμεν
1836 3539 1916 3588 καὶ
1935 3537 2137 3588 ἀπόντες
2159 3537 2530 3602 ἐγράψαμεν.

304 3617 570 3681 Praaelegit
599 3617 661 3665 ab
692 3616 844 3666 initio
855 3632 881 3676 ‚·
922 3618 1164 3682 similarly
1197 3617 1283 3669 the
1324 3619 1461 3669 O.L.
1640 3622 1712 3671 18.
1777 3620 2437 3682 consoletur...constabiliat]
2455 3621 2726 3679 Ambrstr.,

305 3700 419 3751 The
453 3698 608 3763 Vulg.
642 3698 839 3749 follows
873 3698 961 3749 the
989 3699 1199 3764 reading
1230 3686 1462 3761 druvajv
1574 3704 1908 3754 “consoletur
2004 3702 2224 3753 stabiliat
2236 3700 2288 3762 ;²’
2354 3700 2526 3766 Vulg.,
2594 3702 2725 3752 “ex-

304 3781 367 3844 (“
384 3779 646 3845 elegerit-.-
653 3778 897 3844 primitias
912 3777 980 3844 '’)·
1008 3780 1108 3834 Per
1120 3781 1466 3844 euangvliunn
1567 3785 1794 3835 hortatur
1901 3780 2214 3834 confirmet.”
2291 3781 2437 3831 Verbo
2469 3787 2517 3829 et
2555 3789 2692 3846 opere
2705 3802 2726 3841 ,-

307 3865 394 3914 the
416 3861 651 3912 omission
676 3861 734 3911 of
744 3861 877 3921 ἡμῶν
897 3861 941 3911 is
962 3863 1236 3936 supported
1259 3862 1379 3927 only
1401 3865 1470 3928 by
1566 3882 1625 3916 so
1664 3867 1913 3916 Ambrstr.
1994 3864 2107 3914 The
2151 3863 2305 3927 Vulg.
2357 3878 2574 3914 revexses
2628 3865 2731 3917 this

309 3947 395 3997 the
416 3946 607 3996 cursive
627 3945 781 3994 Paul.
818 3955 890 4007 17.
1569 3946 1730 4006 order,
1759 3946 1860 3995 and
1892 3944 1946 3994 in
1979 3944 2079 3993 this
2109 3942 2315 3992 accords
2352 3942 2475 3993 with
2513 3942 2599 3994 the
2623 3950 2729 3996 text

376 4042 450 4078 11.
522 4025 752 4088 nerbant]
774 4024 854 4075 Cf.
878 4026 1021 4077 uerbo
1045 4024 1111 4098 (ν.
1145 4026 1244 4089 17),
1261 4027 1467 4077 uerbum
1569 4027 1630 4077 os
1657 4027 1837 4091 Chrys.
1859 4025 1962 4075 and
1991 4024 2147 4075 Thdt.
2194 4024 2338 4073 Th.'s
2359 4040 2564 4084 comm..
2586 4025 2726 4076 how·

309 4107 371 4172 (c.
398 4118 488 4157 111.
516 4105 581 4167 ι),
608 4106 709 4155 and
732 4112 852 4156 note
874 4122 941 4156 on
965 4122 1014 4156 ν.
1044 4122 1072 4155 2
1099 4104 1305 4172 (supra).
1569 4127 1700 4168 ever,
1736 4119 1954 4175 appears·
1978 4115 2030 4158 to
2060 4116 2266 4173 support
2297 4109 2433 4171 λόγῳ
2466 4112 2546 4159 καὶ
2578 4112 2721 4173 ἔργῳ,

378 4203 398 4237 1
408 4205 452 4253 3.
519 4188 840 4249 tradidimus,
860 4186 1159 4253 siue...siue]
1177 4188 1289 4238 The
1304 4189 1467 4254 Apos-
1567 4190 1670 4240 and
1693 4190 1778 4239 the
1801 4190 1948 4239 latter
1970 4187 2011 4238 is
2031 4187 2118 4238 the
2141 4189 2346 4254 reading
2367 4191 2426 4239 os
2440 4191 2592 4244 Darn.

307 4273 429 4324 tolie
450 4272 714 4337 παράδοσις
736 4271 971 4322 included
995 4270 1064 4336 (1)
1084 4272 1191 4322 oral
1214 4273 1462 4338 teaching,
1638 4287 1718 4322 21.
1786 4270 1942 4329 idest,
1957 4270 2213 4335 futurum
2244 4271 2287 4320 b.
2316 4273 2486 4336 spem]
2519 4274 2728 4337 Chrys.=

309 4356 381 4422 (a)
406 4355 641 4421 Epistles.
701 4353 781 4405 Cf.
806 4354 960 4406 Thdt.
983 4371 998 4404 ς
1030 4355 1176 4416 ἔχετε
1200 4356 1372 4405 «duom
1404 4356 1466 4404 δι·
1568 4353 1715 4401 ποίων
1735 4354 1794 4413 δὴ
1813 4353 2020 4413 ruffi-nu
2062 4353 2153 4412 τὴν
2184 4353 2366 4401 ἐλπίδα,
2398 4354 2496 4401 τῶν
2524 4355 2727 4413 μελλόν-

310 4439 577 4491 &crumas
609 4436 719 4487 τοὺς
752 4435 868 4500 παρ’
898 4436 1033 4497 im&
1064 4434 1175 4497 ὑμῶν
1207 4453 1469 4499 προσενεχ-
1570 4452 1682 4483 των.
1742 4434 1922 4485 Thdt.:
1954 4435 2054 4483 τῶν
2074 4434 2349 4495 μελλόντων
2369 4432 2567 4498 ἀγαθῶν
2589 4436 2728 4484 &aw-

309 4524 478 4572 θέντας
508 4519 701 4584 λόγους,
737 4517 812 4569 οὕς
842 4519 925 4569 καὶ
957 4517 1191 4583 παρόντες
1206 4514 1315 4580 im&
1346 4519 1470 4580 ἐκη-
1571 4516 1665 4568 κὼς
1683 4515 1773 4580 τὴν
1798 4516 1992 4566 ἐλπίδα.
