3221 5116
551 351 636 425 8‘4
1215 360 1317 410 ΤΗ
1326 360 1670 412 EODORUS
1720 360 2305 412 MOPSUESTENUS

2750 345 2834 431 [Ι.
2869 362 2964 410 20.

552 534 639 596 ab
671 531 946 597 ecclesia
965 530 1007 612 ;'
1045 533 1236 597 sicuti
1269 541 1336 597 et
1370 532 1732 598 Corinthiis
1763 533 2057 597 scribens
2089 533 2343 596 dixisse
2374 532 2666 597 uidetur:
2723 529 2975 595 tradere

550 657 696 700 eum
748 637 867 719 qui
906 636 1063 700 talis
1110 648 1205 700 est
1258 638 1565 713 Satanae,
1615 659 1696 700 eo
1749 639 1929 720 quod
1988 638 2080 701 illi
2129 638 2242 720 qui
2290 638 2375 700 ab
2421 638 2699 701 ecclesia
2741 633 2972 700 exclu-

552 742 800 805 duntur
859 742 984 804 sub
1046 740 1338 806 Satanae
1399 751 1734 824 potestate
1783 743 1984 824 positi
2044 763 2191 806 esse
2252 739 2972 805 uidentur—ecclesiae

553 842 1022 906 alienationem
1074 845 1533 907 ‘traditionem
1585 842 1913 907 Satanae’
1958 862 2225 918 uocans,
2270 843 2633 905 ostendens
2681 861 2800 922 per
2844 840 2971 902 hoc

489 955 520 1022 5
553 957 876 1029 quantum
910 947 1068 1011 mali
1100 950 1186 1011 sit
1215 950 1301 1011 de
1333 947 1609 1011 ecclesia
1643 947 1929 1010 excludi.

2020 957 2087 1010 et
2130 957 2204 1010 ut
2243 966 2325 1009 ne
2356 947 2691 1009 uideretur
2727 943 2972 1006 seueri-

552 1058 693 1113 tate
723 1052 1014 1134 quadam
1048 1072 1162 1115 eos
1194 1053 1545 1115 tradidisse
1576 1062 1644 1116 et
1676 1053 1857 1133 quod
1900 1051 2071 1115 nolit
2110 1072 2337 1114 eorum
2388 1051 2676 1132 recipere
2718 1067 2969 1110 correc-

550 1153 821 1230 tionem,
843 1156 1046 1218 adicit
1073 1178 1087 1218 :
1131 1164 1207 1217 ut
1233 1154 1488 1217 discant
1514 1175 1639 1217 non
1665 1152 2112 1235 blasphemare.
2174 1174 2307 1216 non
2334 1163 2410 1216 ut
2426 1171 2700 1216 causam
2727 1152 2969 1233 posuit,

551 1256 667 1319 sed
701 1266 1185 1339 consequenter
1215 1257 1581 1319 secundum
1616 1275 1805 1318 suam
1853 1257 2327 1338 proprietatem
2377 1255 2539 1318 illud
2569 1265 2672 1318 est
2703 1255 2967 1318 abusuS.

552 1361 839 1425 ‘exclusi
897 1360 1164 1445 (inquit)
1217 1382 1330 1424 eos
1379 1362 1465 1424 ab
1518 1359 1810 1436 ecclesia,
1866 1381 2001 1423 non
2056 1359 2502 1423 intercludens
2550 1377 2776 1422 eorum
2828 1377 2969 1420 cor-

449 1476 527 1524 10
554 1466 934 1541 rectionem,
969 1464 1085 1527 sed
1138 1474 1207 1527 et
1258 1463 1458 1527 ualde
1510 1464 1575 1526 id
1628 1462 1768 1525 fieri
1811 1471 2199 1544 expectanS,
2235 1463 2288 1524 si
2331 1483 2465 1545 quo
2508 1461 2711 1524 modo
2752 1460 2840 1540 ab
2871 1461 2967 1523 in-

551 1568 931 1650 crepatione
984 1566 1289 1629 meliores
1338 1566 1552 1629 effecti
1602 1564 1954 1629 didicerint
2003 1585 2138 1627 non
2192 1564 2662 1647 blasphemare
2707 1564 2825 1626 sed
2871 1583 2965 1626 re-

551 1671 717 1733 uerti
780 1670 864 1733 ad
942 1668 1327 1732 ueritatem!

1447 1668 1540 1731 sic
1617 1678 1684 1731 et
1759 1669 2120 1733 Corinthiis
2181 1670 2475 1733 scribens
2534 1670 2855 1733 adiecitt-
2896 1670 2968 1733 in

550 1771 881 1836 interitum
939 1771 1171 1848 carnis,
1226 1783 1302 1834 ut
1347 1772 1622 1853 spiritns
1669 1774 1900 1837 saluus
1939 1774 2127 1856 fiat,·
2182 1774 2308 1837 hoc
2363 1775 2592 1838 dicens
2645 1774 2966 1858 quoniam

552 1878 739 1940 ‘ideo
784 1896 937 1940 eum
985 1877 1071 1939 ab
1120 1874 1401 1938 ecclesia
1449 1875 1724 1957 reppuli,
1773 1876 1827 1937 si
1878 1896 2013 1957 quo
2061 1878 2263 1940 modo
2310 1898 2429 1960 per
2479 1876 2965 1959 poenitentiam

446 1996 518 2065 15
552 1983 916 2045 secundum
978 1990 1397 2063 praesentem
1462 1982 1671 2043 uitam
1732 2001 1805 2044 se
1866 1982 2083 2063 ipsum
2146 1980 2474 2063 adfligens
2533 1982 2776 2063 dignus
2827 1978 2967 2042 fieri

551 2089 869 2161 uideatur,
901 2093 977 2147 ut
1018 2081 1305 2147 futuram
1356 2081 1638 2146 salutem
1682 2083 1959 2166 adsequi
2009 2082 2257 2165 possit.’

677 2189 1018 2271 hucusque
1049 2188 1277 2251 dicens
1310 2186 1421 2250 illa
1446 2207 1617 2270 quae
1644 2188 2009 2250 secundum
2043 2198 2463 2270 praesentem
2496 2189 2703 2251 uitam
2737 2185 2969 2251 multis

550 2292 916 2356 necessaria
948 2311 1091 2353 esse
1124 2291 1208 2353 ad
1241 2289 1636 2371 dogmatum
1679 2290 2112 2352 existimabat
2143 2289 2493 2368 cautelam,
2529 2292 2759 2373 incipit
2796 2290 2967 2354 ulte-

548 2398 681 2459 rius
734 2394 819 2458 de
872 2395 1000 2457 illis
1053 2394 1272 2456 dicere
1325 2413 1497 2474 quae
1557 2393 1643 2455 ad
1706 2402 2173 2454 ornamentum
2229 2412 2584 2456 commune
2636 2395 2968 2474 pertinere

645 2689 674 2737 3
719 2679 1016 2737 potestatem
1056 2672 1207 2737 positi
1248 2670 1317 2721 C*

545 2853 662 2887 usus
698 2852 730 2885 r

552 2930 608 2980 17
644 2919 782 2968 illam
806 2934 838 2966 r
1032 2930 1095 2967 ἰο
1128 2916 1404 2966 necessario
1428 2932 1459 2963 r

619 3077 661 3110 ι.
733 3061 1012 3111 Corinthiis
1041 3058 1275 3122 scribens]
1349 3075 1366 3109 1
1402 3060 1519 3108 Cor.
1557 3075 1604 3106 v.
1650 3072 1695 3120 5.

548 3143 659 3192 'Ibe
684 3142 832 3191 Latin
855 3143 1078 3191 versions
1107 3142 1235 3191 have
1275 3142 1567 3190 “eiusmodi
1585 3138 1615 3162 '⁹
1649 3155 1708 3189 or

550 3223 942 3273 “huiusmodi”
1011 3224 1112 3273 For
1146 3224 1233 3273 the
1270 3224 1491 3288 exegesis
1521 3223 1579 3271 of
1606 3223 1706 3271 this

550 3322 773 3371 passage,
801 3306 864 3355 cf.
899 3306 1053 3354 Thdt.
1096 3306 1167 3353 ad
1191 3305 1252 3353 l.:
1288 3307 1387 3354 τοῖς
1425 3301 1708 3368 οἶφοριζυμέ-

549 3406 645 3439 νοις
667 3390 745 3436 καὶ
776 3384 865 3437 τοῦ
884 3388 1288 3445 ἐκκλησιαστικοῦ
1317 3387 1538 3445 σώματος
1560 3402 1703 3447 χωρι-

549 3471 754 3533 ibam&
772 3470 955 3518 ἔπεισιν
972 3467 997 3516 ὁ
1013 3467 1242 3531 διάβολος,
1262 3467 1459 3529 ἐρήμους
1479 3468 1707 3530 εὑρίσκων

549 3549 633 3611 τῆς
655 3549 863 3615 χάριτος.
904 3550 1023 3598 And
1038 3550 1135 3599 Th.
1154 3549 1361 3598 himself
1382 3549 1488 3610 [Cr.
1515 3560 1564 3598 V.
1595 3549 1702 3615 9²]²

549 3633 606 3682 τὸ
626 3635 715 3693 μὲν
730 3625 1029 3695 παραδοῦναι
1049 3626 1122 3690 τῷ
1134 3631 1190 3680 Σ.
1219 3628 1311 3691 οὐχ
1330 3631 1389 3679 ὠς
1404 3626 1543 3680 αὐτὸς
1560 3633 1703 3680 τοῦτο

546 3713 778 3776 ’γενέσθαι
810 3710 977 3775 ὁρίζων
1006 3713 1156 3768 εἶπεν,
1188 3710 1301 3759 ἀλλ’
1338 3712 1398 3762 ὥς
1423 3709 1482 3759 ιῖν
1513 3709 1581 3774 τῷ
1619 3709 1704 3771 τῆς

546 3795 802 3856 ἐκκλησίας
824 3793 1079 3854 ἐξεωθῆναι
1106 3790 1184 3842 διὰ
1204 3792 1290 3851 τῆς
1312 3793 1397 3841 τοῦ
1420 3792 1529 3842 θεοῦ
1555 3794 1704 3841 ἀλλο-

546 3875 779 3938 τρώσεως
796 3873 890 3924 ὑπὸ
906 3871 996 3932 τὴν
1015 3873 1108 3923 τοῦ
1131 3875 1187 3920 Σ.
1207 3870 1465 3935 γενόμενον
1486 3873 1702 3935 [γενομὲ-

546 3975 630 4017 νην
661 3957 770 4017 Cn]
796 3959 1031 4016 ἐξουσίαν.
1104 3956 1199 4004 See
1214 3971 1352 4003 more
1370 3971 1436 4005 on
1466 3955 1577 4004 Gal.
1610 3956 1646 4004 i.
1672 3958 1703 4005 8

547 4041 606 4097 (1.
640 4053 691 4101 p.
731 4051 804 4091 11,
829 4038 861 4086 1.
887 4053 934 4102 9,
961 4034 1115 4098 note).
1184 4036 1349 4085 There
1385 4036 1427 4084 is
1450 4051 1480 4084 a
1517 4036 1703 4085 melan-

546 4117 694 4180 choly
733 4115 934 4164 interest
964 4117 1015 4162 in
1040 4115 1218 4177 noting
1241 4115 1347 4164 that
1378 4131 1436 4164 so
1469 4122 1642 4178 strong
1673 4132 1705 4165 a

545 4199 672 4246 view
718 4195 775 4245 os
808 4195 893 4244 the
930 4193 1100 4244 effects
1137 4195 1195 4243 of
1222 4196 1704 4245 excommunication

544 4294 649 4327 was
672 4276 823 4326 taken
841 4276 909 4338 by
938 4291 1034 4324 one
1064 4276 1179 4324 who
1202 4292 1304 4326 was
1326 4277 1551 4326 destined
1576 4277 1702 4325 him-

545 4360 644 4410 self
676 4367 728 4408 to
761 4357 846 4407 fall
887 4357 1044 4406 under
1079 4358 1164 4406 the
1196 4358 1441 4407 Church's
1480 4374 1701 4408 censure.

548 4443 643 4489 But
677 4440 712 4488 it
747 4439 788 4487 is
812 4437 870 4486 of
903 4438 987 4487 the
1019 4438 1501 4487 excommunication
1536 4438 1594 4487 of
1622 4440 1707 4489 the

1400 2670 1551 2735 positi
1595 2675 1844 2735 potestate
1882 2683 1943 2717 r:
1988 2674 2070 2717 txt
2113 2669 2158 2717 C
2195 2668 2345 2729 (corr)
2389 2669 2454 2718 H

546 2754 578 2805 6
612 2755 854 2818 quosdam
889 2754 1000 2819 (βψ
1032 2751 1268 2818 quadarn)
1299 2753 1343 2802 C
1354 2751 1381 2777 ⁴*
1401 2753 1467 2801 H
1513 2752 1733 2816 quodam
1762 2752 1805 2800 C
1825 2748 2003 2813 (συνῆς
2046 2756 2128 2799 txt
2158 2766 2191 2798 r
2217 2748 2224 2813 Ι
2253 2750 2408 2801 nollet
2441 2767 2474 2798 r

961 2851 1013 2885 11
1051 2835 1127 2884 sui
1162 2834 1259 2900 (ast
1297 2834 1545 2894 meliores)
1585 2833 1691 2881 add
1720 2848 1753 2878 r

438 2516 523 2565 20
550 2501 963 2577 uidebantur,
1015 2508 1082 2563 et
1135 2497 1220 2560 de
1269 2497 1395 2560 illis
1449 2518 1621 2581 quae
1673 2496 1922 2561 debent
1977 2499 2342 2561 necessarie
2395 2498 2463 2560 in
2513 2497 2792 2561 ecclesia
2841 2497 2965 2560 im-

2710 2681 2739 2730 5
2761 2665 2862 2715 sint
2891 2665 2964 2715 C’

2698 2750 2731 2798 8
2762 2747 2855 2796 illo
2887 2756 2966 2798 est

1986 2847 2039 2880 12
2075 2831 2230 2881 adicit
2267 2848 2302 2879 r
2534 2828 2593 2883 16
2625 2830 2822 2879 uidetur
2842 2830 2886 2879 C
2905 2830 2977 2880 H

1800 3056 1961 3122 living
1996 3058 2106 3107 that
2134 3058 2228 3109 Th.
2267 3060 2476 3125 speaks;
2527 3078 2558 3112 a
2583 3072 2814 3113 sentence
2847 3078 2966 3128 pro-

1799 3140 2029 3189 nounced
2052 3156 2189 3205 upon
2215 3142 2300 3191 the
2315 3142 2445 3191 dead
2462 3143 2628 3193 would
2651 3144 2781 3193 have
2803 3160 2965 3194 seem·

1800 3220 1863 3268 ed
1883 3228 1937 3268 to
1959 3220 2062 3269 him
2086 3236 2142 3269 as
2165 3230 2514 3285 preposterous
2535 3223 2632 3271 and
2653 3223 2822 3272 unreal
2845 3239 2901 3272 as
2925 3223 2964 3273 it

1801 3303 2051 3367 appeared
2087 3311 2141 3353 to
2171 3303 2257 3353 the
2291 3312 2574 3369 opponents
2596 3305 2654 3354 of
2667 3305 2965 3370 Justinian’s

1802 3383 1953 3433 edict.

1870 3478 1913 3527 7.
1985 3482 2088 3514 mm
2126 3472 2138 3493 ⁸
2161 3474 2218 3514 ut
2235 3466 2247 3488 ’
2275 3483 2494 3526 causam,
2517 3467 2636 3530 &c.]
2688 3467 2764 3518 Cf.
2803 3480 2843 3517 1.
2868 3484 2958 3534 pp.

1802 3566 1881 3608 44,
1921 3547 1956 3595 1.
1981 3565 2027 3609 4,
2065 3555 2214 3607 note3
2261 3550 2340 3613 98,
2384 3548 2438 3596 ll.
2471 3563 2553 3605 σο,
2587 3546 2666 3598 26.
2733 3548 2847 3597 The
2886 3565 2962 3598 re-

1803 3637 2047 3692 pentance
2079 3630 2178 3678 and
2225 3630 2596 3679 reconciliation
2653 3630 2712 3679 os
2759 3629 2844 3679 the
2888 3631 2964 3680 of-

1800 3707 1972 3756 fender
2009 3724 2139 3758 were
2172 3709 2257 3758 the
2287 3710 2594 3775 anticipated
2620 3712 2773 3761 result
2795 3714 2967 3764 rather

1800 3789 1920 3838 than
1945 3791 2029 3839 the
2051 3790 2207 3840 direct
2233 3808 2447 3856 purpose
2478 3794 2537 3842 os
2564 3794 2642 3843 his
2678 3811 2968 3846 exeommu-

1798 3872 2035 3921 nication.

1873 3968 1946 4016 ¹4·
2015 3952 2115 4001 idco
2135 3968 2261 4012 eum,
2290 3954 2405 4016 δια]
2454 3955 2536 4004 Cf.
2573 3956 2670 4004 Th.
2694 3973 2763 4006 on
2792 3973 2811 4007 1
2839 3958 2964 4008 Cor.

1798 4034 1835 4080 l.
1855 4050 1918 4081 c.:
1952 4034 2127 4092 ἐξῶσαί
2154 4039 2302 4093 φησιν
2334 4034 2494 4092 αὐτόν,
2522 4036 2606 4086 οὐκ
2630 4036 2966 4102 ἀλλοτριῶσαι

1804 4113 1962 4174 πάντη
2004 4113 2311 4178 βουλόμενος,
2369 4120 2483 4168 ἀλλ’
2537 4121 2616 4169 tva
2665 4123 2752 4170 τοῦ
2789 4123 2967 4173 οἰκείου

1801 4192 2080 4255 αἰσθόμενος
2104 4196 2516 4257 πλημμελήματος
2537 4205 2833 4263 μεταμελείᾳ
2868 4207 2965 4254 τινὶ

1802 4279 1926 4328 κατὰ
1964 4277 2048 4329 τὸν
2084 4282 2301 4344 παρόντα
2334 4283 2443 4344 βίον
2474 4285 2738 4346 συντρίψας
2770 4282 2962 4348 ἐαυτόν,

1801 4361 1980 4423 δυνηθῇ
2003 4361 2092 4423 τῆς
2104 4367 2375 4425 μελλούσης
2389 4366 2627 4428 σωτηρίας
2644 4366 2774 4427 ἄξιον
2789 4367 2964 4416 ἑαυτὸν

1799 4444 2121 4502 καταστῆσαι.
