3221 5116
503 384 632 454 330

501 558 739 636 κυρίους,
761 559 956 637 ἐπειδὴ
981 559 1161 638 δήλου
1183 567 1286 623 τοῦ
1305 563 1427 623 κατ’
1456 562 1663 628 οὖσίαν

497 662 659 729 ὄντος
700 669 892 745 κυρίου
932 693 997 728 τε
1038 669 1133 729 καὶ
1167 671 1307 744 υἱοῦ,
1337 667 1662 749 σῖχωριστον

500 771 644 851 ἔχων
688 772 829 851 πρδς
876 772 1048 835 αὖτδν
1092 776 1199 853 τὴν
1251 775 1571 853 συνᾶφειαν
1625 803 1657 838 ο

494 876 637 958 ὑπὲρ
665 884 766 957 τῆς
791 879 1066 961 ἡμετέρας
1087 885 1334 961 ληφθεὶς
1373 886 1660 962 σωτηρίας

432 1004 464 1066 5
497 988 950 1066 συναναφέρεται
997 993 1070 1069 τῇ
1113 1016 1176 1051 τε
1222 989 1509 1071 ὀνομασίᾳ
1563 992 1658 1051 καὶ

495 1095 569 1173 τῇ
607 1097 746 1174 τιμῇ
785 1098 885 1156 τοῦ
926 1123 989 1157 τε
1023 1099 1147 1157 υἱοῦ
1177 1098 1269 1159 καὶ
1297 1102 1397 1158 τοῦ
1428 1098 1619 1178 κυρίου
1641 1118 1654 1132 ·

495 1197 607 1280 οὐχ
634 1198 826 1282 ὥσπερ
853 1201 1011 1281 ἡμῶν
1039 1203 1280 1269 ἕκαστος
1308 1206 1431 1267 καθ’
1460 1202 1656 1266 ἔαυτόν

493 1303 766 1389 ῦπιίρχων
803 1309 1135 1375 υἱός-ὅθεν
1170 1312 1238 1390 δή
1274 1314 1368 1373 καὶ
1404 1318 1418 1345 ⁶
1439 1312 1657 1374 πολλοὶ

493 1415 675 1475 vloi’*
719 1416 863 1478 κιιτιῗ1
904 1415 1006 1479 τᾶν
1043 1417 1322 1498 μακάρων
1363 1417 1655 1501 λεγόμεθα

394 1548 468 1589 10
496 1526 737 1584 Παῦλον
754 1523 1010 1585 -σῖλλᾶ
1096 1525 1272 1604 μόνος
1369 1528 1653 1606 ἐξαίρετον

492 1628 635 1709 ἔχων
661 1633 830 1692 τοῦτο
860 1636 918 1692 ἓν
943 1637 1017 1710 τῇ
1037 1633 1180 1711 πρός
1200 1632 1301 1693 τᾶν
1323 1632 1453 1694 θεόν
1469 1632 1653 1716 λόγον

491 1738 792 1816 συναφεία,
829 1742 932 1817 τῆς
970 1765 1035 1800 τε
1059 1738 1317 1817 υἶότητος
1354 1740 1448 1800 καὶ
1474 1739 1652 1818 κυριό-

488 1866 657 1918 τητος
701 1845 968 1923 μετέχων,
1026 1842 1246 1923 α’,ναιρεῖ
1294 1847 1401 1924 μὲν
1453 1853 1651 1907 πᾶσαν

488 1951 702 2014 ἔννοιαν
750 1952 949 2018 δυάδος
993 1957 1126 2015 υἶῶν
1171 1981 1236 2015 τε
1285 1956 1377 2014 καὶ
1425 1956 1646 2033 κυρίων,

388 2075 458 2136 15
487 2056 725 2139 παρέχει
762 2058 824 2119 δὲ
858 2057 996 2136 ἡμῖν
1034 2064 1094 2120 ἐν
1121 2062 1194 2139 τῇ
1219 2058 1361 2138 πρὸς
1388 2059 1487 2123 τόν
1516 2060 1650 2122 θεὸν

487 2164 669 2249 λόγον
710 2169 997 2247 συναφεία
1038 2173 1233 2230 πᾶσαν
1276 2168 1428 2248 ἔχειν
1474 2168 1648 2229 αὐτοῦ

482 2272 589 2350 τὴν
629 2274 830 2335 πίστιν
871 2274 964 2333 καὶ
1004 2272 1112 2350 τήν
1151 2273 1368 2335 ἔννοιαν
1408 2275 1502 2335 καὶ
1541 2271 1649 2351 τήν

490 2378 742 2459 θεωρίαν.
826 2381 969 2459 ’ὑπὲρ
1007 2378 1083 2441 ὧν
1121 2380 1188 2459 δή
1212 2367 1311 2443 ’καὶ
1339 2383 1443 2458 τὴν
1468 2408 1646 2461 προσ-

486 2487 725 2566 κύνησιν
780 2486 899 2548 κατ’
950 2486 1250 2568 α’,ναφοράν
1306 2490 1435 2551 θεοῦ
1488 2492 1647 2570 παρὰ

388 2616 464 2657 20
486 2595 678 2673 πάσης
746 2596 969 2677 δέχεται
1034 2600 1136 2674 τῆς
1190 2600 1440 2662 κτίσεως.
1549 2599 1646 2660 ἕνα

486 2702 673 2765 τοίνυν
735 2701 835 2764 τὸν
886 2702 1011 2763 υἱόν
1064 2708 1254 2780 φαμεν
1308 2703 1400 2763 καὶ
1455 2706 1647 2782 κύριον

487 2806 717 2885 Ἰησοῦν
771 2805 1044 2886 Χριστόν,
1092 2805 1164 2867 δι’
1218 2804 1284 2868 οὗ
1337 2807 1410 2868 τὰ
1456 2807 1644 2871 πάντα

489 2907 708 2988 ἐγένετο
728 2926 741 2941 ·
801 2903 1181 2984 πρωτοτῦπως
1221 2908 1328 2984 μὲν
1369 2905 1469 2968 τᾶν
1511 2906 1644 2969 θεόν

484 3002 664 3085 λόγον
703 3007 958 3067 νοοῦντες
997 3002 1098 3063 τᾶν
1138 3001 1258 3063 κατ’
1287 3001 1488 3063 οὐσίαν
1518 3004 1642 3064 υἱὸν

380 3113 452 3175 25
483 3102 619 3163 θεοῦ
674 3101 767 3162 καὶ
821 3098 1027 3177 κύριον,
1073 3103 1534 3164 συνεπινοοῦντες
1578 3100 1641 3160 δὲ

478 3205 546 3270 vd
586 3200 1088 3283 ληφθέν,ἸΗοοῩΝ
1134 3199 1250 3264 rou
1295 3198 1419 3266 ἀπὸ
1462 3223 1638 3265 Naza-

481 3309 606 3391 Ρέθ,
655 3305 720 3370 ὃν
765 3303 998 3391 ἔχρισε-τη
1025 3302 1090 3368 ’ὁ
1144 3303 1286 3368 θεὸς
1337 3303 1635 3377 πΝεΫΜΛτι

482 3406 572 3473 καὶ
605 3410 856 3484 ΔΥΝᾶΜεΙ
874 3417 926 3489 †‚
948 3410 1021 3477 ὥς
1050 3416 1110 3472 ἐν
1135 3418 1210 3491 τῇ
1225 3414 1368 3492 πρὸς
1381 3411 1482 3474 τᾶν
1504 3412 1638 3474 θεὸν

475 3509 654 3593 λόγον
673 3514 957 3592 συναφεία
974 3508 1229 3587 υἱότητός
1248 3535 1309 3570 τε
1327 3510 1638 3589 μετέχοντα

371 3632 450 3690 3ο
478 3610 570 3670 καὶ
638 3608 997 3689 κυριότητος·
1076 3607 1141 3673 ὃς
1200 3609 1293 3669 καὶ
1348 3608 1637 3688 ’δεύτερος

476 3704 666 3788 Ἀὃσῖμ
682 3711 742 3788 ’ss
772 3709 916 3771 κατὰ
945 3706 1044 3769 τόν
1067 3705 1346 3786 μακάριον
1377 3709 1635 3769 καλεῖται

476 3810 733 3884 Παῦλον,
779 3805 854 3871 ὥς
898 3809 1001 3894 τῆς
1043 3807 1214 3882 αὔτῆς
1255 3806 1362 3881 μὲν
1404 3806 1636 3880 φύσεως

472 3904 743 3986 ὑπάρχων
808 3908 885 3985 τῷ
969 3902 1168 3981 Ἀδάμ,
1224 3900 1517 3974 ἆναδείξας
1571 3901 1634 3962 δὲ

471 4003 608 4082 ἡμῖν
643 4002 749 4080 τὴν
777 4002 1112 4080 μέλλουσαν
1139 4000 1506 4074 κατάποσιν,
1540 4001 1635 4062 καὶ

370 4120 442 4182 35
472 4102 765 4179 τοσαύτην
829 4103 967 4183 ἔχων
1034 4099 1177 4178 πρός
1244 4102 1459 4161 ἐκεῖνον
1525 4099 1632 4179 τήν

474 4199 754 4279 διαφορὰν
789 4197 1011 4276 ὁσήπερ
1050 4195 1121 4257 ἂν
1156 4197 1376 4280 γένοιτο
1412 4200 1516 4258 τοῦ
1558 4198 1631 4257 τὰ

544 4347 564 4382 r
603 4332 667 4384 εἲς
691 4334 805 4398 (jbr
824 4328 993 4393 δήλου)
1015 4330 1119 4381 edd.
1277 4345 1306 4395 3
1339 4330 1444 4392 ἔχω
1465 4330 1571 4381 edd.

477 4429 536 4481 19
557 4416 641 4467 καὶ
663 4414 779 4480 (fhr
798 4411 921 4474 κατ’)
942 4413 1074 4465 codd.
1142 4411 1207 4478 36
1230 4412 1481 4476 ἀναφορὰν
1503 4410 1636 4461 codd.

1405 4519 1440 4574 *l*
1472 4522 1596 4571 Acts
1618 4536 1666 4569 x.
1693 4521 1771 4584 38.

710 4524 739 4551 ⁹
774 4523 934 4588 [neb.
963 4522 1016 4571 ii.
1046 4522 1143 4584 10].

1460 388 1847 444 APPENDIX
1893 392 1958 444 A.

1759 567 1911 631 filios
1929 589 2128 648 neque
2148 569 2429 633 dominos
2449 572 2620 647 duoS,
2632 571 2926 651 quoniam

1756 666 1819 726 in
1866 668 2185 730 manifesto
2232 669 2524 730 existente
2565 669 2669 747 qui
2710 688 2926 731 secun-

1758 765 1903 825 dum
1954 767 2274 828 essentiam
2323 767 2607 828 dominus
2654 779 2715 829 et
2764 768 2923 828 filius

1756 875 1864 937 est,
1909 865 2365 942 inseparabilem
2406 867 2640 927 habens
2672 867 2752 927 ad
2780 886 2923 928 eum

1754 961 2244 1023 coniunctionem
2272 974 2332 1024 et
2360 964 2711 1025 societatem
2739 963 2789 1025 is
2816 964 2921 1042 qui
2991 983 3028 1043 5

1752 1079 1863 1138 pro
1918 1073 2119 1122 nostra
2173 1064 2365 1125 salute
2406 1064 2759 1140 adsumptus
2800 1074 2913 1141 est,

1753 1162 2112 1221 conrefertur
2128 1172 2248 1221 tam
2267 1161 2717 1239 nuncupatione
2735 1182 2920 1240 quam

1751 1257 1992 1322 honore,
2009 1269 2070 1319 et
2090 1257 2193 1317 filii
2215 1270 2275 1318 et
2304 1258 2571 1333 domini;
2608 1278 2731 1319 non
2759 1260 2919 1320 sicut

1752 1354 2163 1433 unusquisque
2183 1366 2450 1417 nostrum
2471 1375 2545 1416 ex
2566 1376 2632 1418 se
2652 1356 2918 1418 existens

1750 1455 2084 1531 adpellatur
2160 1454 2317 1515 filius
2394 1456 2774 1517 Dei—unde
2852 1468 2918 1517 et
2951 1480 3029 1520 10

1754 1553 1999 1628 ‘plures'
2028 1552 2130 1612 filii
2151 1551 2269 1612 Dei
2290 1552 2559 1629 dicimur,
2579 1555 2916 1616 secundum

1750 1649 1989 1709 beatum
2017 1651 2359 1727 apostolum
2390 1653 2834 1713 Paulum—sed
2860 1649 2917 1714 is

1748 1745 2116 1823 singulariter
2152 1749 2271 1809 hoc
2306 1748 2536 1809 habens
2564 1748 2626 1809 in
2654 1748 2717 1810 id
2744 1748 2916 1827 quod

1751 1847 1888 1927 Deo
1925 1846 2131 1907 Verbo
2172 1845 2526 1908 coniunctus
2570 1859 2678 1922 est,
2722 1848 2914 1927 digni-

1747 1939 1885 2000 tatis
1912 1940 2017 1999 filii
2046 1954 2106 2002 et
2134 1940 2563 2004 dominationis
2591 1941 2907 2021 particeps
2945 1966 3026 2026 15

1746 2041 1933 2100 aufert
1961 2040 2207 2117 quidem
2236 2041 2487 2102 omnino
2517 2043 2771 2102 duorum
2803 2045 2912 2104 do-

1747 2136 2115 2198 minorumet
2135 2138 2391 2198 filiorum
2415 2138 2905 2218 intellegentiam,

1744 2245 2002 2311 praestat
2050 2247 2251 2296 autem
2300 2236 2474 2296 nobis
2523 2236 2586 2296 in
2623 2238 2910 2299 coniunc-

1744 2331 1909 2392 tione
1968 2331 2084 2394 Dei
2141 2333 2327 2394 Verbi
2383 2354 2626 2396 omnem
2681 2337 2909 2398 habere

1741 2432 1925 2492 fidem
1936 2451 2296 2509 omnemque
2314 2432 2680 2495 intellectum
2689 2447 2749 2495 et
2765 2454 2910 2496 con·
2940 2462 3025 2503 20

1744 2530 2209 2609 templationem.
2286 2531 2369 2592 ob
2396 2532 2547 2594 haec
2575 2543 2636 2593 et
2661 2552 2909 2595 uenera-

1743 2625 1970 2688 tionem
2013 2646 2086 2688 ex
2127 2626 2246 2687 Dei
2289 2627 2574 2690 societate
2616 2630 2692 2690 ab
2735 2630 2907 2691 omni

1742 2724 1993 2802 percipit
2068 2736 2351 2787 creatura.
2468 2746 2654 2787 unum
2724 2727 2906 2805 igitur

1742 2819 1995 2882 dicimus
2030 2822 2232 2882 Deum
2261 2833 2320 2882 et
2349 2822 2664 2883 dominum
2694 2825 2902 2884 Iesum

1738 2920 2060 2994 Christum,
2112 2941 2217 2999 per
2263 2940 2444 2998 quem
2488 2922 2691 2983 omnia
2743 2925 2906 2984 facta
2936 2951 2970 2989 2
2980 2950 3016 3011 5

1738 3031 1917 3095 sunt3
1964 3019 2361 3098 principaliter
2404 3022 2650 3098 quidem
2694 3023 2901 3082 Deum

1737 3118 2006 3177 Verbum
2051 3117 2478 3192 intellegenteS‚
2536 3116 2639 3195 qui
2687 3137 2901 3178 secun·

1737 3217 1882 3276 dum
1911 3214 2226 3277 essentiam
2258 3213 2411 3274 filius
2442 3215 2559 3276 Dei
2588 3227 2678 3276 est
2705 3226 2765 3276 et
2792 3215 2902 3277 do-
2969 3243 2974 3244 ff

1737 3313 1949 3390 minus,
1977 3314 2194 3392 pariter
2211 3311 2390 3372 etiam
2409 3313 2739 3390 cogitantes
2757 3334 2899 3375 eum

1736 3413 1840 3491 qui
1858 3425 2169 3493 susceptus
2188 3422 2296 3488 est,
2308 3415 2498 3473 Iesum
2515 3433 2556 3473 a
2572 3415 2895 3486 Nazareth,
2925 3439 3016 3497 30

1735 3531 1914 3588 quem
1972 3513 2148 3572 unxit
2195 3516 2366 3574 Deus
2423 3513 2653 3590 Spiritu
2705 3520 2901 3572 sancto

1732 3615 1791 3665 et
1855 3610 2088 3681 uirtute,
2161 3621 2470 3687 tamquam
2540 3608 2617 3670 ad
2690 3609 2895 3668 Deum

1733 3706 2000 3765 Verbum
2036 3707 2361 3769 habentem
2403 3704 2897 3768 coniunctionem

1732 3814 1794 3863 et
1821 3803 2273 3883 participantem
2303 3804 2408 3865 filii
2431 3815 2491 3866 et
2520 3803 2749 3865 domini
2771 3802 2898 3881 dig·

1732 3900 1996 3961 nitatem.
2084 3900 2187 3978 qui
2217 3915 2275 3964 et
2311 3903 2639 3963 ‘secundus
2668 3901 2892 3961 Adam’
2923 3924 3009 3986 35

1731 3999 2080 4075 adpellatur,
2127 3998 2279 4059 sicut
2325 4001 2539 4060 beatus
2582 3999 2894 4076 apostolus

1728 4098 1894 4159 testis
1951 4109 2040 4159 est
2097 4101 2331 4175 PauluS,
2381 4100 2524 4177 quia
2578 4111 2891 4176 tamquam

1728 4196 1996 4257 eiusdem
2020 4196 2095 4256 sit
2115 4208 2362 4257 naturae
2379 4196 2548 4257 cuius
2564 4207 2656 4256 est
2670 4196 2893 4269 Adam,

2139 4340 2200 4394 37
2235 4327 2321 4395 qui
2343 4329 2447 4381 e‹M-

2038 4521 2092 4584 [Σ
2132 4536 2149 4572 1
2181 4520 2296 4571 Cor.
2325 4536 2402 4571 xv.
2433 4533 2513 4584 45,
2538 4520 2638 4585 47]-
