3221 5116
547 384 684 470 326⁴
768 435 773 441 .
1502 393 1887 449 APPENDIX
1934 398 1998 448 A.

646 634 803 718 [Act.
839 637 1026 699 Cone.
1061 638 1182 699 CP.
1215 635 1271 698 ii.
1306 655 1384 697 ιν.
1420 656 1499 713 39
1531 635 1593 718 (⁶⁴
1618 636 1885 698 eiusdem
1918 657 1993 699 ex
2020 637 2239 698 eodem
2266 636 2499 717 libro’').
2588 637 2721 716 Vig.
2757 655 2851 716 39.

1420 734 1511 795 Cf.
1546 732 1833 811 Lagarde,
1865 752 1922 810 p.
1961 730 2118 814 108].

664 880 859 940 Iesum
901 878 1064 940 enim
1103 876 1234 959 (ait)
1276 880 1343 939 de
1381 880 1709 953 Nazareth,
1737 898 1922 956 quem
1961 881 2136 938 unxit
2158 880 2326 940 Deus
2352 879 2586 958 Spiritu
2610 885 2667 940 et
2688 878 2974 951 uirtute&

469 980 498 1033 ΤΣ
545 974 716 1038 cuius
754 975 1104 1038 unctionem
1145 975 1387 1038 meritus
1425 988 1487 1037 et
1523 974 1942 1036 immaculatus
1984 977 2230 1037 effectus
2271 986 2363 1037 est
2402 996 2513 1055 per
2548 975 2751 1038 omnia
2792 986 2855 1037 et
2891 976 2976 1037 ad

544 1071 815 1135 diuinam
855 1085 1130 1135 naturam
1171 1074 1387 1136 meruit
1436 1074 1941 1136 coniunctionem.
2027 1070 2226 1153 neque
2273 1075 2435 1137 enim
2483 1074 2975 1136 coniunctionem

545 1171 906 1250 suscepisset
940 1173 1118 1249 illam,
1148 1171 1264 1234 nisi
1305 1171 1467 1250 prius
1507 1171 1925 1234 immaculatus
1951 1172 2144 1233 factus
2180 1170 2404 1249 fuisset,
2432 1183 2501 1233 ut
2529 1171 2615 1234 sic
2640 1172 2980 1234 condeceat

481 1282 516 1346 5
544 1267 700 1331 illius
729 1269 1038 1331 unitatem.

692 1467 850 1553 [Act.
885 1471 1072 1532 Conc.
1109 1472 1227 1533 CP.
1263 1469 1318 1530 ii.
1354 1488 1431 1530 ιν.
1466 1489 1539 1545 41
1577 1469 1642 1550 (⁴⁴
1662 1467 1932 1531 eiusdem
1961 1489 2035 1532 ex
2062 1469 2217 1530 libro
2244 1469 2325 1531 ad
2352 1466 2829 1548 baptizandos”).

1620 1565 1750 1644 Vig.
1786 1563 1902 1648 41].

671 1697 1036 1758 Permanens
1084 1707 1286 1757 autem
1336 1696 1534 1759 donec
1583 1697 1916 1758 secundum
1966 1715 2135 1757 suam
2185 1705 2515 1756 creaturam
2572 1705 2632 1755 et
2687 1692 2975 1754 uirtutem

547 1794 789 1855 soluens
830 1794 1037 1855 mortis
1078 1795 1333 1869 dolores,
1378 1793 1651 1856 liberauit
1693 1814 1834 1855 eum
1878 1793 2276 1855 ineffabilibus
2309 1794 2425 1855 illis
2460 1793 2750 1869 uinculis3
2793 1803 2855 1854 et
2892 1793 2975 1854 de

548 1889 794 1953 mortuis
822 1890 1177 1951 resuscitans
1205 1891 1502 1952 transtulit
1534 1892 1782 1969 quidem
1813 1891 1876 1951 in
1915 1892 2294 1953 inmortalem
2321 1892 2524 1968 uitam,
2556 1891 2974 1968 incorruptum

546 1998 747 2050 autem
777 2007 917 2048 eum
945 1998 1006 2049 et
1033 1987 1410 2050 inmortalem
1437 1999 1499 2049 et
1525 1988 1963 2049 immutabilem
1992 1989 2255 2051 efficiens
2283 1988 2346 2049 in
2373 1992 2608 2051 caelum
2635 1987 2821 2050 duxit.

738 2186 894 2271 [Act.
929 2191 1117 2252 Cone.
1154 2192 1272 2253 CP.
1307 2188 1362 2251 ii.
1398 2209 1474 2250 ιν.
1510 2212 1585 2265 42
1622 2190 1688 2272 (“
1709 2202 1770 2253 et
1796 2203 1936 2270 post
1962 2192 2121 2254 alia²⁹
2147 2193 2273 2274 bic).
2361 2192 2493 2271 Vig.
2528 2212 2626 2268 42,
2657 2190 2777 2276 43].

449 2344 522 2385 ιο
669 2320 975 2384 Christum
1003 2320 1379 2382 iustificatum
1409 2333 1468 2383 et
1498 2322 1948 2384 immaculatum
1978 2325 2199 2384 factum
2237 2323 2454 2384 uirtute
2494 2324 2684 2385 sancti
2719 2322 2975 2401 Spiritus

547 2419 727 2500 (sicut
756 2419 965 2479 beatus
996 2421 1213 2480 Paulus
1241 2422 1427 2481 modo
1457 2420 1705 2498 quidem
1735 2420 1881 2482 dicit
1910 2422 2074 2499 quod
2104 2423 2443 2499 iustificatus
2465 2430 2552 2480 est
2575 2422 2638 2481 in
2668 2422 2902 2499 Spiritu
2915 2429 2971 2497 †,

546 2517 731 2579 modo
771 2536 952 2579 uero:
1006 2518 1114 2596 qui
1135 2527 1253 2595 per
1289 2520 1580 2597 Spiritum
1622 2526 1914 2579 aeternum
1956 2521 2386 2580 immaculatum
2427 2539 2487 2580 se
2524 2520 2730 2580 obtulit
2765 2521 2897 2583 Deo
2906 2519 2970 2600 ss)

546 2616 697 2678 mori
746 2616 994 2694 quidem
1034 2616 1176 2677 fecit
1218 2618 1548 2677 secundum
1590 2621 1786 2696 legem
1827 2618 2156 2692 hominum,
2203 2629 2414 2696 utpote
2455 2629 2657 2680 autem
2697 2617 2975 2696 inpecca-

546 2713 730 2776 bilem
757 2713 974 2776 uirtute
1004 2713 1192 2774 sancti
1221 2713 1472 2792 Spiritus
1498 2716 1723 2776 factum
1750 2714 2122 2776 resuscitauit
2159 2717 2237 2777 de
2275 2714 2525 2777 mortuis
2560 2728 2620 2778 et
2660 2717 2740 2777 ad
2781 2715 2970 2777 uitam

448 2831 517 2894 15
545 2810 855 2873 constituit
874 2810 1221 2884 meliorem;
1261 2810 1694 2872 immutabilem
1723 2811 1971 2889 quidem
1999 2811 2235 2873 animae
2262 2811 2743 2891 cogitationibus,
2773 2812 2972 2875 incor-

546 2921 786 2988 ruptum
813 2921 1016 2970 autem
1045 2921 1105 2969 et
1133 2907 1550 2970 indissolutum
1584 2921 1645 2970 et
1670 2929 1847 2969 carne
1875 2908 2116 2970 faciens,
2324 2910 2363 2947 ⁴*
2525 2909 2559 2941 ⁴*
2723 2911 2761 2949 ’θ
2930 2912 2969 2949 *⁶

668 3009 796 3067 Deo
834 3015 1025 3066 autem
1058 3007 1306 3083 gratias,
1349 3008 1456 3083 qui
1490 3008 1650 3066 nobis
1688 3007 1844 3066 dedit
1883 3010 2184 3068 uictoriam
2212 3017 2330 3085 per
2365 3009 2662 3069 dominum
2703 3018 2970 3070 nostrum

545 3105 740 3164 les-um
778 3105 1157 3179 Christum&-
1196 3102 1442 3163 istorum
1474 3123 1716 3163 causam
1745 3104 1925 3165 fuisse
1954 3105 2130 3165 nobis
2159 3105 2366 3166 dicens
2396 3106 2615 3181 Deum,
2636 3106 2740 3184 qui
2756 3118 2973 3169 contra

547 3220 759 3262 omnes
794 3201 1165 3267 aduersarios
1202 3200 1377 3261 nobis
1418 3201 1587 3261 dedit
1624 3201 1955 3276 uictoriam,
1987 3201 2115 3263 siue
2153 3201 2360 3264 mortis
2393 3203 2520 3264 siue
2562 3204 2793 3282 peccati
2836 3204 2971 3267 siue

446 3323 522 3364 20
543 3298 975 3375 cuiuscumque
1002 3298 1144 3357 hinc
1172 3297 1458 3359 nascendi
1479 3298 1620 3358 mali
1637 3320 1656 3374 3
1684 3298 1788 3377 qui
1810 3298 2124 3360 dominum
2147 3311 2418 3361 nostrum
2437 3303 2640 3362 Iesum
2661 3302 2963 3364 Christum

547 3416 657 3475 pro
684 3395 859 3457 nobis
885 3394 1193 3455 hominem
1222 3414 1482 3469 sumens,
1513 3407 1574 3457 et
1600 3395 1801 3474 ipsum
1828 3416 1936 3475 per
1969 3397 2462 3459 resurrectionem
2492 3400 2569 3459 de
2597 3399 2847 3460 mortuis
2884 3401 2972 3462 ad

545 3492 853 3555 meliorem
880 3491 1177 3553 transtulit
1203 3493 1402 3567 finem,
1432 3504 1495 3554 et
1520 3494 1583 3554 in
1609 3495 1854 3556 dextera
1880 3514 1989 3556 sua
2016 3494 2223 3557 sedere
2250 3494 2391 3556 fecit
2418 3507 2480 3556 et
2507 3493 2681 3556 nobis
2708 3497 2789 3557 ad
2821 3515 2970 3558 eum

546 3590 797 3654 donauit
822 3590 1328 3654 communionem.

553 3838 708 3924 [Act.
756 3845 944 3907 Cone.
992 3845 1111 3907 CP.
1155 3844 1210 3905 ii.
1244 3862 1297 3904 v·
1387 3842 1450 3923 (“
1478 3845 1747 3921 Cyrillus.
1782 3857 1940 3909 certe
1968 3856 2028 3908 et
2056 3845 2118 3907 in
2148 3845 2609 3908 allocutionibus
2638 3866 2787 3925 quas
2821 3846 2976 3912 fecit

942 3943 1021 4004 ad
1052 3940 1443 4020 baptizandos
1472 3942 1689 4004 iterum
1716 3943 1868 4005 dixit
1893 3943 2057 4006 idem
2083 3946 2445 4007 Theodorus
2457 3941 2556 4026 ’')].

675 4088 818 4148 Hoc
844 4106 990 4148 uero
1026 4106 1151 4148 non
1183 4107 1258 4149 ex
1291 4089 1466 4150 nobis
1506 4089 1651 4167 ipsis
1683 4088 2023 4152 inuenimus
2064 4089 2489 4166 testimonium,
2521 4091 2630 4151 sed
2656 4110 2732 4151 ex
2759 4089 2976 4153 diuina

450 4197 525 4260 25
552 4184 754 4246 edocti
782 4204 987 4246 sumus
1014 4185 1336 4264 scriptura3
1377 4188 1663 4265 quoniam
1700 4199 1762 4249 et
1798 4189 2008 4250 beatus
2047 4190 2268 4249 Paulus
2305 4187 2390 4249 ita
2424 4187 2606 4250 dicit:
2644 4208 2718 4248 ex
2755 4190 2976 4265 quibus

557 4362 620 4402 ιο
651 4348 923 4400 secundum
944 4347 1180 4399 uirtutem
1216 4349 1268 4398 V
1406 4365 1461 4402 11
1498 4351 1756 4418 apostolus
1780 4347 1898 4414 (sor
1917 4347 1997 4413 P.)
2033 4349 2080 4402 V
2222 4348 2283 4402 16
2314 4366 2377 4402 ex
2397 4365 2547 4401 carne
2580 4351 2627 4400 V
2646 4347 2655 4416 Ι
2683 4350 2831 4403 nobis
2852 4351 2890 4403 f.
2925 4353 2989 4404 V

619 4479 648 4507 ¹*
680 4481 807 4532 Acts
827 4498 877 4533 x.
901 4484 982 4547 38.
1179 4481 1214 4536 ἦ·
1252 4497 1273 4532 ι
1311 4481 1447 4531 Tim.
1470 4482 1540 4534 iii.
1575 4481 1653 4536 16.
1846 4484 1881 4541 :t
1915 4481 2052 4532 Heb.
2075 4482 2143 4531 ix.
2173 4498 2247 4545 14.
2447 4485 2476 4543 ὅ
2514 4497 2534 4532 ι
2563 4482 2683 4533 Cor.
2706 4498 2789 4532 xv.
2815 4496 2899 4548 57.
