3221 5116
302 434 757 488 FRAGMENTS
806 438 900 489 OF
950 437 1104 487 THE
1156 436 1544 489 DOGMATIC
1589 436 1856 495 WORKS
1901 437 1996 488 OF
2041 436 2467 487 THEODORE.
2548 435 2682 502 307·

247 605 653 685 προσηκούσης
720 605 1016 686 ἅκριβειας
1078 607 1181 668 τόν
1244 606 1418 686 νόμον
1515 626 1658 669 cum
1696 607 2024 670 subtilitate
2064 615 2458 685 competente?
2476 607 2668 682 legem

248 705 600 782 φυλάξαντα,
652 706 764 766 εἴτε
811 732 885 770 ως
932 705 1025 767 καὶ
1069 704 1193 784 μετ’
1236 710 1417 766 ε’κεινο
1515 706 1822 778 custodiit,
1880 704 2008 766 siue
2063 704 2231 779 quod
2286 702 2468 764 etiam
2529 714 2670 780 post

247 802 351 878 τήν
402 807 504 879 τῆς
555 803 792 882 χάριτος
837 804 1134 866 πολιτείαν
1187 810 1260 884 τῇ
1315 807 1416 864 τοῦ
1516 803 1666 864 illud
1719 801 1945 881 gratiae
1999 801 2518 869 conversationem
2572 819 2669 862 co-

247 898 561 977 πνεῦματος
628 902 927 980 συνεργείᾳ
985 900 1129 976 μετὰ
1187 905 1416 978 πολλῆς
1514 900 1862 979 operatione
1932 899 2181 977 Spiritus
2242 919 2383 961 cum
2450 917 2669 977 magna

246 997 577 1073 πληροῦντα
603 1000 704 1074 τῆς
730 995 1040 1075 α’κριβείας.
1511 997 1836 1076 compleuit
1864 995 2205 1058 subtilitate.
2712 999 2770 1063 ,5

836 1173 885 1212 2.
981 1149 1220 1235 [Leont·
1251 1155 1289 1214 l.
1321 1173 1360 1214 c.
1397 1156 1484 1234 (ἐκ
1511 1155 1613 1213 τοῦ
1642 1152 1814 1213 αυτοῦ
1843 1147 2081 1232 λόγου)].

370 1260 521 1323 Ουδέ
556 1289 669 1345 γαρ
705 1261 772 1323 vd
808 1262 919 1324 υπὸ
956 1262 1221 1325 Ἰωάννου
1255 1264 1397 1345 πρὸς
1434 1264 1609 1327 αῦτόν
1646 1263 1937 1343 εἰρημένον
1977 1255 2069 1323 ὅτι
2114 1263 2241 1337 ἑΓὼ
2287 1258 2488 1350 χΡεῖΛΝ
2536 1262 2664 1348 ἔχω

247 1365 369 1438 γ’πὸ
412 1367 521 1441 co?
568 1376 970 1444 flammeum,
1012 1368 1101 1434 καὶ
1142 1369 1211 1444 cv*
1252 1369 1400 1456 ἔρχῃ
1442 1372 1598 1454 npo'c
1638 1393 1746 1442 nez
1732 1364 2011 1426 ·*—·0²382
2051 1367 2220 1425 τοῦτο
2260 1359 2561 1441 ἀναιρήσει
2599 1386 2665 1423 ⁷⁰

247 1466 350 1527 τόν
385 1465 681 1546 ἄνθρωπον
711 1468 853 1530 εἶναι
879 1470 980 1531 τᾶν
1006 1471 1443 1549 βαπτιζόμενον.
1533 1470 1780 1552 αρμόσει
1815 1470 1928 1554 γὰρ
1964 1467 2113 1549 αυτῷ
2140 1468 2234 1528 καὶ
2271 1468 2415 1528 κατὰ
2439 1491 2543 1526 τον
2566 1469 2669 1542 τῆς

248 1561 685 1642 ἅνθρωπότητος
712 1565 907 1649 λόγον,
941 1568 1170 1647 ἐπείπερ
1199 1567 1343 1629 κατά
1377 1596 1446 1652 γε
1485 1569 1666 1646 αὐτὴν
1705 1567 1811 1646 τήν
1851 1566 2060 1647 οἷρετην
2098 1564 2333 1642 πολλήν
2373 1564 2524 1644 εἶχεν
2560 1562 2668 1639 τήν

246 1659 538 1742 ὕπεροχήν
572 1689 715 1743 προς
754 1662 1040 1741 Ῑωάννην,
1086 1691 1179 1726 και
1213 1664 1305 1726 δια
1346 1665 1452 1743 τήν
1491 1670 1823 1728 ἐνοικοῦσαν
1859 1668 2006 1744 αυτῷ
2040 1667 2141 1741 τῆς
2181 1661 2447 1738 θεότητος
2486 1662 2667 1738 φύσιν
2697 1682 2769 1722 10

249 1784 358 1838 ουχ
381 1757 522 1838 υπὶρ
549 1758 819 1838 Ἰωάννην
842 1761 1021 1840 μόνον
1047 1762 1208 1822 ἅλλα
1238 1764 1330 1824 καὶ
1356 1763 1496 1842 υπέρ
1523 1763 1742 1829 πάντας
1772 1762 2117 1843 άνθρωπους
2156 1760 2266 1840 ἤδη
2300 1762 2361 1822 δὲ
2398 1759 2492 1820 καὶ
2523 1759 2666 1839 ὑπὲρ

246 1854 353 1932 τήν
382 1857 573 1918 κτίσιν
599 1857 745 1938 ἔχων
772 1858 838 1921 vd
866 1858 1083 1938 ἀξίωμα
1110 1859 1333 1925 δικαίως
1363 1862 1709 1944 ἑγνωρίζετο.
1816 1864 1856 1901 ‘¹¹'
2019 1863 2059 1900 ‘¹¹’
2423 1860 2463 1897 ‘¹¹'

248 1949 515 2031 διόπερ
480 1979 512 2013 ο
556 1953 745 2034 κύριος
780 1956 1141 2035 βουλόμενος
1186 1959 1246 2019 ἓν
1278 1962 1375 2038 τῇ
1391 1959 1554 2039 χρεία
1592 1964 1694 2036 τῆς
1737 1963 1956 2037 τροφῆς
1992 1957 2061 2021 τό
2100 1983 2164 2018 τε
2201 1981 2532 2036 καρτερικον
2574 1956 2668 2016 καὶ

251 2049 662 2129 ἔμφιλόσοφον
717 2053 1120 2129 ἐπιδείξασθαι,
1179 2059 1346 2116 τοῦτο
1401 2061 1506 2134 μὲν
1561 2058 1834 2141 γενέσθαι
1890 2056 1992 2117 οῦκ
2047 2060 2214 2136 αἷτείγ
2291 2056 2505 2120 δεικνὺς
2553 2056 2666 2139 ’γσῖρ

246 2149 334 2211 ὅτι
389 2150 629 2210 ἔλαττον
683 2149 832 2230 αὐτῷ
881 2151 1049 2229 μέλει
1101 2153 1201 2228 τῆς
1254 2160 1475 2233 τροφῆς
1523 2155 1618 2215 καὶ
1666 2151 2078 2233 προτιμότερον
2128 2153 2279 2234 αὐτῷ
2325 2157 2426 2229 τῆς
2464 2151 2672 2231 ἀρετῆς
2698 2176 2766 2237 15

248 2250 428 2326 οὐδέν,
468 2252 653 2328 φησὶν
687 2251 831 2331 πρός
866 2250 1058 2314 αὐτόν·
1112 2258 1225 2330 οῨκ
1272 2255 1363 2321 ἐπ’
1408 2258 1581 2343 ἄρτῳ
1627 2262 1814 2343 ΜόΝῳ
1859 2261 2094 2322 Ζι-ίεετω
2138 2257 2491 2343 ἇκθρωποο,
2535 2256 2651 2322 ἀλλ

247 2354 346 2420 ἐπὶ
379 2356 558 2423 nau-ri
592 2358 804 2443 ῥήματι
838 2357 1326 2444 ἑκπορεγοΜὲΝῳ
1357 2364 1448 2424 Διά
1479 2364 1786 2425 στόματος
1816 2359 2017 2436 θεοῨ.ῒ
2222 2360 2262 2397 ⁴¹¹·
2423 2360 2463 2397 ⁴¹¹·
2625 2359 2665 2396 ⁴*

246 2460 417 2516 τοῦτο
463 2456 575 2540 γὰρ
623 2457 658 2519 ὅ
706 2457 983 2535 διάβολος
1029 2459 1404 2533 ἐσπούδασεν,
1452 2465 1652 2521 πεῖσαι
1697 2463 1805 2539 μὲν
1851 2459 2023 2522 aria-<iv
2071 2459 2144 2525 οἷς
2190 2459 2442 2538 οὖδαμῶς
2494 2459 2667 2522 αὖτοῦ

248 2556 483 2632 φροντὶς
524 2558 626 2617 τοῦ
670 2556 814 2617 θεοῦ.
905 2554 991 2617 διο
1021 2558 1232 2638 ἔλεγεν·
1281 2581 1328 2623 ει
1376 2556 1504 2635 Υιὸε
1541 2551 1601 2624 εἶ
1640 2562 1752 2635 ΤοῨ
1792 2562 1953 2636 θεοῖ,
1998 2583 2248 2636 ποιησον
2288 2555 2433 2634 τόδε,
2483 2558 2667 2619 τουτέ-

247 2677 399 2718 στιν·
440 2659 585 2742 ἔργῳ
624 2658 871 2731 δεῖξον
838 2685 928 2720 οτι
962 2660 1129 2736 με’λει
1165 2687 1276 2721 σου
1316 2665 1393 2742 τῷ
1427 2663 1545 2742 θεῷ’.
1633 2686 1800 2726 αυτος
1841 2661 1968 2724 δὲ
1932 2667 2269 2745 υπισχνεῖτο
2306 2661 2556 2746 μεγάλα,
2595 2691 2668 2729 ως
2697 2689 2772 2730 20

247 2752 319 2814 δι
347 2755 560 2817 ἐκείνου
585 2755 755 2835 μέν’
718 2756 1067 2835 αποστήσων
1094 2761 1196 2818 τοῦ
1224 2758 1374 2832 θεοῦ,
1404 2758 1495 2818 δια
1522 2757 1581 2817 δὲ
1607 2785 1720 2819 των
1743 2757 2120 2838 υποσ-χέσεων
2147 2758 2451 2821 ubendo-mv
2477 2762 2664 2841 εαυτῷ.

249 2878 344 2912 και
369 2857 443 2932 τῇ
466 2857 572 2931 μεν
597 2854 846 2934 προτέρᾳ
870 2856 1038 2935 πείρα
1064 2854 1165 2916 τόν
1191 2853 1364 2933 ἄρτον
1395 2854 1818 2933 προβάλλεται,
1846 2864 1920 2936 τῇ
1959 2856 2136 2937 ἦδονῃ
2174 2857 2535 2939 γαργαλίζων
2574 2857 2668 2918 ἐπὶ

246 2949 354 3027 τήν
401 2954 602 3030 πεῖραν
645 2951 849 3013 ἐλθεῖν.
1043 2953 1083 2990 ‘¹¹’
1651 2954 1691 2991 ‘¹¹'
1896 2951 2092 3032 διόπερ
2133 2952 2171 3015 ὅ
2217 2978 2406 3032 κυριος
2449 2959 2509 3015 ἐν
2549 2960 2668 3022 τοῖς

246 3047 438 3125 τρίσιν
468 3047 725 3125 ηττήσας
759 3047 945 3122 αυτόν,
974 3047 1112 3127 ημῖν
1147 3046 1253 3125 τήν
1295 3075 1402 3109 κατ
1457 3047 1630 3109 αυτοῦ
1671 3048 1832 3125 δίκην
1875 3050 2197 3128 ἐχαρίσατο.
2283 3075 2389 3111 ουκ
2427 3049 2668 3128 αιτήσ-ας

243 3172 352 3223 μεν
390 3174 503 3229 γαρ
546 3149 614 3208 τό
650 3149 751 3209 τὸν
797 3146 967 3225 ἄρτον
1008 3148 1275 3229 γενέσθαι
1310 3173 1464 3225 παρα
1498 3151 1599 3208 τοῦ
1642 3148 1789 3223 θεοῦ,
1827 3147 2029 3220 ἔδειξεν
2063 3147 2259 3209 ἑαυτόν
2298 3148 2505 3226 ἦδονῆς
2541 3176 2666 3229 κρα-
2696 3170 2767 3230 25

243 3248 469 3306 τοῦντα·
510 3246 591 3323 μή
624 3245 830 3324 βαλων
866 3246 925 3306 δὲ
963 3247 1157 3307 ἑαυτὸν
1199 3245 1364 3319 κάτω,
1400 3246 1567 3323 δόξης
1601 3244 1906 3324 υπερεῖδεν,
1949 3247 2157 3310 πείσας
2195 3244 2449 3311 ἅπαντας
2488 3273 2560 3311 ως
2601 3245 2669 3308 οὖ

242 3342 441 3419 μέλειν
482 3342 631 3424 αυτῷ
664 3342 885 3421 ταυτης·
942 3344 1032 3405 δια
1074 3345 1137 3405 δὲ
1172 3348 1273 3405 τοῦ
1313 3344 1504 3421 τρίτου
1549 3369 1838 3422 κρατησας
1867 3369 1978 3404 των
2012 3347 2113 3403 τοῦ
2158 3344 2379 3421 κόσμου
2421 3343 2663 3425 α’γαθων,
2768 3370 2774 3374 ’

241 3440 444 3512 ἔδειξεν
472 3442 668 3503 εἀυτὸν
695 3441 856 3503 οὐδὲν
880 3442 1092 3503 τούτων
1117 3441 1260 3520 &rep
1287 3439 1587 3519 εὐσεβείας
1609 3439 1941 3518 ἡττώμενον.
2022 3442 2062 3479 ‘¹¹'
2224 3440 2258 3475 ⁸
2424 3443 2464 3480 ‘¹¹'
2626 3445 2666 3482 ‘¹¹’

495 3626 551 3683 3.
639 3604 802 3688 [Fac.
837 3606 915 3666 iii.
954 3628 984 3666 2
1017 3609 1079 3688 (“
1098 3605 1276 3668 tertio
1303 3604 1542 3667 decimo
1573 3606 1651 3665 de
1683 3602 2103 3665 Incarnatione
2134 3605 2286 3665 libro
2302 3601 2408 3686 '')].

368 3721 605 3778 Bonum
635 3730 724 3779 est
754 3718 816 3779 in
844 3719 961 3781 hoc
989 3721 1125 3779 loco
1153 3718 1414 3779 maxime
1443 3718 1805 3779 concludere
1832 3719 2001 3794 quod
2027 3715 2262 3777 uirtutis
2290 3716 2551 3777 habeant
2592 3735 2666 3777 ea

243 3836 402 3892 quae
428 3812 589 3878 dicta
618 3829 770 3893 sunt,
819 3818 948 3879 siue
988 3819 1327 3879 conuersari
1369 3818 1497 3878 siue
1537 3815 1830 3895 baptizari
1870 3815 1997 3875 siue
2039 3814 2299 3892 crucifigi
2345 3813 2471 3874 siue
2510 3815 2663 3874 mori
2691 3833 2770 3889 30

243 3915 373 3976 siue
422 3918 659 3995 sepeliri
707 3931 768 3978 et
814 3938 1130 3995 resurgere.
1238 3939 1363 3981 non
1411 3938 1561 3998 puro
1606 3917 1786 3978 alicui
1834 3918 1984 3977 haec
2032 3927 2386 3992 coaptantes
2433 3913 2664 3975 homini

243 4013 700 4075 dicimus—hoc
728 4014 888 4076 enim
917 4015 978 4074 in
1006 4036 1368 4093 unaquaque
1397 4015 1694 4076 dictorum
1733 4011 2244 4075 demonstratione
2281 4012 2502 4073 addere
2539 4030 2664 4071 non

244 4130 561 4185 moramur,
593 4123 657 4172 ut
685 4114 909 4172 nullam
936 4115 1436 4175 calumniantibus
1464 4116 1858 4192 praebeamus
1888 4113 2045 4172 male
2078 4109 2367 4188 loquendi
2404 4110 2663 4170 occasio-

243 4228 427 4283 nem3
488 4210 595 4270 sed
640 4210 970 4271 inhabitato
1019 4212 1265 4288 quidem
1311 4233 1346 4273 a
1399 4215 1536 4273 Deo
1585 4213 1790 4274 Verbo
1838 4213 1916 4271 ab
1965 4210 2095 4287 ipsa
2140 4209 2203 4269 in
2245 4220 2416 4269 utero
2460 4206 2662 4268 matris

243 4305 656 4383 plasmatione,
689 4306 1022 4369 inhabitato
1061 4327 1205 4369 uero
1235 4329 1359 4369 non
1388 4309 1724 4369 secundum
1753 4326 2138 4369 communem
2167 4305 2658 4368 inhabitationem
2689 4325 2723 4379 3
2733 4322 2764 4381 5

766 4439 793 4464 “
831 4441 884 4491 S.
912 4440 1060 4491 Matt.
1084 4441 1156 4490 iii.
1188 4457 1264 4504 ¹4·
1674 4441 1709 4495 'l’
1744 4442 1797 4491 S.
1825 4441 1974 4491 Matt.
2000 4440 2067 4490 iv.
2089 4461 2142 4505 4.

513 4554 587 4602 13,
618 4551 693 4602 17,
724 4555 749 4588 2
755 4555 784 4602 3
808 4541 863 4588 ἐκ
883 4536 969 4588 τοῦ
991 4537 1139 4589 αὑτοῦ
1161 4541 1311 4601 λόγου
1522 4557 1583 4602 24
1606 4541 1777 4600 νίκηνῗ
1982 4538 2046 4588 26
2069 4538 2264 4600 ὑπερίδε
2287 4539 2408 4588 Mai

2275 4636 2486 4684 20--2
