3221 5116
423 2183 494 2251 Ῑ5

420 2745 506 2793 20

507 348 626 411 162
1146 352 1603 406 Timononus
1651 348 2237 401 MOPSUESTENUS

635 527 703 592 si
710 528 1095 611 peregrinos
1122 523 1394 608 hospitio
1425 523 1665 605 recepit.

2691 331 2797 420 [V.
2841 350 2940 407 10,

638 672 771 716 non
826 652 911 714 de
974 649 1338 733 peregrinis
1385 646 1793 732 quibuslibet
1842 646 2151 729 loquitur,
2202 646 2320 709 sed
2375 645 2460 709 de
2510 643 2820 709 fidelibus
2866 653 2941 707 et

510 756 815 821 fidelibus
854 756 965 839 qui
999 755 1226 818 uirtuti
1260 756 1594 819 studeant.

1687 753 1975 835 denique
2006 751 2241 815 uolens
2271 760 2339 814 et
2372 752 2437 815 in
2471 750 2939 833 subsequenti·

510 863 637 925 bus
696 862 902 943 ipsius
960 859 1435 942 hospitalitatis
1487 859 1778 943 speciem
1838 857 2205 940 explanare
2257 877 2460 940 quam
2509 866 2578 920 et
2638 852 2942 918 maxime

448 982 479 1048 5
511 986 626 1030 eas
655 965 900 1049 exequi
933 966 1137 1047 cupit,
1168 964 1450 1028 adiecit:

637 1099 704 1164 si
726 1110 1093 1163 sanctorum
1109 1099 1303 1180 pedes
1331 1099 1517 1163 lauit.

643 1239 778 1283 non
810 1223 824 1251 ‘
846 1219 1227 1303 peregrinos
1246 1218 1261 1245 ’
1291 1218 1597 1282 absolute
1622 1216 1814 1293 dixit,
1839 1218 1956 1281 sed
1982 1225 2248 1280 sanctos
2274 1237 2288 1294 ;
2320 1225 2394 1280 ut
2427 1218 2706 1280 suadeat
2736 1216 2940 1279 etiam

514 1326 720 1408 pedes
779 1323 985 1387 lauari
1048 1342 1278 1385 eorum
1343 1342 1512 1404 quos
1571 1321 1870 1404 hospites
1929 1320 2179 1402 recipit,
2242 1321 2630 1383 memoriam
2692 1319 2943 1383 faciens

517 1437 917 1491 sanctorum.
1007 1423 1133 1488 hoc
1165 1435 1240 1488 ut
1271 1425 1415 1508 dixi
1447 1426 1532 1488 ad
1558 1423 2015 1487 exhortandas
2039 1444 2153 1487 eas
2180 1421 2492 1505 †adiecit,
2523 1434 2598 1487 ut
2628 1426 2944 1488 ostendat

414 1552 492 1600 10
517 1531 834 1615 quoniam
893 1549 1157 1593 summa
1203 1527 1550 1610 diligentia
1596 1528 1915 1591 conuenit
1960 1547 2076 1590 eos
2146 1525 2438 1611 hospitio
2498 1526 2760 1611 recipi,*
2821 1548 2945 1592 nec

519 1636 771 1720 aliquid
803 1657 891 1699 ex
923 1636 1027 1698 his
1058 1654 1229 1718 quae
1260 1635 1345 1697 ad
1378 1633 1737 1696 honestum
1771 1633 2105 1716 pertinent
2136 1633 2532 1716 obsequium
2565 1633 2924 1719 despicere.

650 1781 715 1844 si
743 1778 1219 1844 tribulationem
1237 1777 1643 1861 patientibus
1669 1776 2219 1842 subministrauit.

656 1902 894 1964 iterum
927 1898 1313 1962 summatim
1350 1898 1416 1961 id
1447 1898 1625 1961 dixit
1653 1918 1669 1961 t

655 2044 721 2108 si
746 2064 928 2107 omne
956 2053 1110 2126 opus
1139 2041 1372 2107 bonum
1400 2042 1733 2107 subsecuta
1762 2051 1872 2106 est.

660 2167 937 2231 euidens
980 2173 1083 2228 est
1127 2164 1447 2248 quoniam
1502 2184 1624 2247 pro
1669 2165 1907 2227 uirium
1957 2164 2282 2248 qualitate
2330 2164 2459 2229 ista
2505 2163 2645 2229 fieri
2695 2168 2952 2231 suadet.

527 2282 780 2337 certum
814 2280 916 2335 est
947 2279 1172 2334 autem
1205 2290 1295 2333 ex
1326 2267 1430 2333 his
1461 2269 1657 2333 dictis
1687 2269 2005 2352 quoniam
2039 2270 2185 2334 illas
2215 2290 2387 2352 quae
2417 2269 2483 2333 in
2524 2269 2953 2334 matrimonio

530 2385 685 2440 sunt
732 2374 959 2438 fideles
1003 2373 1172 2437 tales
1216 2373 1398 2454 cupit
1443 2393 1588 2435 esse
1637 2371 1918 2456 [quales]
1974 2372 2227 2436 uiduaS.
2317 2372 2430 2454 qui
2480 2374 2657 2436 enim
2710 2372 2952 2437 uiduas

532 2479 692 2542 dicit
749 2477 903 2541 talis
963 2478 1142 2540 uitae
1201 2476 1444 2539 debere
1505 2475 1728 2554 fuisse,
1789 2496 1871 2538 eo
1943 2476 2008 2539 in
2071 2484 2373 2558 tempore
2434 2496 2570 2558 quo
2630 2485 2819 2542 erant
2880 2478 2947 2541 in

534 2582 958 2645 matrimonio
990 2580 1175 2664 paria
1207 2580 1389 2661 cupit
1422 2578 1711 2661 implere.
1792 2579 2087 2662 alioquin
2118 2581 2688 2662 quemadmodum
2719 2591 2953 2665 potue-

660 2722 856 2786 τοῦτο
893 2718 1301 2807 προσέθηκεν
1339 2719 1452 2787 ἐπὶ
1483 2719 1559 2786 τὸ
1589 2719 1797 2805 δεῖξαι
1838 2719 1944 2787 ὅτι
1980 2721 2094 2788 καὶ
2132 2720 2274 2805 μετ’
2307 2719 2683 2806 ἐπιμελείας
2717 2717 2957 2791 αὐτοὺς·

535 2822 990 2915 ὑποδέχεσθαι
1030 2823 1184 2913 χρή.

637 2981 655 3014 ι
696 2969 747 3013 et
773 2961 879 3028 (bqs
887 2960 948 3025 si)
973 2963 1080 3011 add
1096 2963 1163 3012 H

533 3043 614 3094 uel
640 3042 752 3107 (for
771 3045 844 3099 et)
867 3043 934 3091 H
946 3058 979 3091 r

536 3124 756 3189 hospitio
776 3124 843 3173 H

537 3208 687 3267 (corr)
886 3222 949 3257 πο
982 3205 1139 3256 Coisl.
1163 3220 1278 3268 204,
1300 3207 1337 3255 l.
1361 3224 1398 3257 c.

1223 3058 1267 3106 5,
1295 3057 1327 3109 9
1349 3043 1503 3092 adicit
1533 3045 1578 3093 C
1592 3059 1627 3092 r

610 3339 651 3372 1.
739 3319 1046 3386 peregn'nos]
1130 3319 1409 3384 Suggested
1490 3327 1545 3370 to
1612 3336 1704 3370 our

538 3404 806 3456 translator
841 3403 910 3468 by
948 3401 1034 3453 the
1073 3418 1254 3452 comm.
1295 3403 1371 3465 (ll.
1411 3417 1460 3459 α,
1498 3402 1581 3467 7);
1617 3404 1704 3453 the

543 3486 697 3538 Latin
729 3484 952 3536 versions
988 3500 1072 3536 are
1104 3493 1311 3536 content
1344 3485 1466 3536 with
1509 3489 1538 3515 ‘⁸
1555 3485 1698 3552 hosp.

540 3564 778 3633 recepit.''

612 3663 658 3699 α.
732 3648 792 3698 de
820 3648 1059 3714 fidelibus
1086 3655 1134 3699 et
1156 3648 1414 3714 fidelibus]
1461 3649 1570 3712 περὶ
1593 3664 1704 3698 τισ-

546 3729 781 3781 τευὸντων
837 3732 916 3781 καὶ
952 3727 1279 3780 πιστεωυσῶν
1312 3729 1392 3792 [?].
1477 3729 1556 3780 Cf.
1620 3729 1706 3779 the

547 3813 760 3877 reading
797 3814 843 3861 cl
876 3829 949 3863 τις
987 3812 1159 3862 πιστὸς
1193 3810 1224 3871 ἢ
1254 3811 1408 3872 πιστή
1441 3803 1621 3876 (insta,
1656 3829 1705 3861 v.

553 3893 655 3957 16).
724 3895 801 3944 Or
823 3893 979 3944 atrike
1019 3900 1107 3945 out
1136 3892 1319 3959 etfid..
1352 3908 1407 3942 as
1441 3909 1472 3943 a
1505 3893 1708 3944 clerical

546 3989 697 4024 error.

617 4070 661 4120 7.
714 4072 816 4106 non
845 4054 1408 4121 ‘peng'n'nos'absolutd
1441 4057 1707 4107 CtThdt.:

549 4139 657 4186 εἶτα
710 4138 846 4197 λέγει
897 4139 978 4184 καὶ
1024 4138 1171 4186 τίνας·
1229 4139 1274 4186 el
1323 4137 1505 4199 ἁγίων
1558 4135 1708 4187 πόδας

551 4218 732 4281 ἔνιψεν.

622 4311 699 4349 ιο.
765 4312 852 4347 nee
867 4295 1379 4363 aliqus‘d...despicere]
1435 4297 1516 4348 Cs.
1543 4297 1702 4348 Clem.

552 4379 697 4430 Alex.
739 4377 981 4445 (hypotyp.
1001 4379 1201 4446 fragm.
1232 4388 1315 4443 ap.
1354 4379 1537 4441 Oec.):
1569 4396 1707 4429 rovr-

555 4465 704 4519 ἐστιν,
730 4463 773 4510 et
793 4459 879 4512 τὰς
907 4462 1123 4523 ἐσχάτας
1148 4457 1408 4521 ὑπηρεσίας
1436 4462 1535 4510 τοῖς
1558 4461 1712 4523 ἁγίοις

1372 2978 1398 3012 2
1436 2969 1485 3013 et
1509 2962 1570 3012 iis
1593 2962 1678 3012 fid.
1708 2980 1740 3011 r

1020 3136 1076 3186 17
1109 3122 1796 3186 talesC*Hrlessec.H

1948 2978 1975 3026 3
2010 2962 2194 3012 uirtute
2222 2962 2268 3012 C
2287 2962 2351 3011 H
2369 2960 2377 3025 Ι
2407 2961 2638 3011 studeant
2660 2962 2728 3012 H
2925 2981 2957 3024 4

1871 3056 1898 3106 7
1933 3043 2164 3094 obsolute
2193 3045 2237 3094 C
2260 3042 2268 3107 Ι
2298 3044 2404 3093 abs.
2431 3044 2481 3093 d.
2509 3057 2613 3108 per.
2637 3042 2707 3092 H
2924 3041 2957 3089 8

1992 3126 2049 3174 18
2082 3125 2220 3190 quod
2248 3124 2326 3174 C*
2350 3125 2416 3173 H
2578 3137 2636 3188 ¹9
2670 3122 2888 3187 poterint
2918 3122 2962 3170 C

1802 3317 2192 3383 ἀνεπαισχύντως
2221 3324 2513 3383 ἐξετέλεσεν.
2583 3323 2773 3388 Origen
2796 3323 2955 3385 (tract.

1805 3405 1862 3453 in
1879 3405 2080 3470 Joann.
2107 3405 2255 3455 xxxii.
2286 3408 2334 3469 7)
2358 3405 2828 3471 characteristically
2843 3423 2961 3457 con·

1806 3487 1983 3537 demna
2026 3488 2083 3536 τὸ
2121 3483 2295 3547 στῆναι
2338 3487 2423 3535 ἐπὶ
2465 3488 2550 3535 τοῦ
2587 3487 2736 3551 ῥητοῦ
2778 3488 2830 3538 in
2874 3488 2963 3537 the

1808 3569 2184 3634 interpretation
2208 3570 2267 3619 of
2282 3569 2382 3619 this
2405 3570 2526 3619 rule.

1876 3648 1950 3700 16.
2025 3650 2142 3698 illas
2171 3666 2300 3714 quae
2332 3651 2389 3699 in
2431 3657 2599 3709 matr..
2632 3649 2749 3711 δια]
2820 3650 2962 3701 ‘Tbe

1807 3729 1954 3797 Ap.’s
1975 3731 2279 3796 description
2303 3730 2363 3780 of
2384 3730 2507 3794 boly
2531 3730 2849 3781 widowhood
2872 3730 2963 3780 im·

1807 3811 1935 3879 plies
1973 3812 2080 3862 that
2120 3812 2184 3862 he
2225 3811 2444 3877 requires
2490 3813 2575 3864 the
2609 3828 2745 3864 same
2783 3812 2966 3862 virtues

1808 3893 1860 3943 in
1883 3893 1969 3944 tbe
1991 3893 2205 3944 married
2228 3902 2384 3952 state3
2414 3893 2490 3943 sor
2516 3893 2601 3944 the
2624 3894 2806 3943 widow
2833 3893 2877 3943 is
2909 3903 2966 3944 to

1808 3974 1873 4025 be
1895 3974 2120 4025 enrolled
2143 3989 2209 4023 on
2234 3973 2319 4024 the
2340 3972 2570 4037 strength
2584 3973 2643 4023 of
2659 3987 2690 4021 a
2711 3970 2967 4022 character

1809 4056 2044 4121 acquired
2069 4056 2136 4120 by
2158 4055 2248 4105 her
2280 4055 2429 4105 while
2463 4064 2546 4119 yet
2580 4070 2612 4103 a
2641 4052 2788 4104 wife.²
2856 4054 2968 4105 The

1810 4138 2049 4189 omission
2073 4138 2132 4188 os
2145 4139 2315 4204 quales
2340 4154 2457 4203 may
2479 4139 2607 4188 have
2639 4138 2768 4187 been
2801 4139 2970 4203 owing

1812 4227 1865 4268 to
1887 4235 1917 4267 a
1939 4219 2335 4285 misconeeption
2357 4219 2417 4270 of
2432 4219 2518 4269 the
2539 4218 2660 4268 drist
2676 4218 2736 4269 of
2752 4218 2838 4269 the
2859 4234 2969 4269 sen·

1811 4306 1970 4358 teme,
2000 4314 2139 4351 more
2172 4298 2440 4365 especially
2473 4300 2531 4348 of
2553 4298 2639 4349 the
2661 4298 2826 4350 words
2855 4297 2974 4346 illas

1811 4397 1953 4445 quae.
1963 4420 1973 4430 .
1984 4380 2299 4446 ..mntfideles
2318 4381 2439 4443 [τοῖς.
2451 4420 2460 4430 .
2472 4420 2481 4429 .
2491 4380 2704 4441 mcv-dcl.
