3221 5116
561 379 646 443 34
1159 392 1165 396 >
1216 373 1675 427 THEonoRus
1722 356 2308 429 MOPSUESTENUS
2614 365 2718 450 [V.
2749 366 2990 431 6—10.

554 544 783 609 simus.
871 544 989 626 qui
1028 543 1201 608 enim
1249 543 1598 621 dormiunt,
1651 556 1825 609 nocte
1866 546 2218 625 dormiunt,
2272 559 2336 613 et
2383 551 2505 632 qui
2551 550 2986 629 inebriantur,

556 657 731 711 nocte
774 647 1193 712 inebriantur
1203 656 1247 723 ,·'
1277 669 1392 712 nos
1418 658 1652 725 autem,
1686 648 1804 731 qui
1829 648 1967 712 diei
1999 672 2242 728 sumus,
2273 652 2479 717 sobrii
2503 654 2728 732 simus,
2763 654 2993 719 induti

558 747 826 812 loricam
855 748 1029 832 fidei
1075 760 1139 812 et
1192 749 1494 813 caritatis
1540 760 1602 812 et
1643 750 1908 833 galeam
1965 753 2103 834 spei
2143 755 2397 818 salutis.
2486 757 2793 838 quoniam
2855 779 2988 821 non

544 849 771 931 posuit
798 871 912 912 nos
939 849 1121 913 Deus
1150 851 1221 914 in
1253 850 1443 928 iram,
1474 852 1592 915 sed
1617 852 1687 915 in
1709 854 2207 936 adquisitionem
2234 857 2474 920 salutis
2487 869 2614 939 per
2640 859 2986 923 dominum

500 962 530 1028 5
562 965 855 1018 nostrum
883 953 1100 1017 Iesum
1139 954 1486 1029 Christum,
1519 956 1637 1037 qui
1665 968 1957 1020 mortuus
1984 968 2081 1022 est
2091 970 2220 1041 pro
2249 960 2444 1037 uobis,
2475 971 2552 1025 ut
2589 962 2730 1025 siue
2758 962 2989 1044 uigile-

560 1084 723 1139 mus‚
754 1062 895 1125 siue
921 1059 1342 1136 dormiamus,
1374 1059 1583 1123 simul
1604 1082 1748 1123 cum
1781 1061 1893 1125 illo
1923 1061 2248 1126 uiuamus.

693 1187 1008 1251 conuenit
1031 1186 1235 1269 igitur
1255 1207 1377 1250 nos
1398 1187 1516 1250 tali
1547 1198 2003 1252 remuneratos
2031 1189 2307 1253 scientia
2329 1190 2604 1273 uigilare
2623 1200 2692 1255 et
2721 1191 2986 1255 sobrios

562 1309 706 1352 esse
747 1309 906 1373 erga
942 1288 1202 1352 illorum
1250 1289 1688 1372 diligentiam,
1717 1311 1890 1373 quae
1922 1292 2115 1354 nobis
2146 1293 2569 1356 conueniunt.
2668 1294 2756 1356 ad
2803 1292 2984 1375 [dor-

563 1391 937 1472 mien]dum
974 1390 1300 1475 [quidem]
1336 1403 1734 1457 nocturnum
1767 1404 2033 1476 tempus
2066 1396 2258 1458 nobis
2292 1398 2505 1479 magis
2547 1406 2650 1461 est
2683 1417 2986 1461 necessa-

460 1516 537 1563 10
562 1497 729 1559 rium
763 1505 831 1560 et
862 1497 950 1560 ad
981 1496 1371 1560 ebrietatem
1398 1515 1415 1573 ;
1439 1491 1668 1560 'latere
1710 1498 1887 1560 enim
1926 1499 2171 1580 poterit
2213 1498 2406 1563 facile
2438 1500 2492 1563 is
2524 1502 2637 1584 qui
2670 1502 2824 1565 talis
2856 1510 2984 1566 est.

560 1598 711 1661 illos
744 1618 901 1660 uero
932 1598 1045 1680 qui
1087 1617 1205 1679 per
1243 1599 1695 1681 cognitionem
1748 1609 2095 1683 tamquam
2139 1602 2205 1663 in
2247 1602 2358 1666 die
2405 1602 2539 1666 iam
2587 1604 2982 1678 consistunt,

559 1704 815 1768 sobrios
847 1722 989 1765 esse
1014 1701 1324 1765 conuenit
1354 1710 1421 1765 et
1446 1702 1800 1785 uigilantes
1831 1723 1988 1786 erga
2017 1704 2237 1767 studia
2269 1706 2609 1783 uirtutum,
2641 1707 2832 1789 quasi
2865 1706 2984 1789 qui

561 1816 629 1870 et
653 1805 720 1868 in
744 1803 876 1866 diei
900 1811 1201 1884 tempore
1224 1814 1716 1882 conuersantur‚
1737 1806 1803 1867 in
1829 1827 1962 1888 quo
1987 1827 2201 1888 neque
2225 1805 2431 1871 latere
2453 1828 2863 1890 quemquam
2895 1809 3004 1869 sit-

559 1907 898 1993 possibile‚
921 1908 975 1970 si
1001 1916 1225 1970 tamen
1259 1907 1508 1990 aliquid
1540 1929 1629 1971 ex
1662 1908 1787 1972 illis
1820 1929 1993 1991 quae
2024 1930 2155 1972 non
2180 1910 2586 1974 conueniunt
2617 1911 2985 1992 perfecerit.

457 2030 528 2098 15
561 2032 733 2096 quae
762 2019 917 2073 sunt
948 2018 1173 2072 autem
1205 2007 1317 2072 illa
1361 2031 1580 2091 opera,
1614 2031 1784 2092 quae
1829 2011 2020 2073 nobis
2052 2019 2126 2074 ut
2167 2013 2234 2074 in
2278 2012 2387 2074 die
2427 2010 2986 2075 conuersantibus

560 2114 1005 2199 deputemus?
1096 2113 1295 2176 fidem
1338 2115 1565 2196 inquio
1612 2124 1678 2177 et
1720 2115 2081 2189 caritatem,
2129 2137 2218 2177 ex
2273 2115 2513 2197 quibus
2565 2135 2721 2196 spes
2782 2113 2985 2177 nobis

559 2220 928 2302 adquiritur
966 2217 1236 2294 salutis;
1269 2218 1448 2300 quod
1482 2226 1548 2280 et
1581 2218 1912 2279 Dominus
1946 2217 2130 2281 Deus
2171 2240 2290 2300 per
2328 2217 2682 2297 Christum,
2714 2219 2826 2303 qui
2861 2241 2987 2302 pro

560 2323 755 2386 nobis
815 2321 1147 2402 suscipere
1207 2319 1418 2382 uoluit
1445 2349 1455 2357 ·
1479 2327 1779 2395 mortem,
1844 2318 2128 2383 salutem
2192 2320 2384 2383 nobis
2434 2321 2782 2401 praeuidit,
2843 2342 2983 2384 non

559 2442 848 2508 poenam
866 2444 883 2501 ;
932 2432 1006 2485 ut
1037 2421 1189 2484 licet
1221 2420 1585 2485 secundum
1613 2430 2030 2503 praesentem
2070 2420 2245 2485 hanc
2277 2422 2486 2485 uitam
2527 2422 2990 2485 habeamur—

659 2597 689 2644 8
738 2610 909 2644 eorum
945 2591 1059 2657 (for
1091 2593 1309 2652 illorum)
1341 2609 1373 2640 r
1399 2589 1408 2656 Ι
1436 2593 1499 2641 ad
1509 2630 1756 2643 ............
1764 2594 1882 2642 dum
1925 2594 2003 2643 C*
2028 2596 2096 2643 H
2150 2597 2214 2645 ad
2249 2597 2599 2646 dormiendum
2645 2597 2688 2646 C
2722 2611 2835 2646 corr
2877 2598 2990 2657 (but

556 2676 772 2725 without
799 2674 1073 2737 completely
1076 2673 1263 2739 filling
1278 2681 1347 2737 up
1368 2674 1449 2722 the
1467 2674 1670 2732 lacuna)
1693 2674 1755 2721 ad
1780 2675 2158 2724 custodiendum
2183 2693 2215 2723 r
2448 2691 2506 2738 ¹4
2541 2692 2675 2741 poss.
2698 2678 2760 2726 sit
2785 2694 2815 2724 r
2841 2675 2850 2741 Ι
2879 2693 2987 2727 non

562 2757 661 2824 (ast
695 2757 755 2822 si)
791 2757 895 2806 add
929 2758 971 2807 C
993 2756 1136 2822 (corr)
1170 2755 1178 2821 Ι
1205 2757 1395 2820 aliquot
1430 2756 1496 2804 H
1518 2754 1525 2819 Ι
1553 2755 1788 2820 perficere
1827 2757 1892 2804 H
2226 2755 2282 2806 16
2319 2756 2521 2821 inquam
2561 2765 2610 2806 et
2650 2773 2695 2824 οῗ
2729 2758 2797 2805 Η
2820 2758 2892 2806 ait
2929 2758 2985 2807 in

559 2857 660 2906 quo
683 2848 734 2890 et
758 2857 798 2890 c.
829 2839 1026 2903 ponit‘r
1288 2852 1344 2901 17
1381 2844 1428 2887 et
1464 2838 1600 2902 quod
1635 2847 1684 2887 et
1714 2838 1755 2886 C
1762 2837 1790 2862 ⁴*
1814 2839 1882 2886 H
2125 2839 2182 2888 18
2217 2839 2431 2902 peruidit
2462 2839 2503 2887 C
2510 2837 2537 2864 ¹*
2607 2839 2828 2903 prodidit
2863 2840 2985 2900 [εἰει

557 2921 777 2987 prouidit
798 2921 842 2983 ?]
866 2938 897 2970 r

631 3092 674 3126 1.
739 3076 834 3139 qui
883 3075 1217 3134 inebriantur,
1268 3081 1414 3135 nocte,
1458 3075 1577 3137 δια]
1650 3077 1720 3126 So
1824 3075 2086 3140 ingenious
2123 3077 2408 3141 conjecture
2453 3078 2559 3128 that
2598 3080 2672 3127 ad
2703 3080 2985 3130 ebrictatem

562 3158 778 3206 Hieron.
805 3157 882 3218 (in
906 3157 1055 3206 Abac.
1087 3156 1157 3220 ii).
1231 3157 1342 3206 The
1381 3157 1446 3206 O.
1472 3158 1529 3207 L.
1561 3173 1722 3207 seems
1831 3160 2126 3207 :aduersus
2150 3158 2303 3223 (πρὸς)
2328 3159 2425 3208 ebr.
2462 3161 2681 3224 scarcely
2712 3161 2859 3225 helps
2897 3163 2984 3212 the

560 3246 616 3288 to
659 3239 789 3287 have
832 3238 1019 3286 striven
1063 3245 1117 3286 to
1166 3237 1332 3286 reflect
1385 3238 1470 3287 the
1515 3240 1719 3288 distinc-

560 3322 669 3371 tion
715 3321 944 3370 between
998 3322 1323 3380 μεθύσκεσθαι
1374 3321 1474 3370 and
1527 3325 1719 3381 μεθύειν

561 3405 629 3468 by
646 3402 936 3465 rendering:
975 3403 1114 3466 “qui
1149 3402 1544 3461 inebriantur,
1574 3411 1721 3451 nocte

562 3485 723 3535 ebrii
767 3482 972 3544 sunt;'’
1024 3484 1109 3532 the
1165 3483 1316 3546 Vulg.
1372 3498 1484 3531 uses
1545 3483 1721 3531 “ebrii

561 3566 717 3617 sunt”
743 3567 901 3616 twice.
973 3566 1096 3630 Spei
1125 3565 1168 3613 is
1200 3565 1446 3628 probably
1468 3580 1499 3612 a
1532 3564 1629 3628 slip
1654 3581 1719 3614 on

561 3649 647 3698 the
697 3655 809 3712 part
855 3646 915 3695 of
961 3662 1052 3695 our
1106 3646 1372 3695 translator
1425 3661 1482 3694 or
1537 3646 1595 3694 of
1643 3646 1722 3695 his

565 3730 801 3795 copyist&

634 3823 677 3872 7.
748 3807 1105 3869 remuneratos]
1142 3808 1243 3856 For
1276 3824 1385 3856 exx.
1414 3807 1473 3856 os
1500 3824 1722 3857 remune-

567 3896 686 3945 rari
710 3892 880 3958 (pass.)
903 3909 987 3942 see
1007 3890 1228 3946 Ronsch‚
1252 3890 1402 3950 Itala,
1428 3908 1479 3956 p.
1508 3907 1618 3956 299.

631 3977 677 4024 8.
739 3974 811 4022 ad
842 3973 1191 4022 dormiendum
1227 3970 1445 4036 quidem]
1500 3973 1596 4022 See
1637 3989 1719 4022 vv.

563 4057 617 4107 ll.
674 4056 787 4105 The
824 4055 1009 4105 Corbie
1044 4053 1333 4103 corrector’s
1372 4053 1535 4118 filling
1576 4071 1646 4119 up
1679 4054 1721 4104 is

564 4138 822 4190 doubtless
866 4143 1071 4193 correct,
1120 4150 1175 4183 as
1222 4135 1295 4183 sar
1332 4150 1387 4184 as
1421 4135 1459 4184 it
1491 4151 1642 4199 goes;
1693 4136 1718 4184 1

562 4223 693 4272 have
728 4219 967 4268 ventured
1004 4224 1058 4265 to
1088 4213 1336 4279 complete
1359 4216 1396 4264 it
1431 4216 1497 4279 by
1532 4216 1722 4280 adding

564 4323 595 4355 a
616 4304 813 4370 quidem
836 4310 889 4350 to
913 4313 1121 4364 prepare
1144 4295 1221 4344 sor
1243 4296 1328 4345 the
1360 4313 1472 4345 uero
1492 4298 1551 4345 of
1575 4297 1605 4346 l.
1639 4313 1712 4347 11.

569 4384 967 4438 custodiendum,
1006 4381 1091 4430 the
1124 4378 1333 4442 reading
1370 4377 1429 4426 os
1462 4379 1714 4438 Rabanus,

562 4467 792 4520 stultifies
824 4466 910 4516 the
949 4478 1186 4529 passageg
1237 4462 1337 4509 and
1379 4461 1455 4509 Dr
1495 4460 1719 4523 Jacobi's

1821 3257 1976 3290 sense.
2052 3241 2149 3289 Th.
2195 3257 2368 3290 means
2413 3251 2466 3291 to
2515 3258 2630 3306 say:
2692 3243 2803 3294 “S.
2853 3244 2981 3293 Paul

1822 3322 1943 3371 does
1987 3330 2075 3371 not
2121 3321 2286 3387 plead,
2326 3328 2338 3350 ⁸
2358 3324 2561 3380 Watch‚
2600 3324 2813 3374 because
2863 3326 2902 3375 it
2938 3326 2983 3375 is

1823 3402 1908 3450 the
1932 3401 2290 3465 night-season‚
2323 3404 2470 3452 when
2493 3420 2609 3454 men
2633 3421 2717 3454 are
2738 3406 2985 3471 specially

1823 3481 2048 3544 tempted
2072 3489 2123 3530 to
2147 3482 2518 3546 intemperance
2546 3485 2646 3532 and
2670 3486 2801 3534 sloth
2821 3486 2852 3543 ς’
2889 3489 2982 3537 but

1829 3564 1842 3587 ‘
1861 3562 2059 3622 Watch,
2089 3564 2299 3613 because
2330 3582 2428 3628 you
2451 3583 2535 3615 are
2557 3568 2615 3616 of
2628 3569 2712 3616 the
2743 3570 2857 3632 day,
2879 3573 2982 3620 and

1822 3645 1872 3692 in
1912 3645 1997 3693 the
2032 3645 2251 3708 daytime
2287 3646 2657 3712 intemperance
2703 3651 2804 3699 and
2839 3652 2981 3702 sloth

1822 3743 1906 3776 are
1929 3727 2116 3791 wholly
2137 3736 2222 3777 out
2248 3728 2305 3777 of
2323 3729 2498 3794 place!
2515 3729 2545 3752 ”

1895 3808 1966 3858 16.
2000 3809 2298 3872 deputemus]
2311 3811 2726 3869 :adscribamus;
2754 3813 2983 3873 Ronsch,

1823 3889 1971 3948 Itala,
2001 3905 2048 3952 p.
2084 3890 2195 3951 358.

1891 3969 2084 4032 inquio]
2126 3970 2221 4019 See
2245 3986 2322 4019 vv.
2353 3971 2401 4020 ll.
2460 3972 2679 4036 Perhaps
2703 3990 2776 4023 we
2800 3976 2985 4026 should

1822 4048 1941 4097 read
1998 4049 2321 4114 inquit—riq»
2361 4054 2526 4101 πίστιν
2580 4056 2728 4115 φησὶν
2767 4058 2848 4104 καὶ
2893 4062 2987 4120 τὴν

1826 4131 2035 4191 ἀγάπην.

1893 4230 1969 4279 19.
2037 4222 2096 4263 ut
2109 4215 2220 4264 licet
2239 4215 2520 4272 secundum,
2545 4215 2665 4276 δια]
2698 4217 2982 4271 Lansranc:

1829 4298 2025 4346 “Amb.
2064 4298 2159 4346 ‘Et
2195 4298 2300 4346 sine
2333 4296 2629 4362 uigilemuS,'
2659 4300 2711 4347 id
2745 4309 2836 4361 est,
2876 4303 2986 4355 siue

1822 4379 2092 4428 secundum
2133 4387 2444 4441 praesentem
2477 4379 2634 4427 uitam
2670 4380 2723 4430 in
2760 4383 2984 4436 aduentu

1822 4459 2028 4509 Domini
2051 4461 2324 4509 habeamus
2347 4461 2456 4525 [leg.
2482 4462 2650 4523 -murJ,
2671 4463 2776 4513 siue
2799 4469 2985 4529 egressi
