3221 5116
444 356 574 434 284
1104 368 1564 422 Tnssonokus
1614 364 2197 422 mopsuest-nnus
2602 351 2731 439 [20‚
2763 369 2864 419 2-1.

574 540 790 620 etiam,
822 541 1068 625 frater,
1128 564 1240 628 ego
1292 545 1398 610 tui
1431 546 1658 628 fruar
1707 543 1777 609 in
1836 542 2122 607 Domino
2143 566 2175 620 ,·
2235 539 2609 625 requiescere
2647 540 2865 625 facito

448 640 724 726 [uiscera
767 667 910 709 mea
954 645 1025 709 in
1066 645 1398 732 Domino}

575 815 733 859 nam
780 795 1011 882 [quod]
1062 798 1272 863 dixit:
1314 820 1425 882 ego
1470 807 1531 863 te
1553 797 1776 881 fruar
1815 797 1887 861 in
1932 796 2234 872 Domino,
2279 816 2401 879 pro
2446 796 2862 861 adiuratione

444 899 689 981 posuit.
779 900 940 964 dicit
984 909 1212 964 autem
1257 901 1439 984 quod
1485 902 1603 965 det
1648 900 1743 963 illi
1790 901 2058 963 ueniam
2100 899 2187 963 de
2219 900 2632 982 praeteritis;
2682 904 2862 964 ‘sus-

379 1002 693 1084 scipiens
747 1022 899 1067 eum
953 1006 1360 1087 requiescere
1421 1025 1529 1069 me
1583 1003 1818 1069 facito?
1906 1024 2017 1087 ego
2070 1013 2128 1067 te
2153 1004 2375 1086 fruar
2415 1002 2484 1067 in
2529 1002 2813 1067 Domino
2831 1027 2861 1078 ,-

443 1103 571 1167 hoc
616 1115 736 1184 est,
770 1107 896 1170 ‘sic
935 1108 1210 1172 uideam
1257 1117 1326 1173 te
1372 1109 1441 1172 in
1488 1108 1801 1174 omnibus
1846 1108 1977 1172 illis
2021 1128 2197 1191 quae
2233 1107 2605 1171 secundum
2638 1106 2861 1172 Deum

442 1215 600 1270 sunt
630 1208 1002 1290 profectum
1049 1209 1411 1275 habentem
1454 1210 1839 1294 spiritalem,
1872 1210 2056 1294 quod
2105 1231 2329 1274 meum
2361 1230 2506 1274 esse
2546 1211 2862 1275 existimo

443 1308 735 1377 lucrum.’
824 1321 895 1378 et
944 1314 1102 1396 quia
1155 1314 1345 1398 larga
1402 1315 1896 1398 supplicatione
1949 1314 2232 1378 decebat
2280 1334 2517 1397 rogare
2577 1312 2857 1379 Paulum

443 1414 1013 1506 contemplatione
1085 1416 1529 1495 humilitatis„
1565 1418 1921 1482 uidebatur
1980 1427 2208 1483 autem
2264 1416 2557 1499 aliquam
2617 1416 2863 1482 habere

342 1534 421 1582 ιο
444 1519 937 1600 suspectionem
999 1530 1074 1585 ut
1147 1521 1421 1586 forsitan
1493 1522 1843 1586 Philemon
1904 1542 2037 1585 non
2100 1520 2293 1586 facile
2352 1522 2659 1585 adnuerit
2718 1522 2861 1586 eius

443 1621 879 1702 petitionibus
939 1625 1222 1709 ideoque
1287 1627 1375 1691 sit
1434 1626 1784 1710 apostolus
1843 1635 2116 1692 coactus
2176 1624 2648 1709 superabunde
2704 1645 2859 1689 eum

444 1742 731 1805 precari:

570 1912 634 1968 et
652 1904 968 1989 confidens
994 1905 1258 1988 (inquit)
1283 1904 1705 1971 oboedientiae
1723 1915 1874 1971 tuae
1896 1905 2131 1990 scripsi
2156 1904 2293 1984 tibi,
2322 1902 2526 1968 sciens
2552 1904 2860 1987 quoniam

440 2016 503 2073 et
527 2018 718 2090 super
741 2029 938 2091 quam
968 2008 1107 2073 dico
1118 2009 1349 2093 sacz‘eS.

338 2188 408 2257 15
570 2160 769 2225 ‘haec
800 2170 1025 2226 autem
1057 2163 1150 2227 sic
1182 2162 1415 2238 scribo,
1450 2181 1586 2226 non
1632 2160 1951 2226 dubitans
1996 2159 2157 2244 quin
2202 2158 2524 2224 uelociter
2565 2159 2856 2242 gratiam

440 2264 692 2329 tribuas
719 2285 736 2344 ;
783 2286 821 2331 e
849 2268 1182 2332 contrario
1213 2288 1373 2332 uero
1405 2288 1527 2331 nec
1555 2267 1964 2349 scripsissem
1996 2265 2050 2328 si
2084 2283 2217 2327 non
2241 2283 2509 2327 nossem
2541 2264 2858 2346 quoniam

443 2387 575 2431 non
629 2368 844 2433 solum
890 2367 1019 2434 hoc
1063 2369 1282 2448 sacieS,
1327 2371 1445 2435 sed
1501 2380 1570 2435 et
1615 2370 1669 2433 si
1715 2367 1966 2452 aliquid
2013 2365 2165 2449 plus
2211 2365 2700 2449 postulassem.’
2788 2366 2858 2429 in

439 2468 542 2535 his
572 2471 1090 2554 postulationem
1121 2494 1312 2538 suam
1345 2474 1711 2537 terminans
1744 2471 1986 2535 adicit:

544 2665 565 2701 1
603 2666 686 2701 me
709 2649 813 2716 (bq‘
827 2649 996 2717 facito)
1018 2652 1125 2702 add
1156 2653 1201 2702 C
1229 2653 1378 2715 (corr)
1610 2667 1640 2702 α
1675 2653 1904 2703 uiscera..
1932 2653 2160 2703 Domino
2181 2669 2259 2703 om
2288 2653 2334 2703 C
2352 2654 2419 2704 H
2653 2669 2682 2717 3
2723 2653 2860 2718 quod

439 2748 519 2783 om
546 2732 710 2784 C*H
904 2752 935 2797 4
968 2735 1035 2784 do
1059 2735 1177 2799 (for
1196 2736 1301 2796 det)
1332 2735 1408 2784 C*
1434 2752 1467 2784 r
1528 2735 1596 2786 do
1618 2735 1763 2799 ΗΠ]
1971 2750 1998 2799 5
2033 2751 2230 2785 mecum
2254 2734 2369 2800 (sor
2387 2736 2488 2797 me)
2513 2751 2545 2784 r
2752 2732 2784 2783 6
2819 2733 2861 2784 si

441 2814 561 2881 (for
591 2814 681 2880 sic)
723 2816 768 2865 C
797 2814 944 2882 (corr)
973 2814 983 2882 Ι
1013 2818 1181 2868 Deum
1215 2834 1294 2868 om
1327 2818 1396 2866 H
1419 2833 1453 2868 r
1714 2831 1741 2881 7
1777 2824 2071 2882 prouectum
2110 2817 2177 2867 H
2197 2814 2205 2882 Ι
2232 2815 2444 2867 aestimo
2486 2817 2603 2882 (for
2636 2816 2802 2878 exist.)
2842 2817 2868 2866 l

440 2912 472 2962 9
505 2898 980 2963 contemplationem
1003 2900 1072 2949 H
1283 2915 1344 2952 10
1375 2899 1708 2966 suspicionem
1739 2900 1783 2950 C
1800 2916 1833 2950 r
1856 2899 1866 2964 Ι
1895 2899 2061 2950 forsan
2090 2899 2134 2950 C
2153 2915 2186 2948 r
2383 2914 2442 2964 13
2475 2905 2549 2949 est
2575 2897 2689 2962 (Jbr
2707 2899 2778 2958 et)
2802 2897 2870 2947 H

447 2996 507 3044 ¹4
546 2982 597 3031 id
632 2982 768 3046 quod
806 2982 922 3046 (for
951 2982 1121 3047 quam)
1161 2982 1206 3032 C
1233 2998 1266 3030 r
1511 2994 1567 3045 15
1603 2997 1756 3048 quam
1794 2998 1870 3047 gr.
1908 2982 2007 3033 uel.
2049 2982 2093 3032 C
2168 2995 2285 3031 cum
2323 2980 2422 3031 uel.
2462 2996 2538 3046 gr.
2579 2996 2642 3029 r:
2689 2986 2770 3028 txt
2801 2979 2870 3028 H

447 3060 505 3112 16
538 3063 610 3113 sic
634 3064 749 3129 (for
767 3065 881 3126 nec)
906 3080 938 3112 r

438 3256 574 3307 sions
610 3256 740 3306 have
784 3258 884 3307 “et
920 3255 1186 3322 teipsum‚”
1221 3258 1320 3308 and
1360 3259 1446 3309 the
1480 3274 1598 3309 con·

433 3339 661 3405 junction
703 3339 748 3389 is
790 3338 1022 3390 reflected
1060 3340 1164 3405 just
1208 3339 1373 3390 below
1414 3339 1469 3390 in
1513 3340 1600 3392 the

438 3428 780 3486 commentary
805 3421 878 3486 (p.
906 3422 1019 3483 283,
1044 3420 1081 3471 l.
1113 3421 1213 3483 18).

510 3515 553 3550 1.
619 3502 911 3552 etiam...tui
939 3500 1446 3565 fruar1=ral...cov
1475 3502 1598 3551 ὀναί·

437 3600 548 3646 μην.
637 3583 787 3635 Latin
809 3584 1048 3641 versions.
1077 3584 1198 3633 “ita
1290 3591 1339 3633 te
1371 3583 1506 3633 fruar
1527 3601 1543 3644 ς
1563 3583 1593 3606 ”

439 3666 501 3717 cs.
523 3664 577 3716 ll.
599 3681 644 3730 3,
663 3680 707 3729 5.
736 3667 890 3731 Requ.
904 3666 1067 3730 facito
1079 3679 1104 3723 ,·
1137 3666 1203 3716 Ο.
1221 3665 1277 3715 L.
1301 3665 1400 3715 and
1420 3665 1592 3729 vulg..

441 3746 689 3799 “refice.’'
754 3748 867 3798 The
896 3748 1198 3812 concluding
1224 3747 1390 3797 words
1421 3746 1481 3797 of
1509 3747 1595 3798 the

439 3844 579 3879 verse
599 3844 683 3880 are
706 3828 928 3893 wanting
948 3828 1002 3879 in
1023 3844 1115 3878 our
1138 3828 1319 3886 MSS.;
1343 3827 1430 3877 the
1453 3843 1594 3893 repe-

438 3908 586 3961 tition
612 3909 670 3959 os
695 3909 753 3960 in
782 3911 1006 3960 Domino
1037 3909 1127 3959 has
1157 3909 1406 3974 probably
1427 3910 1509 3959 led
1541 3918 1594 3960 to

439 3994 570 4044 their
600 3993 753 4060 being
790 3995 1001 4045 omitted
1036 3995 1105 4060 by
1141 4010 1173 4044 a
1212 3993 1423 4044 careless
1462 4001 1591 4045 tran·

438 4076 641 4127 scriber.

506 4172 550 4220 3.
626 4163 725 4221 pro
750 4157 1084 4218 adiurattbne,
1123 4156 1239 4219 δια]
1304 4156 1401 4206 Th.
1436 4172 1598 4207 seems

439 4247 494 4290 to
524 4256 698 4290 mean:
745 4240 843 4290 ‘As
871 4240 1035 4304 surely
1061 4256 1116 4289 as
1147 4241 1270 4289 thou
1298 4238 1428 4289 shalt
1460 4238 1598 4289 shew

437 4320 678 4370 kindness
707 4327 761 4371 to
794 4319 1079 4380 Onesimus,
1106 4336 1164 4370 so
1194 4335 1309 4385 may
1337 4320 1454 4371 God
1482 4320 1596 4383 give

440 4418 520 4453 me
544 4401 634 4467 joy
662 4399 721 4452 of
742 4401 858 4452 thee
889 4402 941 4452 in
963 4401 1238 4466 beholding
1258 4402 1345 4467 thy
1369 4391 1609 4467 spiritual

436 4482 700 4550 progr-ess)
771 4484 882 4535 The
915 4483 1058 4534 other
1091 4483 1311 4548 patristic
1341 4497 1593 4534 commen-

1700 3267 1856 3311 tators
1899 3261 2075 3326 regard
2120 3259 2463 3319 ναὶ...ὀναίμην
2509 3272 2564 3308 as
2606 3272 2638 3307 a
2681 3255 2862 3321 simple

1699 3352 1941 3410 entreaty‚
1969 3359 2014 3394 e.
2023 3361 2073 3409 g.
2104 3344 2157 3396 S.
2182 3344 2417 3407 Jerome:
2454 3346 2487 3371 ‘⁸
2506 3340 2585 3391 ναί
2605 3341 2860 3406 quoddam

1698 3427 1840 3493 quasi
1872 3427 2163 3478 aduerbium
2204 3425 2505 3476 blandientis
2544 3423 2671 3474 est.”
2729 3422 2859 3472 Lan-

1699 3508 1838 3559 franc
1858 3509 1982 3559 cites
2010 3510 2151 3573 “pro
2180 3508 2489 3557 adiuratione
2516 3503 2737 3571 posuit,”
2758 3504 2861 3555 and

1704 3592 1740 3618 ‘⁶
1755 3591 1851 3642 hoc
1873 3599 1946 3642 est
1969 3610 1981 3642 ε
2014 3589 2085 3641 sic
2107 3587 2618 3640 uideam...lucrum.”

1770 3689 1843 3724 ιο.
1899 3670 2264 3737 suspectionem]
2319 3669 2401 3721 Cf.
2428 3680 2488 3720 11.
2512 3685 2561 3734 p.
2589 3683 2699 3726 220,
2722 3667 2758 3718 1.
2784 3665 2860 3730 16,

1699 3762 1850 3813 note;
1883 3770 1966 3804 see
1987 3770 2068 3803 w.
2085 3753 2138 3802 ll.

1769 3851 1842 3899 13.
1895 3833 2225 3899 etconfidens]
2298 3834 2379 3885 Cf.
2408 3850 2489 3883 vv.
2505 3832 2585 3891 11.;
2621 3833 2707 3884 the
2739 3848 2859 3882 con·

1691 3915 1986 3981 junctionis
2006 3916 2366 3980 unsupported.
2438 3917 2603 3978 Super
2629 3931 2782 3979 quam
2817 3915 2860 3965 is

1699 3997 1913 4062 perhaps
1951 4012 1982 4046 a
2019 3996 2308 4061 corruption
2347 3995 2406 4045 of
2448 3997 2647 4060 “super
2683 3993 2860 4060 quae”

1702 4076 1841 4141 (ὑπὲρ
1868 4075 1949 4142 ἅ);
1985 4076 2107 4139 ὑπὲρ
2135 4079 2163 4128 ὅ
2196 4078 2238 4127 is
2269 4077 2501 4127 however
2536 4075 2620 4126 the
2654 4076 2861 4140 reading

1700 4157 1759 4207 os
1791 4157 1876 4207 the
1913 4158 2057 4208 other
2096 4157 2201 4208 Gk.
2241 4163 2646 4208 commentators.
2735 4155 2858 4204 Am·

1699 4240 1845 4288 brstr.
1870 4238 1961 4287 has
1985 4243 2175 4304 “supra
2196 4254 2347 4303 quam
2364 4238 2394 4260 ’²
2420 4237 2543 4297 (like
2573 4243 2858 4300 postquam,

1697 4320 1831 4380 δια),
1864 4320 1965 4370 and
2002 4330 2153 4385 super
2192 4336 2346 4385 quam
2386 4336 2500 4384 may
2539 4319 2603 4369 be
2642 4334 2673 4368 a
2711 4318 2857 4368 remi-

1698 4404 1926 4452 niscence
1948 4401 2006 4451 of
2023 4401 2123 4452 this
2145 4402 2426 4466 rendering.
