3221 5116
545 368 631 435 70
1199 372 1657 423 THEODORUS
1704 372 2290 426 MOPSUESTENUS

2704 364 2784 449 [1-
2818 380 2875 446 3,
2904 382 2966 446 4

541 538 660 602 sed
707 548 783 604 ut
826 541 1054 605 omnia
1098 563 1220 625 pro
1262 542 1375 607 illa
1416 543 1663 610 faceret
1701 545 2148 611 sollicitudine
2197 568 2400 631 quam
2446 571 2606 633 erga
2649 551 2962 617 ecclesias

541 641 671 706 Dei
703 644 1087 726 expendere
1119 644 1332 712 fuerat
1362 649 1728 714 ordinatus,
1798 650 1883 714 de
1907 651 2148 733 quibus
2180 652 2384 717 etiam
2416 654 2726 718 omnibus
2759 657 2960 740 scrip-

526 745 704 839 *sisse
734 747 998 811 uidetur
1026 749 1112 812 ad
1144 770 1296 814 eum
1328 751 1395 814 in
1428 750 1775 834 epistola*

667 860 821 914 sunt
869 862 1096 916 autem
1139 874 1372 920 sensus
1415 857 1551 922 duo
1593 858 1937 941 complexi
1981 858 2109 922 sibi
2151 859 2455 937 inuicem,
2501 861 2718 944 primo
2758 880 2956 926 sensu

476 953 905 1037 5secundum
956 955 1517 1024 exclamationem
1573 962 1937 1045 inperfecte
1997 982 2334 1045 expresse,
2390 971 2465 1027 ut
2522 964 2643 1027 tali
2702 965 2957 1029 ratione

540 1058 742 1121 etiam
775 1077 983 1120 unum
1014 1072 1159 1124 es'se
1203 1064 1384 1146 quod
1428 1066 1683 1129 dictum
1724 1075 1828 1128 est
1858 1066 2212 1132 uideretur.
2302 1066 2447 1130 uult
2490 1068 2669 1130 enim
2702 1067 2957 1132 dicere:

538 1163 744 1226 ‘sicut
789 1171 857 1226 te
894 1167 1141 1246 rogaui,
1188 1168 1631 1234 Macedoniae
1667 1171 2106 1253 proficiscenS,
2156 1180 2230 1235 ut
2278 1171 2638 1235 sustineres
2685 1170 2955 1253 Ephesi,

536 1266 954 1348 diligentiam
988 1268 1115 1332 illis
1146 1270 1472 1336 adhibens
1514 1274 1628 1356 qui
1680 1273 1798 1336 illo
1840 1282 2037 1350 sunt;
2079 1272 2260 1355 quod
2292 1283 2361 1336 et
2391 1272 2609 1350 sacit0,
2642 1276 2952 1338 commis-

535 1391 684 1434 sum
735 1373 855 1436 tibi
904 1394 1072 1455 opus
1121 1376 1508 1457 expediens,
1564 1386 1633 1441 et
1682 1379 1910 1442 omnia
1958 1377 2237 1441 sollicite
2286 1377 2571 1460 implens
2631 1399 2806 1460 quae
2865 1379 2950 1441 ad

431 1492 509 1539 10
533 1493 958 1539 communem
984 1476 1345 1559 ‘pertinent
1397 1478 1910 1546 correctionem!
1998 1479 2125 1544 hoc
2169 1480 2368 1563 igitur
2411 1490 2529 1557 est,
2576 1480 2759 1564 quod
2807 1481 2952 1546 uult

531 1579 904 1663 significare
955 1601 1074 1663 per
1122 1581 1284 1645 illud
1345 1582 1527 1665 quod
1578 1583 1800 1650 dixit:
1863 1584 2033 1647 sicut
2075 1583 2315 1666 rogaui
2355 1592 2413 1646 te
2473 1592 2550 1646 ut
2605 1584 2952 1649 sustineres

528 1684 784 1767 Ephesi,
830 1705 975 1747 cum
1025 1686 1185 1749 irem
1239 1686 1309 1750 in
1358 1686 1816 1752 Macedoniam
1840 1713 1871 1764 ,·
1936 1689 2118 1772 quod
2163 1697 2231 1752 et
2281 1687 2642 1771 inperfecte
2693 1689 2950 1753 dictum

527 1810 672 1854 esse
716 1788 1038 1865 adstruxi,
1085 1789 1286 1854 beato
1334 1790 1541 1854 Paulo
1593 1802 1911 1856 consuete
1972 1792 2230 1856 nullum
2292 1792 2595 1874 loquelae
2653 1792 2949 1857 studium

524 1893 902 1969 adhibente,
950 1893 1113 1956 illud
1163 1904 1388 1958 autem
1435 1896 1614 1976 quod
1664 1895 1788 1958 sibi
1837 1895 2188 1959 uidebatur
2233 1915 2354 1979 pro
2414 1915 2533 1957 sua
2580 1895 2831 1958 uirtute
2876 1907 2951 1960 ut

419 2017 490 2082 15
523 2005 788 2080 poterat
827 1997 1224 2079 explicante.
1316 2020 1472 2063 nam
1524 2021 1647 2064 nec
1679 2000 2101 2083 disciplinam
2131 1998 2400 2062 dicendi
2432 1999 2795 2075 studuerat,
2830 2000 2949 2063 sed

528 2122 649 2166 nec
680 2121 801 2183 pro
842 2099 969 2164 hoc
1010 2103 1306 2166 studium
1347 2104 1869 2171 adcommodare
1909 2105 2315 2168 conueniens
2356 2104 2482 2167 sibi
2524 2124 2668 2168 esse
2709 2104 2948 2169 existi·

525 2206 772 2271 mahat.
863 2205 1105 2272 deinde
1135 2207 1370 2270 adicit:
1400 2218 1476 2270 ut
1503 2208 1918 2272 denuntiares
1945 2207 2334 2290 quibusdam
2365 2217 2433 2269 et
2475 2207 2726 2290 reliqua
2752 2229 2767 2285 ;
2815 2208 2946 2273 hoc

524 2312 753 2374 dicens
804 2310 985 2392 quod
1038 2309 1147 2374 uel
1206 2312 1503 2374 maxime
1557 2321 1715 2374 ante
1775 2311 2003 2374 omnia
2062 2331 2214 2373 eum
2262 2330 2612 2392 procurare
2657 2311 2950 2378 uolebat.

525 2415 686 2499 quid
720 2434 878 2497 ergo
911 2414 1074 2478 illud
1109 2415 1260 2478 est?

1349 2421 1364 2446 ‘
1388 2415 1543 2477 uolo
1575 2423 1644 2477 te
1687 2414 1953 2498 (inquit)
2002 2423 2159 2477 ante
2200 2414 2426 2476 omnia
2463 2424 2538 2476 ut
2580 2412 2950 2480 dehorteris

417 2538 502 2587 20
528 2519 676 2584 illos
726 2519 839 2602 qui
893 2518 959 2584 in
1021 2517 1298 2584 ecclesia
1350 2519 1481 2582 alia
1528 2518 1808 2600 cupiunt
1859 2518 2099 2581 docere
2149 2528 2615 2600 praeterquam
2677 2518 2950 2602 pietatis

530 2701 890 2770 κατέλιπεν
935 2700 1132 2769 αὐτὸν
1184 2702 1253 2768 ἐν
1296 2700 1580 2789 Ἐφέσῳ,
1629 2700 1814 2766 ἀλλὰ
1858 2699 1970 2766 καὶ
2032 2699 2260 2781 πάσης
2311 2699 2777 2784 ἐπιμελεῖσθαι
2836 2702 2954 2781 τῆς

531 2811 1092 2890 ἐκκλησιαστικῆς
1135 2805 1629 2884 καταπόσεως,
1673 2803 1829 2892 περὶ
1871 2801 1949 2886 ἧς
1994 2801 2176 2890 αὐτῷ
2222 2802 2334 2869 καὶ
2376 2803 2811 2891 γεγράφηκεν.

633 3011 661 3060 5
698 2995 969 3060 inperfecto
992 2995 1055 3046 H

539 3082 583 3131 C
662 3079 713 3129 in
755 3078 896 3127 illum
935 3078 1003 3126 H
1006 3093 1040 3125 r

541 3162 599 3211 18
634 3166 802 3209 autem
827 3156 949 3222 (sor
968 3153 1104 3219 enm)
1132 3156 1175 3206 C
1195 3172 1227 3205 r

543 3336 617 3387 15,
646 3321 721 3372 16.
788 3322 899 3372 The
933 3320 1036 3371 Gk.
1060 3321 1152 3371 has
1185 3321 1313 3371 been
1343 3330 1485 3386 cropt
1518 3322 1585 3385 by
1607 3321 1695 3371 the

537 3405 777 3465 catenist;
815 3402 1079 3467 originally
1108 3402 1146 3452 it
1176 3418 1290 3470 may
1319 3403 1448 3452 have
1478 3417 1595 3452 run:
1642 3400 1696 3451 οὗ

537 3493 638 3554 γὰρ
656 3490 887 3552 βούλεται
918 3486 1076 3535 εἰπεῖν
1101 3486 1225 3534 κατὰ
1254 3486 1309 3535 τὸ
1340 3486 1597 3548 πρόχειρον
1621 3486 1696 3534 ὅτι

540 3572 871 3635 παρεκάλεσεν
910 3568 1057 3617 αὑτὸν
1087 3570 1375 3630 προσμεῖναι
1411 3570 1467 3617 ἐν
1498 3564 1698 3629 Ἐφέσῳ

540 3655 618 3703 ἵνα
641 3653 955 3715 παραγγείλῃ
982 3650 1110 3699 τισὶν
1137 3648 1206 3710 μὴ
1236 3650 1693 3713 ἑτεροδιδασκαλεῖν·

542 3731 598 3785 οὐ
621 3736 720 3798 γὰρ
742 3734 822 3782 διὰ
841 3732 986 3781 τοῦτο
1006 3730 1150 3790 μόνον
1172 3729 1443 3786 κατέλιπεν,
1479 3732 1623 3779 eta-‚L

607 3835 656 3879 4.
734 3829 903 3863 sensus
964 3812 1064 3862 duo
1123 3811 1358 3876 complexi
1410 3811 1508 3860 szbi
1566 3810 1700 3872 inm]

542 3895 762 3957 νοήματα
792 3897 876 3945 δύο
910 3889 1326 3956 συμπεπλεγμένα
1356 3890 1601 3953 ἀλλὴλοις,
1641 3909 1701 3942 οι·

544 3981 629 4030 the
660 3980 796 4038 like;
842 3996 926 4030 see
956 3991 993 4029 1.
1030 3996 1079 4045 p.
1110 3979 1179 4030 xl.
1252 3978 1352 4029 For
1382 3979 1693 4042 complectere,

543 4063 609 4114 cs.
636 4062 857 4122 Ronsch,
885 4062 1036 4119 Itala,
1060 4078 1116 4127 p.
1141 4077 1252 4125 300.

603 4147 770 4209 primo
811 4160 956 4193 sensu
989 4160 1073 4193 sec.
1110 4142 1534 4201 exclamationem]
1586 4142 1699 4191 The

547 4225 783 4289 meaning
849 4239 1009 4274 seems
1065 4232 1119 4273 to
1169 4224 1234 4273 be
1291 4223 1398 4272 that
1449 4221 1535 4272 the
1593 4222 1697 4286 Ap.

546 4310 639 4359 has
671 4307 839 4358 mixed
873 4323 942 4372 up
981 4314 1082 4356 two
1116 4306 1405 4363 directions,
1444 4304 1515 4368 (ι)
1545 4306 1701 4356 καθὼς

547 4388 861 4449 παρεκάλεσά.
893 4404 950 4437 σε
983 4389 1268 4450 προσμεῖναι
1300 4388 1355 4436 ἐν
1379 4385 1455 4436 'Et
1495 4403 1603 4449 πορ.
1638 4386 1702 4434 εἰς

551 4471 603 4519 Μ
629 4509 641 4531 ,
693 4468 864 4533 [οὕτως
919 4469 1081 4531 tolet}
1131 4468 1201 4532 (α)
1248 4470 1568 4531 παράγγελλε
1601 4467 1699 4530 (tva

1257 2996 1288 3044 8
1326 2994 1428 3043 illic
1451 2992 1515 3059 νΙ
1547 2992 1693 3042 facite
1709 3009 1749 3041 ‘r

1253 3090 1311 3139 ¹⁴
1343 3076 1667 3126 adhibentem
1702 3091 1736 3123 r

1960 3007 1978 3041 ι
1988 3007 2016 3054 3
2051 2998 2317 3040 consuetae
2339 3008 2372 3039 r
2398 2989 2407 3056 Ι
2435 2992 2559 3041 illud
2591 2992 2707 3056 (for
2736 2992 2953 3052 nullum)

1951 3087 2008 3137 ¹5
2044 3074 2292 3138 explicare
2325 3074 2395 3124 H
2598 3086 2653 3137 17
2704 3074 2888 3124 adiecit
2924 3090 2958 3124 r

1799 3315 2183 3381 παραγγείλῃς),
2219 3320 2366 3369 uta-A.
2439 3318 2551 3368 The
2588 3318 2693 3369 first
2732 3319 2792 3369 of
2814 3320 2957 3371 these

1795 3411 2057 3451 sentences
2101 3399 2144 3449 is
2177 3399 2265 3450 lest
2311 3400 2633 3465 incomplete,
2693 3401 2819 3452 after
2867 3403 2955 3453 the

1796 3498 2006 3534 manner
2027 3481 2084 3532 of
2107 3498 2172 3531 an
2206 3480 2538 3532 exclamation
2576 3480 2704 3546 (κατ’
2740 3484 2956 3544 ἐκφώνη·

1797 3567 1926 3627 mm
1960 3565 2058 3614 and
2085 3580 2140 3614 as
2160 3567 2200 3615 it
2222 3564 2411 3621 stands,
2436 3564 2474 3614 it
2508 3580 2668 3614 seems
2692 3571 2746 3614 to
2774 3566 2901 3615 form
2926 3583 2958 3617 a

1796 3655 1909 3712 part
1944 3646 2003 3697 of
2027 3645 2112 3696 the
2143 3661 2280 3695 same
2310 3645 2477 3695 clause
2512 3646 2635 3696 with
2666 3646 2753 3696 the
2787 3648 2955 3699 words

1796 3729 1875 3777 ἵνα
1918 3728 2272 3791 παραγγείλῃς,
2318 3727 2482 3776 which
2535 3727 2690 3793 really
2727 3728 2881 3793 begin
2924 3745 2958 3779 a

1795 3809 1925 3859 fresh
1950 3810 2050 3859 and
2075 3809 2414 3874 independent
2436 3809 2646 3874 subject.

1867 3905 1914 3955 7.
1980 3890 2302 3941 blandoniae
2343 3890 2674 3955 prqficiscens]
2707 3886 2715 3893 ’
2745 3893 2957 3957 Jacobi:

1804 3974 1840 3998 ‘⁸
1855 3972 2062 4022 sortasse
2091 3972 2359 4037 legendum
2382 3980 2456 4021 est
2482 3971 2540 4020 in
2561 3973 2957 4027 Macedoniam?

1799 4053 1880 4105 Cs.
1904 4053 2136 4104 however
2162 4066 2219 4105 11.
2247 4069 2300 4119 p.
2331 4069 2373 4114 1,
2401 4052 2435 4104 1.
2469 4068 2546 4110 10,
2565 4061 2703 4114 note.

1869 4151 1943 4200 13.
2020 4135 2627 4197 adsmm]=adfirmaui;
2652 4136 2714 4186 cs.
2741 4137 2823 4188 De
2847 4138 2953 4200 vit,

1797 4233 1834 4268 s.
1863 4233 1910 4269 v.
1979 4215 2200 4267 Nullum
2211 4229 2235 4274 ;
2272 4232 2355 4266 see
2387 4232 2469 4265 vv.
2497 4216 2550 4267 11.
2621 4216 2733 4266 The
2765 4233 2959 4270 correc-

1801 4300 1910 4351 tion
1949 4301 1991 4351 is
2025 4299 2304 4364 absolutely
2342 4298 2571 4365 required
2609 4301 2677 4364 by
2711 4300 2799 4352 the
2837 4317 2956 4352 con·

1803 4390 1932 4442 text;
1966 4398 2135 4449 comp.
2159 4389 2277 4432 next
2300 4388 2434 4432 note.

1875 4479 1944 4528 15.
1993 4481 2113 4514 nam
2138 4481 2222 4515 nec
2240 4463 2704 4528 disczsplinam...sed
2720 4481 2821 4527 nec,
2842 4466 2961 4528 δια]
