3221 5116
305 392 393 456 II.
438 393 733 474 15--IIL
769 393 853 477 2.]
1167 381 1404 457 IN'EP.
1450 407 1554 457 AD
1599 405 1862 459 ‘rm-um,
2593 406 2710 472 231

431 580 585 645 haec
609 580 856 665 loquere
882 589 948 645 et
971 581 1234 660 obsecra,
1264 591 1329 645 et
1353 601 1560 664 argue
1587 601 1734 644 cum
1763 579 1947 643 omni
1973 576 2254 663 imperio,

434 730 645 808 ‘quae
687 747 846 810 ergo
892 724 1058 790 haec
1101 746 1174 790 se
1225 725 1478 789 habent
1528 726 1658 789 ista
1704 725 1929 801 dicito,
1979 725 2109 787 ista
2160 726 2344 800 doce,
2396 742 2611 805 neque
2662 723 2717 785 si

301 849 471 912 opus
517 830 601 892 sit
648 850 922 914 arguere
979 830 1272 914 grauiter
1332 828 1594 893 dubites
1657 849 1771 892 eos
1825 827 1937 910 qui
1983 827 2179 891 dictis
2227 827 2330 889 his
2384 846 2520 890 non
2569 846 2717 889 sua-

301 936 581 1001 dentur.'
670 944 740 998 et
783 933 940 1016 quia
986 932 1441 996 diffidentibus
1486 931 1663 995 dixit
1704 951 1871 1012 quos
1918 950 2070 993 cum
2119 929 2397 1012 imperio
2443 949 2719 1012 arguere

303 1049 609 1122 oportere
640 1038 837 1117 dixit,
871 1037 1113 1100 adiecit
1142 1061 1156 1100 ε
2791 1049 2823 1117 5

437 1214 617 1257 nemo
647 1202 704 1257 te
730 1200 1140 1274 contempnat.

439 1325 907 1401 ‘contempnat
929 1338 1091 1382 uero
1114 1327 1182 1381 te
1206 1337 1404 1380 nemo
1435 1315 1668 1401 (dicit),
1693 1316 1747 1379 si
1778 1325 1847 1379 et
1876 1313 2074 1378 ualde
2104 1314 2191 1378 sit
2226 1311 2462 1395 aliquis
2493 1310 2721 1388 ferox3

306 1425 424 1490 sed
483 1433 560 1489 ut
621 1411 862 1506 arguas
923 1443 1076 1486 eum
1137 1430 1544 1505 peccantem,
1596 1422 1692 1484 ita
1751 1430 1977 1484 autem
2026 1429 2099 1484 ut
2145 1418 2331 1482 illum
2375 1413 2718 1500 arguendo

292 1534 296 1538 “
307 1527 586 1610 pudicos
616 1548 695 1591 ac
725 1526 978 1591 sobrios
1010 1536 1078 1591 et
1106 1536 1325 1590 castos
1356 1526 1520 1589 alios
1550 1524 1895 1589 instituas.'

436 1697 751 1741 commone
807 1698 909 1742 eos
967 1676 1373 1760 princzjoibus
1432 1685 1495 1739 et
1542 1673 1967 1758 potestatibus
2021 1673 2308 1739 subditos
2353 1691 2499 1750 esse,
2555 1668 2722 1735 dicto
2755 1688 2835 1737 10

304 1779 652 1845 audientes.
2499 1783 2506 1796 ¹

440 1910 803 1975 necessarie
843 1918 999 1992 post
1044 1917 1412 1973 ceterorum
1462 1908 1834 1972 doctrinam
1889 1907 2131 1972 adiecit
2182 1905 2365 1990 quod
2414 1914 2722 1990 oporteat

307 2037 422 2081 eos
468 2016 668 2079 etiam
716 2013 844 2077 illis
887 2014 1002 2096 qui
1050 2012 1417 2076 secundum
1464 2021 1883 2096 praesentem
1930 2014 2141 2076 uitam
2194 2012 2260 2074 in
2309 2008 2722 2075 sublimitate

256 2203 267 2212 ο
309 2119 601 2202 quadam
631 2126 789 2182 sunt
822 2117 1222 2200 dignitatum
1255 2118 1559 2181 subditos
1589 2138 1755 2196 esse,
1787 2117 2331 2200 obtemperantes
2362 2114 2446 2177 de
2477 2111 2720 2195 quibus

312 2226 640 2307 imperant
670 2242 791 2305 pro
821 2221 1157 2284 communi
1202 2228 1383 2283 statu
1415 2229 1482 2282 et
1513 2219 1844 2296 utilitate3
1889 2240 1970 2283 eo
2015 2219 2197 2301 quod
2243 2215 2436 2280 multi
2467 2215 2719 2278 bonum
2755 2220 2827 2289 15

310 2329 468 2411 quid
504 2327 718 2391 facere
747 2347 818 2389 se
850 2326 1239 2389 existimant
1270 2326 1323 2388 si
1355 2332 1837 2406 contempnant
1868 2344 1981 2386 eos
2004 2323 2119 2405 qui
2141 2322 2507 2386 secundum
2533 2338 2720 2401 prae-

308 2440 567 2494 sentem
616 2432 822 2492 uitam
869 2447 1175 2511 praeesse
1220 2426 1453 2490 ceteris
1492 2427 1816 2503 uidentur,
1849 2434 1918 2490 et
1954 2426 2252 2490 maxime
2292 2425 2563 2512 quando
2599 2425 2723 2488 im-

309 2534 627 2618 pietatem
674 2532 1015 2617 quandam
1060 2531 1345 2615 praediti
1390 2552 1535 2596 esse
1574 2532 1900 2596 uidentur.
1990 2530 2234 2595 deinde
2272 2529 2433 2594 dicit
2464 2548 2578 2593 eos
2608 2526 2723 2611 qui

311 2638 543 2720 pietati
574 2636 841 2700 studere
870 2636 1147 2718 cupiunt
1178 2635 1262 2698 de
1294 2635 1536 2718 quibus
1565 2642 1876 2717 oporteat
1915 2633 2161 2698 habere
2189 2632 2726 2710 sollicitudinem,

313 2762 448 2804 non
496 2751 723 2805 tamen
768 2740 1153 2803 existimare
1194 2739 1444 2821 aliquid
1494 2739 1652 2802 boni
1696 2759 1840 2802 esse
1880 2738 1935 2801 si
1979 2738 2179 2801 iidem
2217 2745 2450 2801 contra
2481 2736 2724 2801 alteros
2752 2755 2838 2802 20

313 2845 497 2910 litem
532 2853 890 2909 exerceant
920 2852 1038 2908 aut
1068 2844 1514 2908 contendant:

441 2999 539 3063 ad
573 3019 756 3063 omne
787 3008 941 3081 opus
980 2998 1211 3063 bonum
1238 3007 1515 3082 paratos
1556 3019 1702 3075 esse,
1748 2995 2065 3060 neminem
2110 2993 2558 3078 blasphemare,
2600 3013 2728 3055 non

310 3102 624 3187 litigiosos
658 3124 789 3167 esse
835 3104 955 3167 sed
985 3103 1313 3180 modestos,
1341 3123 1591 3167 omnem
1632 3101 2021 3166 ostendentes
2050 3097 2609 3163 mansuetudinem
2639 3095 2738 3158 ad

312 3227 529 3270 omnes
555 3205 859 3270 homines.

447 3339 463 3367 ‘
487 3352 609 3396 nec
647 3332 824 3395 enim
873 3330 1137 3395 uirtutis
1182 3340 1298 3395 aut
1336 3330 1701 3397 industriae
1742 3339 1844 3395 est
1886 3339 1961 3395 ut
2005 3331 2304 3396 dicentes
2344 3342 2575 3398 contra
2615 3354 2730 3398 eos
2760 3354 2795 3400 2
2806 3349 2836 3417 5

418 3528 438 3561 1
478 3526 592 3561 eum
616 3510 866 3575 (bqfcum)
889 3510 994 3559 add
1015 3511 1058 3560 C
1065 3509 1092 3537 ⁴⁵
1118 3511 1187 3561 H
1307 3527 1335 3561 α
1370 3526 1577 3576 arguere
1599 3518 1801 3577 oportet
1825 3512 1931 3577 (bd
1938 3528 2067 3578 quae
2084 3510 2221 3578 ergo)
2244 3513 2351 3563 add
2371 3514 2416 3563 C
2438 3512 2447 3578 Ι
2476 3515 2733 3579 quomodo

310 3593 428 3659 (for
446 3592 592 3659 quae)
618 3610 651 3642 r
672 3595 683 3657 Ι
712 3593 957 3645 habentur
981 3594 1024 3643 C
1040 3595 1188 3656 (corr)
1218 3591 1227 3658 Ι
1256 3592 1372 3644 dico
1393 3602 1469 3644 tot
1493 3595 1608 3659 (for
1625 3595 1802 3655 dicito)
1830 3595 1908 3646 C*
1976 3595 2092 3645 dico
2115 3604 2167 3646 tu
2191 3613 2224 3645 r
2478 3612 2507 3659 3
2540 3597 2584 3645 si
2605 3612 2732 3661 opus

309 3692 388 3725 om
410 3677 478 3726 H
664 3695 695 3739 4
728 3678 1004 3727 suaduntur
1030 3678 1073 3727 C
1080 3676 1110 3704 ⁴*
1134 3678 1203 3728 H
1218 3677 1303 3739 [cf.
1332 3690 1366 3727 1.
1396 3693 1446 3743 p.
1477 3691 1587 3741 254,
1617 3677 1652 3726 l.
1679 3693 1743 3727 20
1766 3679 1868 3739 (vv.
1891 3676 1992 3742 ll.)]
2021 3677 2029 3742 Ι
2058 3686 2175 3743 etq:
2219 3680 2289 3728 H
2465 3690 2492 3739 5
2527 3678 2679 3728 adicit
2704 3695 2737 3727 r

317 3772 342 3820 7
378 3766 432 3807 ut
457 3756 564 3822 (bes
569 3760 910 3823 contempnat)
930 3760 1035 3808 add
1040 3776 1075 3809 r
1220 3762 1250 3809 8
1282 3759 1372 3808 sed
1393 3766 1450 3809 ut
1472 3775 1650 3824 arguas
1671 3760 1759 3809 sed
1782 3767 1838 3809 ut
1859 3775 1965 3823 arg.
1980 3760 2045 3809 H
2064 3756 2072 3823 Ι
2102 3767 2187 3810 aut
2210 3759 2323 3822 (for
2341 3760 2526 3819 autem)
2547 3760 2626 3811 C*
2644 3761 2733 3810 H:

311 3854 391 3888 om
423 3838 466 3887 C
488 3837 633 3902 (corr)
830 3855 861 3904 9
894 3841 1020 3890 alios
1040 3856 1118 3890 om
1140 3840 1209 3889 H
1431 3853 1493 3889 ιο
1523 3841 1742 3889 admone
1764 3839 1880 3904 (for
1898 3840 2180 3903 commone)
2201 3857 2235 3890 r
2436 3857 2491 3891 11
2529 3841 2733 3892 obedire

314 3914 431 3980 (for
444 3916 720 3981 audientes)
738 3932 770 3965 r
949 3934 1007 3969 12
1041 3919 1321 3970 necessario
1335 3919 1666 3984 posteriorum
1684 3918 1797 3985 (sor
1809 3920 2083 3970 necessarie
2105 3928 2218 3985 post
2243 3920 2359 3984 eet.)
2381 3937 2415 3970 r
2590 3938 2649 3983 14
2682 3929 2733 3971 et

315 3997 424 4063 (bes
431 3999 679 4063 obtemp.)
701 4000 806 4048 add
820 4016 853 4049 r
986 4012 1040 4062 15
1078 4002 1357 4051 communis
1378 4002 1448 4051 H
1572 4003 1631 4051 18
1666 4001 1846 4065 perditi
1871 4000 1984 4065 (for
2001 4002 2198 4065 praed.)
2223 4016 2255 4049 r
2374 4017 2439 4052 20
2473 4001 2606 4052 idem
2630 4003 2696 4052 H
2704 4018 2738 4052 r

318 4095 379 4129 αι
415 4095 542 4144 opus
562 4095 641 4128 om
663 4096 696 4128 r
862 4094 923 4143 25
958 4082 1357 4133 contradicentes
1377 4088 1552 4131 contra
1573 4097 1661 4132 eos
1682 4096 1789 4131 esse
1812 4082 1931 4146 (sor
1947 4079 2339 4145 dicentes...eos)
2378 4082 2424 4131 C
2455 4084 2602 4145 (corr)

385 4264 427 4314 7.
500 4257 1163 4319 contempnat...pcccantem]
1245 4255 1392 4306 Cited
1410 4257 1479 4321 by
1580 4253 1691 4304 dire
1704 4252 1755 4315 ;-”
1778 4254 2045 4313 Ambrstr„
2073 4252 2261 4303 “dicto
2277 4253 2481 4304 obedire
2495 4251 2541 4314 ;’'
2557 4253 2731 4304 Sedul.

324 4334 589 4384 Lansranc.
1582 4338 1744 4394 Scot.,
1768 4341 1800 4364 ‘⁴
1819 4336 1955 4385 dicto
1977 4336 2322 4386 obedientes.”

388 4431 464 4466 ιο.
530 4416 798 4480 commone]
862 4417 1012 4467 Latin
1052 4420 1292 4478 versinus,
1335 4426 1366 4449 ‘⁸
1386 4422 1474 4470 ad·
1650 4438 1727 4486 14.
1794 4420 1853 4470 de
1883 4420 2060 4485 quibus
2096 4419 2366 4486 imperant]
2416 4420 2525 4481 περὶ
2566 4418 2628 4468 ὧν
2658 4438 2732 4469 κε·

314 4496 514 4549 mone.'’
594 4497 741 4547 Dicto
761 4500 1044 4555 audz‘entes;
1090 4501 1261 4565 Vulg.‚
1306 4503 1472 4551 “obe-
1574 4498 1815 4552 λεύουσιν.
