3221 5116
316 365 367 431 1.
413 366 533 451 17.]

1037 380 1120 429 IN
1170 380 1274 433 ΕΡ.
1320 380 1422 431 AD
1470 378 1934 431 ΤιΜοτΗΕυΜ
1985 380 2028 430 1.
2657 344 2730 426 81

446 549 593 634 regi
632 561 849 614 autem
895 552 1293 615 saeculorum
1344 552 1723 636 incorrupte,
1778 551 2108 616 inuzlribili
2162 550 2288 614 soli
2335 549 2488 625 Dee,
2541 547 2745 612 honor

308 665 374 717 et
390 655 615 737 gloria
646 654 715 718 in
744 656 997 719 saecula
1025 657 1442 721 saeculorum.

1531 677 1736 721 amen.

443 781 573 846 hoc
595 791 729 845 est:
759 778 829 861 †‘
847 803 968 863 pro
991 783 1302 846 omnibus
1334 784 1526 846 bonis
1559 783 1743 845 illum
1779 780 2031 845 laudari
2067 782 2312 845 iustum
2335 789 2435 844 est
2460 800 2500 843 a
2526 780 2734 856 nobiS,

311 886 426 968 qui
474 895 811 949 tantorum
844 886 1038 948 nobis
1070 886 1396 949 bonorum
1430 896 1662 949 auctor
1692 887 1999 949 extitisse
2031 884 2327 951 uidetur.’
2396 895 2622 947 tamen
2669 893 2737 947 et

310 987 585 1070 hymnis
639 987 892 1052 nullum
955 1010 1200 1053 nomen
1263 989 1567 1054 absolute
1630 992 1867 1073 posuit,
1930 991 2046 1053 sed
2112 994 2125 1021 ‘
2150 987 2407 1071 regem'
2462 987 2734 1070 quidem
2812 998 2844 1064 5

314 1092 808 1157 ‘saeculorum'
861 1095 1131 1157 uocauit
1187 1095 1427 1169 Deum,
1491 1107 1765 1178 propter
1812 1094 2179 1157 futurorum
2231 1093 2732 1167 aeternitatem3

311 1196 948 1279 ‘incorruptibilem’
1003 1219 1163 1263 uero
1222 1198 1416 1275 dixit,
1478 1207 1752 1282 propter
1812 1198 1992 1261 illam
2048 1196 2733 1279 incorruptibilitatem

310 1319 515 1381 quam
549 1301 740 1364 nobis
778 1304 1013 1366 adesse
1056 1314 1497 1385 expectamus
1518 1327 1534 1383 ;
1578 1300 2051 1367 ‘inuisibilem'
2083 1322 2243 1364 uero
2280 1303 2393 1377 ait,
2427 1322 2507 1363 eo
2549 1300 2732 1383 quod

312 1421 449 1464 non
499 1404 852 1469 uideantur
896 1406 1009 1470 illa
1054 1406 1233 1471 bona
1278 1429 1449 1492 quae
1495 1415 1956 1491 expectantur.

2053 1426 2210 1488 ergo
2257 1406 2343 1468 ab
2388 1404 2515 1466 illis
2564 1422 2736 1486 quae

316 1505 468 1568 Deo
520 1507 780 1585 adsunt,
844 1508 956 1572 illa
1017 1530 1188 1593 quae
1249 1511 1441 1574 nobis
1501 1512 1588 1573 ab
1649 1531 1729 1573 eo
1791 1511 2075 1573 aderunt
2121 1508 2300 1572 credi
2341 1509 2512 1571 bene
2567 1509 2734 1570 rein·
2773 1520 2852 1566 10

312 1609 667 1688 sinuauit,*
702 1613 894 1677 sicuti
928 1623 996 1676 et
1035 1614 1100 1675 in
1133 1616 1579 1696 superioribus
1612 1621 1626 1648 ‘
1647 1616 1920 1679 beatum
1941 1613 1962 1639 '
1988 1634 2141 1677 eum
2174 1613 2351 1676 dixit
2381 1611 2468 1674 ad
2501 1610 2735 1674 confir·

312 1714 681 1778 mationem
712 1715 1146 1779 beatitudinis
1178 1717 1354 1780 illius
1386 1739 1558 1801 quae
1590 1719 1785 1781 nobis
1811 1718 2040 1781 aderit.
2116 1737 2349 1780 uerum
2381 1716 2538 1798 quia
2571 1714 2735 1778 nihil

315 1840 407 1882 ex
454 1818 560 1881 his
604 1820 950 1901 apostolus
996 1817 1347 1885 definitum
1399 1841 1522 1901 pro
1568 1841 1690 1883 suo
1739 1821 1963 1903 posuit
2008 1818 2297 1894 arbitri0‚
2346 1818 2462 1880 sed
2511 1814 2737 1880 omnia

315 1923 518 2003 (sicut
569 1921 635 1984 in
690 1923 1234 2004 interpretatione
1281 1922 1723 2003 ostendimus)
1777 1923 2213 2005 congregauit
2256 1922 2575 1985 aduersus
2621 1940 2737 1982 eos

313 2026 427 2109 qui
483 2046 603 2108 pro
657 2026 821 2109 legis
867 2027 1168 2092 doctrina
1213 2048 1632 2109 corrumpere
1678 2027 2015 2109 dogmatis
2061 2025 2534 2089 adnitebantur
2577 2023 2735 2087 sim·
2772 2033 2841 2100 15

312 2129 681 2213 plicitatem
705 2153 721 2209 ;
764 2131 941 2194 unde
987 2141 1054 2194 et
1101 2131 1360 2213 scripsit
1406 2129 1514 2206 illi,
1562 2139 1638 2192 ut
1685 2130 2094 2211 praeciperet
2137 2128 2273 2191 suis
2314 2147 2449 2190 non
2491 2126 2735 2190 debere

447 2293 649 2382 ‘15⁷er
693 2293 1011 2361 ἁπάντων
1051 2296 1292 2362 ἐκεῖνον
1327 2294 1673 2379 ὑμνεῖσθαι
1710 2293 1960 2359 δίκαιον
2001 2290 2156 2379 παρ’
2186 2290 2387 2375 ἡμῶν,
2417 2288 2533 2355 τὸν
2579 2315 2730 2354 τοσ-

313 2397 523 2463 ούτων
582 2396 736 2481 ἡμῖν
795 2399 1007 2464 αἴτιον
1052 2396 1373 2482 1’γονενγονότιι
1432 2395 1737 2480 ἆνγαθῶν.’

1856 2395 1968 2461 καὶ
2020 2392 2368 2474 (βασιλέα)
2481 2391 2498 2415 “
2582 2396 2596 2424 ‘
2668 2393 2696 2411 ⁶

2420 2418 2539 2476 μεν
2607 2417 2737 2456 των

313 2501 594 2569 αἰώνων’
641 2502 956 2569 ἐκάλεσεν
1006 2501 1122 2569 τὸν
1175 2500 1338 2581 θεόν,
1393 2499 1502 2569 διὰ
1554 2500 1629 2566 τὸ
1671 2502 1800 2567 τῶν
1841 2497 2227 2583 μελλόντων
2280 2498 2732 2579 ἀτελεύτητον.

311 2603 703 2692 ’ἄφθαρτοιῗ
755 2604 841 2684 δέ,
890 2603 997 2671 διὰ
1045 2605 1161 2684 τὴν
1208 2602 1761 2692 προσδοκωμένην
1805 2601 2235 2689 περιέσεσθαι
2279 2600 2433 2683 ἡμῖν
2478 2599 2733 2688 ἁφθαρ-
2763 2619 2848 2666 20

316 2705 495 2772 clav·
538 2705 875 2794 ‘dhparov'
922 2706 1007 2786 δέ,
1041 2705 1145 2772 διὰ
1191 2705 1267 2773 τὸ
1301 2706 1390 2790 μὴ
1433 2706 1790 2793 φαίνεσθαι
1830 2702 1915 2769 τὰ
1957 2701 2483 2789 προσδοκώμενα.
2563 2700 2735 2767 ὥστε

314 2808 455 2876 ἀπὸ
514 2814 644 2876 τῶν
701 2814 793 2899 τῷ
855 2812 981 2899 θεῷ
1038 2811 1426 2898 προσόντων
1484 2811 1569 2877 τὰ
1628 2810 1784 2893 ἡμῖν
1833 2808 2266 2897 περιεσόμενα
2322 2803 2477 2893 παρ’
2535 2804 2735 2871 αὐτοῦ

314 2915 765 2998 πιστευθῆναι.

424 3075 443 3108 1
482 3058 750 3109 immortali
774 3057 891 3122 (sor
920 3059 1226 3125 incorrupto)
1253 3077 1284 3108 r

322 3153 383 3189 ιο
416 3145 584 3189 assunt
606 3140 674 3189 H
735 3139 900 3190 adsint
919 3158 952 3189 r

317 3235 412 3269 κ.τ.
422 3222 472 3268 λ.

384 3346 430 3396 5.
499 3334 705 3398 hymnis
758 3336 959 3385 nullum
1015 3353 1191 3387 nomen
1242 3337 1473 3400 absolute]

324 3415 519 3479 ‘Every
565 3415 675 3465 title
729 3415 783 3465 in
826 3416 927 3466 this
971 3417 1225 3482 doxology
1269 3418 1360 3467 has
1410 3420 1473 3468 its

316 3497 505 3560 special
574 3497 789 3562 fitness;
853 3502 1059 3563 βασιλεῖ
1114 3503 1211 3549 τῶν
1268 3503 1466 3561 αἰώνων,

317 3578 566 3639 ἀφθάρτῳ,
598 3580 804 3640 ἀοράτῳ,
828 3581 951 3630 each
998 3580 1038 3630 is
1068 3581 1388 3645 appropriate
1421 3589 1474 3629 to

316 3660 404 3710 the
426 3660 618 3724 subject
642 3662 694 3711 in
716 3662 891 3712 hand!
959 3663 1038 3712 Cf.
1064 3663 1222 3727 infra,
1253 3663 1286 3711 Ι.
1318 3679 1372 3712 12
1393 3678 1467 3727 sq.

319 3741 552 3807 Pelagius
605 3743 697 3792 has
752 3744 935 3808 caught
991 3745 1078 3794 the
1142 3761 1280 3795 same
1334 3745 1471 3794 idea:

322 3823 360 3846 ‘⁸
379 3838 462 3871 rex
485 3823 617 3872 enim
645 3825 788 3887 parui
819 3827 1058 3889 temporis
1087 3833 1136 3875 et
1167 3825 1393 3874 mortalis
1414 3841 1474 3874 ae

313 3902 528 3952 nisibilis
582 3911 634 3953 et
688 3920 846 3969 capax
907 3906 1171 3965 consortis»,
1231 3908 1473 3955 honorem

316 3988 369 4030 et
413 3981 625 4045 gloriam
671 3982 999 4046 temporalem
1054 3985 1257 4035 habere.
1288 3992 1469 4049 potest,

316 4079 420 4114 non
439 4073 608 4113 tamen
631 4065 1037 4129 sempiternam-'¹
1093 4067 1274 4130 Chrys.
1298 4083 1365 4116 on
1389 4067 1476 4116 the

315 4146 460 4195 other
497 4145 648 4208 hand,
683 4146 918 4197 followed
958 4149 1027 4212 by
1060 4148 1212 4198 Thdt.
1256 4149 1355 4198 and
1389 4149 1475 4199 the

318 4225 421 4275 Gk.
467 4227 761 4291 expositors,
819 4235 1051 4277 contents
1101 4227 1306 4277 himself
1351 4228 1472 4278 with

316 4306 556 4371 claiming
577 4306 664 4357 the
694 4307 946 4374 doxology
967 4309 1044 4359 for
1067 4309 1191 4359 each
1216 4309 1400 4360 Person
1423 4310 1477 4358 in

315 4383 403 4432 the
444 4385 587 4449 Holy
625 4384 837 4450 Trinity.
906 4386 987 4436 Cf.
1027 4387 1209 4437 Thdt.:
1251 4385 1305 4436 οὐ
1336 4389 1478 4446 μόνον

315 4462 390 4527 τῷ
429 4463 529 4528 θεῷ
558 4468 639 4517 καὶ
673 4469 837 4531 πατρί,
882 4466 1014 4518 ἀλλὰ
1051 4471 1128 4518 καὶ
1173 4464 1247 4530 τῷ
1278 4465 1365 4530 υἱῷ
1398 4470 1477 4518 καὶ

494 4583 545 4634 S.
580 4585 653 4635 ῘῘ.

1522 3074 1550 3123 3
1586 3061 1789 3110 laudare
1828 3059 1968 3109 CH:
2010 3063 2090 3108 αἱ
2109 3073 2186 3121 rg

1129 3153 1186 3203 17
1223 3140 1378 3191 Coisl.
1407 3156 1517 3204 204,
1547 3142 1579 3192 f.
1613 3156 1698 3206 ¹91
1726 3157 1756 3190 a
1779 3141 1888 3204 [Cr.
1912 3140 1999 3189 vii.
2030 3139 2109 3201 ¹3]
2143 3135 2295 3186 ἄλλος
2317 3135 2369 3184 δέ
2391 3141 2559 3196 φησιν·
2597 3134 2731 3194 ὑπέρ,

2410 3067 2438 3115 5
2466 3052 2682 3116 hymnus
2705 3068 2737 3100 r

1573 3336 1646 3399 τῷ
1679 3336 1805 3400 ἁγίῳ
1841 3335 2082 3398 πνεύματι
2120 3334 2186 3387 τὰ
2220 3337 2446 3399 εἰρημένα
2480 3331 2730 3398 προσήκει.

1575 3420 1720 3469 With
1744 3420 1888 3469 Th.'s
1921 3435 2101 3469 comm.
2132 3434 2368 3483 compare
2400 3418 2480 3468 his
2514 3416 2736 3466 remarks

1575 3518 1712 3567 upon
1753 3503 1839 3552 the
1877 3501 2067 3551 similar
2111 3516 2323 3566 passage
2367 3501 2419 3549 in
2465 3515 2509 3549 c.
2543 3500 2612 3548 vi.
2654 3514 2729 3561 15,

1581 3582 1658 3633 16.

1649 3681 1724 3715 ιο.
1813 3665 1947 3714 credi
1971 3665 2085 3714 bene
2118 3662 2479 3723 reinsinuauit]
2520 3664 2533 3687 ‘
2553 3662 2628 3725 By
2660 3677 2735 3710 re·

1576 3742 1820 3806 counting
1857 3743 1942 3792 the
1969 3741 2233 3791 attributes
2257 3740 2315 3788 os
2339 3740 2471 3798 God,
2514 3739 2599 3787 the
2632 3739 2733 3804 Ap.

1575 3825 1702 3874 adds
1735 3825 2016 3888 credibility
2040 3833 2093 3874 to
2127 3822 2212 3873 the
2241 3821 2483 3872 Church’s
2513 3822 2645 3886 hope
2682 3821 2742 3870 of
2789 3845 2792 3848 ·

1576 3905 1765 3955 etemal
1812 3906 2034 3968 felicity.'
2101 3904 2432 3953 Ra'nsinuare
2477 3918 2636 3952 seems
2682 3909 2736 3951 to

1578 3986 1644 4035 be
1679 3985 1891 4035 without
1926 3984 2184 4049 example;
2218 3983 2281 4033 cs.
2317 3983 2621 4032 retn'bulatio
2650 3981 2734 4043 (11.

1579 4080 1630 4127 p.
1671 4083 1751 4125 44,
1797 4064 1830 4114 l.
1879 4078 1953 4126 17,
1993 4061 2146 4126 note).
2216 4062 2380 4112 Sicuti
2421 4070 2468 4111 et
2511 4063 2569 4111 in
2604 4070 2731 4127 sup„

1580 4144 1642 4195 cf.
1669 4146 1755 4194 the
1777 4161 1957 4194 comm.
1980 4160 2045 4194 on
2069 4160 2115 4193 v.
2151 4159 2226 4200 ιι,
2247 4152 2401 4209 supra
2426 4146 2497 4209 (p.
2525 4142 2621 4207 77).

1651 4224 1721 4275 16.
1794 4241 1895 4273 non
1927 4225 2090 4273 debere
2107 4225 2584 4288 sustinere...neque,
2615 4223 2734 4285 &c.]

1580 4309 1628 4356 A
1667 4306 1851 4355 double
1896 4306 2174 4369 rendering,
2215 4307 2447 4370 perhaps,
2491 4306 2550 4354 of
2595 4321 2734 4355 some

1577 4390 1873 4453 ambiguous
1911 4388 2047 4438 verb.
2119 4389 2231 4438 The
2281 4388 2550 4437 directions
2604 4403 2735 4437 were

1577 4468 1733 4531 really
1776 4468 1999 4528 twosold‚
2050 4484 2107 4518 so
2146 4468 2252 4518 that
2303 4483 2379 4517 we
2412 4467 2572 4531 might
2604 4468 2733 4517 have

2518 4575 2561 4635 6
