3221 5116
502 360 627 425 262
1170 367 1628 425 THEODORUS
1675 368 2259 421 MOPSUESTENUS

502 541 788 605 multum
835 551 1064 621 autem
1113 541 1387 605 interest
1430 549 1503 604 ut
1549 540 1898 604 consilium
1931 540 2081 622 quis
2117 539 2293 603 dans
2329 548 2395 603 et
2438 539 2525 602 de
2564 538 2694 602 illis
2745 555 2924 620 quae

501 649 568 710 in
611 648 841 710 diuina
880 655 1192 709 tenentur
1235 646 1560 727 scriptura
1616 645 1897 706 instruat
1935 664 2049 706 eos
2096 663 2246 706 cum
2297 642 2627 706 modestia
2671 649 2738 703 et
2784 658 2924 702 non

503 771 591 812 ex
638 749 1034 829 auctoritate
1095 749 1458 830 praecipiat
1503 747 1650 822 illis,
1699 756 1767 810 et
1819 746 1946 810 hoc
1991 746 2076 810 de
2128 747 2255 810 illis
2309 746 2503 809 rebus
2545 745 2631 809 de
2678 745 2923 827 quibus

504 856 721 938 legem
756 853 1007 917 nullam
1050 853 1308 935 accepit
1355 861 1430 916 ut
1475 853 1569 915 ita
1602 851 1815 914 faciat.
1908 850 2138 913 audire
2180 871 2336 914 uero
2371 850 2650 913 Paulum
2685 849 2770 911 de
2800 845 2922 910 tali

442 975 472 1043 5
509 959 778 1039 negotio
810 976 941 1020 non
976 958 1351 1040 patiuntur:
1382 977 1506 1019 non
1536 956 1695 1039 quia
1725 956 2150 1019 dominamur
2183 955 2451 1038 (inquit)
2466 953 2639 1038 fidei
2656 962 2920 1025 uestrae,

504 1065 622 1127 sed
664 1061 1012 1146 cooperarii
1066 1081 1295 1135 smnus
1340 1059 1587 1142 gaudii
1642 1059 1848 1123 uestri
1861 1079 1890 1130 ,·
1952 1068 2019 1122 et
2068 1058 2194 1121 hoc
2256 1057 2615 1123 Corinthiis
2675 1056 2922 1130 dicens,

508 1167 749 1250 quibus
780 1166 1113 1231 scribebat
1159 1175 1231 1229 ut
1276 1166 1678 1247 corrigerent
1724 1185 1797 1226 se
1840 1185 1880 1227 a
1927 1173 2220 1246 peccatO,
2252 1164 2435 1226 cuius
2483 1162 2572 1224 rei
2620 1167 2924 1243 potestas

511 1290 933 1353 nequaquam
981 1269 1161 1352 apud
1205 1268 1354 1331 illos
1407 1288 1549 1331 esse
1591 1276 1877 1349 poterat,
1910 1288 1990 1330 eo
2034 1268 2216 1349 quod
2265 1267 2350 1330 ad
2398 1266 2926 1347 delinquendum

512 1395 709 1438 nemo
761 1373 1108 1438 hominum
1157 1373 1467 1436 dominus
1528 1382 1651 1437 est.
1742 1373 1943 1456 igitur
2001 1394 2155 1436 cum
2215 1382 2440 1455 posset
2499 1391 2650 1434 cum
2713 1368 2927 1432 multa

406 1498 483 1545 10
511 1480 905 1542 auctoritate
949 1479 1036 1541 de
1080 1477 1182 1541 his
1227 1478 1527 1553 scribere,
1561 1478 1647 1541 de
1692 1478 1935 1558 quibus
1981 1487 2048 1541 et
2095 1477 2553 1541 uehementius
2598 1474 2777 1536 uisus
2822 1478 2927 1534 est

512 1582 885 1663 increpasse
909 1582 1180 1663 quando
1204 1589 1429 1643 tamen
1458 1580 1583 1642 sibi
1609 1581 1797 1643 istius
1831 1581 1917 1643 rei
1952 1590 2217 1662 tempus
2236 1580 2471 1644 adesse
2502 1599 2620 1662 pro
2643 1579 2927 1642 aliorum

512 1684 945 1747 existimabat
992 1684 1301 1755 utilitate.
1356 1685 1648 1767 ipsisque
1704 1684 2066 1749 Corinthiis
2121 1706 2241 1767 pro
2294 1684 2536 1767 quibus
2585 1683 2945 1764 deliuque-·

510 1788 676 1850 bant
719 1788 891 1849 iusta
944 1788 1198 1849 'ratione
1245 1788 1668 1869 increpabat3
1725 1796 1950 1851 tamen
2007 1798 2072 1851 et
2114 1788 2241 1852 hoc
2282 1789 2521 1870 posuit,
2568 1789 2928 1853 ostendens

511 1891 827 1971 quoniam
862 1910 994 1953 non
1029 1901 1287 1954 tumore
1319 1893 1522 1954 animi
1556 1900 1673 1955 aut
1705 1893 1984 1956 audacia
2007 1894 2299 1974 quadam
2321 1894 2658 1975 praeditus
2689 1891 2927 1955 horum

409 2008 479 2074 15
513 1992 864 2055 uerborum
915 1996 1208 2077 pondere
1268 1996 1583 2074 abutitur,
1645 1998 1760 2062 sed
1826 2018 1946 2080 pro
2006 2007 2374 2061 ceterorum
2429 1996 2714 2061 utilitate
2763 1994 2928 2059 illud

482 2101 870 2180 exequitur
913 2099 1185 2182 quando
1231 2119 1333 2161 res
1379 2099 1524 2181 ipsa
1569 2101 1637 2164 id
1700 2100 1839 2164 fieri
1882 2101 2115 2183 exigit.
2207 2101 2323 2164 sed
2371 2101 2614 2163 Paulus
2654 2101 2929 2184 quidem

512 2221 664 2265 curn
729 2202 941 2265 multa
1000 2201 1350 2283 disciplina
1412 2205 1721 2266 uniuersa
1781 2205 2056 2286 peragit.
2163 2204 2426 2285 plurimi
2478 2226 2635 2269 uero
2687 2207 2931 2270 nostris

515 2306 943 2387 temporibuS,
1000 2307 1366 2369 nescientes
1415 2327 1588 2388 quae
1648 2307 1934 2392 qualiter
1992 2318 2059 2372 et
2112 2310 2383 2391 quando
2433 2308 2571 2371 fieri
2621 2309 2931 2386 debeant,

515 2410 908 2474 existimant
961 2410 1527 2492 contemplatione
1588 2413 1856 2493 pietatis
1891 2416 2221 2496 'oportere
2282 2413 2507 2477 omnia
2568 2413 2933 2495 praesentis

404 2527 490 2576 20
516 2513 695 2577 uitae
755 2513 1073 2578 confundi
1134 2523 1202 2578 et
1263 2515 1517 2580 nullam
1580 2538 1726 2580 esse
1786 2503 2253 2583 discretionem
2334 2520 2503 2583 inter
2561 2538 2788 2582 seruos
2861 2527 2931 2582 et

518 2620 845 2695 dominOS,
876 2619 1234 2682 diuites'et
1271 2639 1616 2701 paupereS,
1663 2642 1776 2685 eos
1822 2622 1936 2704 qui
1978 2623 2101 2684 sub
2147 2622 2623 2704 principatibus
2668 2631 2823 2686 sunt
2863 2630 2933 2685 et

517 2725 628 2807 qui
695 2724 1046 2806 principari
1107 2723 1252 2786 aliis
1307 2725 1658 2805 uidentur;
1729 2727 1846 2789 sed
1901 2726 2065 2790 haec
2111 2725 2327 2789 solum
2376 2726 2502 2789 sibi
2554 2733 2934 2807 competere

518 2827 910 2891 existimant
964 2837 1035 2889 ut
1081 2847 1231 2889 cum
1280 2827 1490 2891 multa
1536 2832 1934 2895 auctoritate
1980 2832 2064 2895 de
2095 2830 2198 2894 his
2238 2851 2411 2913 quae
2456 2829 2577 2892 sibi
2626 2829 2937 2892 uidentur

521 2933 847 3013 imperent
909 2930 1054 3005 illis,
1116 2930 1339 2993 nescio
1401 2933 1578 2996 unde
1639 2922 1812 2996 hanc
1866 2943 2269 3016 potestatem
2324 2934 2447 2996 sibi
2501 2931 2933 2997 uindicantes.

407 3051 442 3096 2
455 3048 484 3113 5
525 3036 766 3099 Paulus
796 3054 956 3096 uero
989 3054 1025 3096 e
1055 3032 1385 3095 contrario
1417 3036 1750 3116 optimum
1796 3058 1939 3100 esse
1983 3036 2415 3100 existimabat
2460 3046 2531 3100 ut
2577 3032 2836 3116 singula
2868 3032 2934 3093 in

518 3160 640 3201 suo
702 3144 1045 3199 manerent
1107 3135 1357 3211 ordine,
1419 3136 1607 3199 saluo
1661 3139 1930 3220 pietatis
1991 3141 2375 3222 propositu5
2448 3138 2647 3202 ualde
2709 3144 2936 3201 autem

520 3250 660 3304 erat
692 3240 1012 3322 placatu3‚
1043 3241 1357 3320 quoniam
1407 3241 1777 3307 differentia
1822 3244 1985 3307 haec
2020 3246 2233 3307 inesse
2276 3244 2655 3306 hominibus
2688 3261 2939 3323 nequa-

624 3431 643 3464 1
682 3422 767 3463 aut
793 3413 890 3478 (ast
910 3415 984 3474 ut)
1008 3414 1114 3462 add
1128 3415 1196 3464 ll
1339 3436 1369 3479 4
1404 3418 1586 3484 accipit
1616 3420 1661 3468 C
1812 3434 1838 3483 5
1873 3420 2124 3470 dicentem
2150 3420 2247 3484 (ast
2268 3421 2404 3484 neg.)
2427 3420 2532 3469 add
2547 3420 2613 3469 H
2750 3421 2781 3468 8
2814 3416 2938 3465 deli·

519 3497 775 3562 qutndum
803 3494 875 3545 C*
1123 3511 1182 3546 ιο
1213 3495 1536 3547 uehementer
1558 3500 1626 3548 H
1864 3518 1880 3550 1
1893 3517 1921 3565 3
1956 3501 2176 3551 increbat
2203 3500 2307 3566 (sic)
2335 3500 2412 3551 C*
2667 3514 2726 3549 υ
2761 3499 2858 3547 hoe
2880 3498 2950 3546 H

523 3577 585 3629 26
619 3594 707 3627 sua
729 3578 797 3626 H
814 3576 821 3621 Ι
853 3577 1111 3642 proposito
1140 3578 1184 3626 C
1204 3594 1235 3626 r
1258 3576 1267 3643 1
1296 3579 1429 3629 unde
1453 3580 1563 3644 (sor
1583 3582 1752 3643 ualde)
1777 3601 1808 3631 r
2000 3597 2061 3646 27
2097 3591 2236 3633 erant
2265 3584 2307 3633 C
2317 3581 2344 3605 ⁴*
2367 3583 2435 3633 H

520 3726 683 3775 arisen
725 3725 855 3775 from
899 3724 985 3775 the
1035 3725 1301 3789 repetition
1354 3725 1412 3775 of
1450 3727 1536 3777 the
1584 3727 1679 3777 last
1785 3728 1864 3778 Cf.
1891 3740 1929 3776 1.
1955 3746 2039 3794 pp.
2068 3729 2186 3787 lxix,
2229 3731 2336 3794 189,
2368 3728 2403 3778 l.
2439 3744 2495 3791 ¹4
2518 3745 2613 3793 sq.,
2645 3727 2756 3790 306,
2791 3727 2827 3777 l.
2854 3741 2935 3788 υ,

521 3812 732 3875 syllable
755 3810 813 3860 of
828 3810 1008 3859 uolunt
1026 3826 1083 3858 or
1107 3811 1191 3859 the
1218 3810 1322 3860 first
1350 3810 1408 3860 of
1422 3813 1531 3860 etsi.
1782 3815 1930 3863 note3
1967 3818 2029 3855 ιι.
2054 3822 2102 3870 p.
2138 3821 2249 3867 ²5¹·

590 3904 636 3953 5.
715 3907 815 3940 non
837 3892 959 3955 qm'a
981 3891 1321 3947 dominamur.
1346 3893 1459 3953 δια]
1507 3909 1532 3942 2
1559 3893 1679 3943 Cor.
1849 3888 1926 3939 26.
1977 3890 2123 3938 ualde
2142 3904 2190 3938 a.
2209 3906 2248 3937 e.
2272 3888 2513 3951 placatus,
2536 3886 2651 3947 δια]
2688 3887 2824 3936 ‘The
2839 3887 2941 3951 Ap.

524 3975 558 4022 i.
587 3989 664 4035 ²3·
724 3975 825 4023 For
860 3974 1130 4037 cooperarii
1173 3975 1345 4038 (Aug,
1396 3976 1678 4039 “coopera-
1783 3990 1886 4022 was
1940 3971 2158 4022 satisfied
2214 3980 2265 4021 to
2309 3971 2459 4020 abide
2499 3972 2564 4035 by
2602 3971 2690 4020 the
2725 3970 2943 4035 existing

497 4055 696 4106 ·tores”
712 4075 727 4116 3
784 4057 1050 4118 Ambrstr.,
1097 4056 1266 4120 Vulg.,
1322 4056 1679 4117 “adiutores’')
1783 4054 1930 4103 order
1951 4054 2009 4104 os
2037 4054 2217 4117 thingS,
2245 4055 2344 4102 and
2371 4053 2476 4103 that
2503 4053 2577 4103 sor
2600 4061 2701 4102 two
2723 4066 2942 4102 reasons.

525 4136 586 4185 cf.
618 4147 653 4184 1.
679 4152 728 4200 p.
760 4138 867 4195 228,
890 4135 925 4183 l.
957 4149 1030 4197 14,
1057 4143 1193 4185 note.
1787 4135 2007 4191 First‚he
2025 4135 2111 4184 felt
2134 4135 2241 4184 that
2260 4136 2348 4199 the
2360 4135 2673 4199 inequalities
2690 4135 2750 4182 os
2756 4134 2944 4183 human

589 4221 637 4267 8.
715 4218 788 4266 ad
852 4218 1536 4282 delinquendum...dominus
1592 4219 1682 4280 est]
1783 4218 1971 4281 society
1993 4234 2077 4267 are
2099 4218 2365 4282 permitted
2390 4218 2457 4280 by
2480 4217 2564 4265 the
2587 4216 2689 4265 will
2712 4215 2771 4264 of
2796 4216 2943 4274 God;

525 4297 674 4349 οὐδεὶς
707 4301 900 4362 κύριός
933 4302 1066 4349 ἐστιν
1090 4302 1217 4364 [τοῦ]
1239 4300 1534 4365 ἁμαρτάνειν.
1595 4304 1676 4354 Cf,
1781 4299 2038 4362 secondly‚
2067 4299 2131 4346 he
2154 4298 2301 4347 knew
2324 4298 2432 4347 that
2462 4297 2584 4347 such
2613 4297 2868 4346 accidents
2890 4312 2947 4345 as

527 4392 562 4430 ι.
591 4397 642 4445 p.
669 4378 748 4441 46,
775 4379 808 4428 1.
839 4396 915 4444 19.
939 4388 1075 4429 note.
1784 4387 1993 4444 poverty
2031 4380 2131 4429 and
2178 4379 2427 4429 servitude
2464 4394 2549 4427 are
2592 4394 2660 4427 no
2706 4378 2806 4426 real
2854 4377 2944 4426 ob·

594 4477 668 4512 20.
732 4462 928 4511 nullam
958 4479 999 4511 e.
1023 4462 1169 4513 discr.
1199 4463 1334 4513 inter
1363 4480 1544 4521 seruos,
1568 4464 1684 4526 δια]
1785 4462 1963 4511 staclcs
2003 4469 2055 4510 to
2091 4477 2121 4510 a
2154 4460 2389 4524 religious
2427 4457 2546 4509 lise.’
2615 4458 2696 4509 Cf.
2732 4459 2945 4522 Chrysa
