3221 5116
492 407 615 474 ²92
1436 406 1816 457 APPENDIX
1875 408 1941 458 A.

490 574 599 635 sed
627 584 765 650 post
785 573 991 635 mortis
1012 573 1481 636 destructionem
1502 576 1747 636 donauit
1768 579 1828 637 ei
1840 578 2007 638 Deus
2028 598 2227 639 nomen
2249 588 2432 658 supra
2458 598 2620 641 omne
2646 575 2903 638 nomen*.

490 669 595 747 qui
649 670 918 744 donauit,
966 672 1131 733 Deus
1180 684 1307 746 est3
1362 672 1461 734 cui
1504 673 1775 748 donauit,
1823 676 2011 736 homo
2056 678 2228 738 Iesus
2277 677 2569 752 Christus,
2615 673 2909 754 primitiae

491 768 938 847 resurgentium.
1026 781 1119 831 est
1145 770 1305 831 enim
1326 773 1742 850 primogenitus
1767 793 1836 832 ex
1865 777 2169 836 mortuina
2255 775 2529 838 ascendit
2557 795 2716 854 erg0,
2740 782 2801 835 et
2824 769 2908 848 ad

492 868 793 929 dexteram
833 867 1023 930 Patris
1061 872 1247 944 sedet,
1280 882 1341 930 et
1367 882 1456 931 est
1485 891 1666 949 super
1692 871 1909 932 omnia.
1999 893 2039 934 o
2074 874 2261 951 gratia
2298 893 2454 953 quae
2491 892 2670 952 super
2706 867 2911 931 omnia

426 979 460 1040 5
492 966 635 1027 data
663 978 751 1026 est
780 967 920 1027 Iesu
945 971 957 1027 Ξ
1018 988 1058 1029 o
1083 967 1273 1046 gratia
1299 986 1453 1045 quae
1481 968 1787 1046 superauit
1821 969 2091 1030 omnium
2131 984 2404 1032 naturam
2429 976 2443 1033 1
2504 971 2608 1049 qui
2636 982 2726 1031 est
2754 967 2908 1030 eius-

491 1065 633 1125 dem
680 1063 827 1124 mihi
873 1075 1118 1125 naturae
1166 1085 1346 1143 super
1387 1067 1623 1125 caelum
1674 1068 2118 1128 demonstratus
2165 1081 2273 1140 est,
2322 1068 2386 1127 in
2433 1069 2677 1129 dextera
2720 1062 2909 1127 Patris

490 1163 697 1236 sedet;
742 1174 800 1223 et
843 1162 983 1224 dico
1023 1164 1103 1223 ad
1146 1183 1324 1224 eum:
1374 1170 1526 1224 ‘non
1568 1184 1694 1224 una
1732 1177 1946 1227 natura
1987 1186 2123 1228 mea
2164 1178 2222 1228 et
2267 1179 2406 1243 tua;
2461 1178 2523 1228 et
2563 1179 2628 1227 tu
2662 1163 2906 1242 quidem

490 1258 555 1319 in
581 1261 769 1332 cae10‚
799 1279 912 1338 ego
940 1272 1139 1322 autem
1170 1260 1232 1321 in
1261 1261 1677 1339 passionibus;
1719 1275 1778 1324 et
1814 1273 1878 1324 tu
1915 1263 2159 1341 quidem
2198 1284 2376 1343 supra
2413 1283 2655 1325 omnem
2695 1257 2911 1340 princi-

491 1373 698 1440 patum
736 1373 797 1422 et
832 1370 1207 1439 potestatem,
1247 1380 1361 1438 ego
1400 1371 1600 1423 autem
1644 1362 1706 1421 in
1747 1364 1977 1423 caeno!
2060 1362 2167 1423 sed
2207 1363 2448 1424 audiam
2488 1363 2568 1422 ad
2609 1380 2700 1431 ea,
2742 1356 2909 1435 quod

391 1478 465 1518 10
497 1459 679 1520 ‘bene
700 1456 1063 1534 complacuit
1080 1455 1141 1516 in
1164 1475 1262 1517 me
1282 1455 1441 1518 Patri
1452 1458 1525 1535 ‡.’
1592 1460 1887 1535 numquid
1897 1460 2039 1519 dicit
2043 1459 2387 1538 figmentum
2414 1461 2471 1519 ei
2489 1461 2597 1536 qui
2618 1458 2909 1537 sefinxit:

496 1561 704 1631 ‘quare
725 1555 807 1613 sic
829 1572 917 1612 me
919 1552 1122 1628 fictis-ti
1128 1552 1218 1630 §f’
1287 1552 1436 1612 nihil
1464 1554 1663 1616 habeo
1690 1556 1769 1616 ad
1797 1555 1914 1615 hoc
1942 1558 2111 1633 quod
2139 1554 2351 1617 dicam.
2438 1555 2547 1616 sed
2565 1554 2684 1616 mei
2706 1555 2911 1614 fratres

490 1650 595 1727 qui
627 1651 894 1711 eiusdem
923 1649 1069 1709 mihi
1096 1649 1298 1711 matris
1325 1662 1463 1712 sunt
1491 1652 1596 1712 filii
1624 1653 1833 1713 dicunt
1861 1652 2043 1713 mihi:
2089 1657 2103 1686 ‘
2121 1673 2243 1714 non
2278 1672 2488 1731 separa
2514 1652 2821 1714 hominem
2852 1661 2912 1711 et

493 1748 711 1818 Deum,
751 1747 860 1807 sed
897 1765 1081 1805 unum
1125 1747 1503 1825 eundemque
1540 1749 1658 1822 dic,
1697 1750 2002 1811 hominem
2038 1749 2247 1811 dicens
2284 1752 2731 1811 connaturalem
2767 1746 2915 1809 mihi
2959 1745 2964 1750 ’

493 1846 734 1904 Deum.’
815 1841 866 1902 si
907 1843 1105 1902 dicam
1149 1837 1600 1905 connaturalem
1652 1848 1869 1916 Deum,
1917 1847 2018 1906 dic
2060 1848 2371 1922 quomodo
2403 1848 2591 1907 homo
2635 1857 2695 1906 et
2743 1847 2912 1907 Deus

392 1960 461 2020 15
493 1960 683 2002 unum
715 1952 822 2002 est.
894 1940 1193 2017 numquid
1228 1959 1352 2000 una
1391 1952 1603 2001 natura
1641 1940 1901 2001 hominis
1943 1953 2003 2002 et
2047 1940 2182 2014 Dei,
2214 1941 2446 2001 domini
2474 1953 2537 2002 et
2577 1942 2752 2014 serui,
2797 1943 2913 2002 fac-

491 2037 639 2101 toris
672 2048 736 2099 et
765 2039 1027 2098 facturae
1044 2038 1074 2097 Ρ
1152 2037 1340 2098 homo
1377 2036 1608 2097 homini
1642 2037 2166 2099 consubstantialis
2199 2048 2307 2110 est,
2339 2039 2509 2098 Deus
2536 2050 2740 2100 autem
2773 2042 2910 2100 Deo

493 2132 1015 2196 consubstantialis
1044 2144 1152 2194 est.
1225 2134 1534 2211 quomodo
1563 2134 1740 2212 igitur
1765 2134 1951 2195 homo
1978 2146 2040 2194 et
2069 2134 2238 2194 Deus
2266 2152 2453 2194 unum
2481 2153 2589 2211 per
2616 2133 2907 2194 unitatem

492 2252 626 2294 esse
653 2242 871 2310 potest,
900 2230 1006 2309 qui
1033 2230 1322 2292 saluificat
1362 2244 1423 2293 et
1464 2230 1569 2309 qui
1610 2230 1990 2307 saluificatur,
2019 2232 2124 2310 qui
2166 2244 2305 2294 ante
2333 2234 2569 2294 saecula
2594 2243 2686 2293 est
2712 2243 2774 2292 et
2803 2230 2907 2308 qui

494 2348 566 2390 ex
590 2328 784 2389 Maria
801 2328 1120 2406 adparuit?
1173 2329 1281 2390 sed
1301 2328 1690 2390 uehementer
1716 2329 1898 2391 doleo
1927 2328 2070 2407 quia
2096 2329 2215 2391 mei
2244 2331 2447 2391 fratres
2474 2330 2624 2390 haec
2651 2325 2795 2387 mihi
2822 2326 2909 2387 di-

391 2448 466 2487 20
494 2436 656 2500 cunt,
687 2437 751 2486 ut
779 2428 992 2504 loquar
1017 2425 1080 2484 in
1107 2423 1360 2486 ecclesia
1387 2446 1540 2503 quae
1568 2446 1693 2486 non
1723 2438 1813 2487 est
1840 2426 2124 2505 possibile
2152 2428 2350 2489 dicere
2377 2430 2536 2489 bene
2563 2424 2876 2504 sapientes,

1561 2602 1741 2661 Boox
1786 2619 1840 2659 v.

741 2711 903 2794 [Fac.
935 2711 1011 2771 ix.
1045 2732 1081 2788 3
1109 2712 1176 2793 (“
1197 2711 1411 2790 quinto
1438 2713 1516 2773 de
1546 2714 1965 2776 Incarnatione
1994 2715 2162 2787 libro,
2194 2715 2456 2794 capitulo
2484 2712 2657 2796 lii”)].

621 2825 883 2903 Quando
926 2836 1166 2885 naturas
1211 2825 1465 2903 quisque
1513 2826 1813 2902 discernit,
1856 2830 2106 2889 alterum
2162 2840 2222 2889 et
2275 2829 2522 2889 alterum
2578 2826 2916 2890 necessario

499 2924 743 2986 inuenit.
817 2933 877 2984 et
918 2921 1066 2982 ‘huie
1113 2922 1198 2983 rei
1246 2941 1444 3001 neque
1488 2924 1653 3003 ipsos
1697 2937 1846 3003 puto
1889 2945 2218 3004 repugnare
2265 2925 2409 3003 quia
2450 2927 2700 2986 alterum
2747 2928 2916 2987 Deus

498 3023 767 3086 Verbum
806 3033 1036 3095 natura,
1072 3022 1330 3082 alterum
1385 3032 1586 3084 autem
1643 3023 1808 3100 quod
1854 3025 2240 3099 adsumptum
2282 3033 2375 3084 est
2416 3022 2723 3101 (quicquid
2769 3023 2916 3083 illud

498 3120 600 3200 sit)
628 3120 1029 3194 concedatur;
1070 3119 1190 3179 hoc
1227 3118 1462 3181 interim
1504 3119 1648 3181 item
1691 3139 1950 3197 persona
1984 3120 2146 3182 idem
2186 3119 2312 3199 ipse
2350 3119 2667 3191 inuenitur,
2698 3138 2920 3197 nequa-

397 3241 430 3280 2
436 3238 467 3298 5
500 3235 681 3293 quam
709 3214 972 3275 confusis
1000 3213 1243 3287 naturis,
1273 3219 1383 3276 sed
1407 3227 1650 3293 propter
1675 3214 2102 3276 adunationem
2131 3234 2286 3292 quae
2312 3217 2472 3276 sacta
2498 3226 2588 3275 est
2614 3213 2918 3291 adsumpti

498 3315 576 3375 ad
618 3294 1051 3373 adsumentem.
1136 3309 1187 3371 si
1229 3310 1390 3371 enim
1431 3311 1658 3389 integre
1699 3311 2045 3373 conceditur
2085 3314 2203 3372 hoc
2236 3312 2487 3371 alterum
2525 3330 2655 3372 esse
2694 3311 2772 3371 ab
2813 3309 2918 3370 illo

499 3423 726 3484 natura,
757 3420 819 3470 et
857 3407 1237 3469 manifestum
1276 3408 1417 3485 quia
1454 3410 1704 3486 aequale
1740 3429 1864 3469 non
1895 3420 1984 3470 est
2012 3409 2179 3485 quod
2215 3410 2603 3485 adsumptum
2631 3418 2722 3469 est
2749 3407 2920 3468 adsu-

500 3506 687 3571 menti
704 3530 724 3583 3
780 3505 1159 3567 manifestum
1208 3505 1351 3582 quia
1405 3504 1566 3566 idem
1614 3505 1741 3583 ipse
1796 3506 2131 3566 inuenietur
2183 3504 2550 3566 adunatione
2605 3523 2917 3583 personae.

501 3606 589 3668 sic
631 3624 772 3682 ergo
816 3603 1080 3682 oportuit
1121 3601 1390 3663 diuidere
1431 3623 1585 3681 quae
1628 3603 1784 3663 circa
1827 3603 2134 3665 Christum
2177 3615 2350 3679 sunt3
2404 3602 2531 3664 istis
2573 3603 2733 3663 enim
2775 3603 2924 3664 diui-

335 3700 343 3707 ’
398 3721 476 3778 3³
504 3703 771 3766 sionibus
819 3700 1178 3762 contrarium
1220 3700 1370 3760 nihil
1419 3713 1527 3774 est,
1573 3702 1724 3761 haec
1773 3700 1935 3760 enim
1980 3702 2227 3761 multam
2284 3701 2465 3761 etiam
2512 3720 2651 3761 cum
2701 3700 2921 3763 diuinis

501 3801 710 3864 litteris
737 3797 1193 3861 consonantiam
1221 3799 1461 3859 habent.
1547 3799 1634 3859 sic
1671 3818 1869 3876 neque
1906 3808 2246 3858 naturarum
2276 3797 2548 3860 confusio
2575 3800 2693 3873 fiet,
2724 3817 2923 3876 neque

504 3917 795 3979 personae
842 3898 1140 3974 quaedam
1194 3916 1380 3975 praua
1432 3895 1668 3956 diuisi0.
1756 3906 1997 3957 maneat
2049 3894 2213 3957 enim
2268 3907 2330 3956 et
2383 3909 2725 3957 naturarum
2771 3898 2925 3959 ratio

504 3997 819 4058 inconfusa
861 4007 921 4055 et
969 3993 1226 4055 indiuisa
1264 4004 1663 4071 cognoscatur
1702 4012 1834 4053 esse
1869 4012 2160 4071 persona;
2203 3992 2351 4052 illud
2388 3992 2632 4070 quidem
2667 3993 2927 4072 proprie-

505 4104 628 4156 tate
670 4103 931 4165 naturae,
975 4090 1171 4151 diuiso
1211 4092 1377 4168 quod
1419 4090 1804 4167 adsumptum
1848 4100 1938 4150 est
1978 4089 2054 4150 ab
2095 4090 2451 4150 adsumente
2468 4113 2487 4166 5
2532 4089 2678 4152 illud
2721 4105 2924 4156 autem

609 4255 669 4305 13
702 4239 785 4289 dic
806 4238 1076 4289 hominem.
1104 4239 1221 4289 dico
1243 4254 1392 4289 conn-
1416 4238 1558 4288 mihi.
1580 4240 1697 4289 dico
1721 4239 1788 4288 D.
1819 4240 1863 4290 C
1924 4240 2007 4291 dic
2028 4241 2096 4299 h„
2126 4241 2300 4291 dicens
2322 4260 2335 4290 z
2367 4241 2485 4291 dieo
2505 4242 2598 4292 &c-
2633 4244 2685 4291 V
2865 4262 2925 4310 ¹4

508 4322 624 4372 dico
658 4318 774 4384 (sor
793 4317 910 4380 deo)
937 4319 1041 4368 CV
1135 4319 1193 4369 16
1225 4328 1340 4369 sunt
1365 4319 1482 4383 (jbr
1500 4320 1597 4380 est)
1633 4321 1685 4368 V
1769 4334 1826 4382 17
1860 4336 1988 4369 unus
2022 4322 2071 4369 V
2184 4322 2242 4370 18
2264 4321 2350 4385 qui
2376 4320 2467 4384 (2⁰)
2491 4338 2568 4372 om
2596 4322 2642 4372 C
2669 4322 2758 4388 qui
2779 4323 2925 4375 salui-

511 4405 685 4456 ficatur
706 4404 792 4470 qui
813 4405 1057 4455 saluificat
1092 4404 1144 4451 V
1159 4404 1167 4463 Ι
1198 4410 1247 4451 et
1271 4403 1357 4467 qui
1380 4418 1425 4451 a.
1454 4418 1493 4450 S.
1520 4404 1617 4462 (om
1641 4402 1738 4462 est)
1774 4403 1824 4451 V

677 4509 704 4535 ⁴*
740 4510 871 4559 Phil.
897 4511 948 4557 ii.
974 4526 1020 4574 9.
1158 4510 1192 4561 'r
1225 4508 1336 4559 Col.
1366 4509 1398 4559 i.
1436 4512 1508 4559 18.
1592 4580 1606 4595 ·
1647 4513 1678 4568 ζ
1712 4511 1786 4571 [S.
1821 4510 1967 4559 Matt.
1994 4510 2061 4559 iii.
2100 4510 2214 4572 17?]
2344 4513 2372 4570 Β
2409 4510 2558 4560 Rom.
2583 4510 2650 4560 ix.
2681 4527 2759 4562 το.
