3221 5116
505 401 592 465 92

1176 402 1634 455 THEODORUS
1681 403 2269 457 MOPSUESTENUS
2337 399 2346 406 ⁸

2584 393 2701 476 [11.
2735 413 2795 474 9,
2834 410 2932 458 ιο·

639 574 709 637 in
751 574 979 640 habitu
1023 587 1249 642 ornato
1286 600 1432 642 cum
1467 581 1850 645 uerecundia
1891 592 1956 646 et
1980 582 2310 666 pudicitia
2352 604 2586 648 ornare
2625 606 2691 648 se
2736 585 2934 667 ipsas,

506 696 633 740 non
677 677 748 739 in
771 676 976 759 flexis
1016 680 1301 745 crinibus
1342 703 1505 746 auro
1548 694 1669 747 aut
1702 686 2091 768 margaritis
2127 697 2249 750 aut
2286 698 2454 751 ueste
2481 688 2783 770 pretiosa,
2815 688 2941 753 sed

506 778 682 860 quod
702 781 870 845 decet
896 782 1274 848 mulieribus
1285 786 1814 868 promittentibus
1839 787 2054 852 Deum
2083 791 2289 866 colere,
2305 801 2430 872 per
2454 792 2617 855 bona
2645 801 2848 874 opera.

638 931 759 994 per
801 913 1027 975 omnia
1071 911 1237 976 haec
1283 912 1426 977 uult
1470 915 1689 978 dicere
1734 916 2051 998 quoniam
2100 918 2453 981 ‘conuenit
2497 927 2565 982 et
2614 917 2931 982 mulieres

447 1013 772 1102 5illorum
822 1016 1114 1098 ipsorum
1175 1015 1594 1099 diligentiam
1656 1017 2044 1096 adhibere;’

2115 1020 2469 1083 docentem
2533 1021 2930 1085 mulieribus

509 1138 682 1202 quae
715 1118 936 1182 Deum
977 1118 1191 1182 colere
1229 1120 1529 1182 nituntur
1564 1121 1658 1183 ita
1689 1129 1764 1183 ut
1812 1121 1877 1183 in
1925 1122 2069 1202 ipsa
2105 1123 2325 1203 specie
2370 1125 2925 1188 uestimentorum

509 1233 578 1287 et
620 1223 1086 1286 uerecundiam
1121 1231 1188 1285 et
1229 1221 1620 1304 pudicitiam
1663 1222 1858 1285 simul
1901 1225 2277 1289 ostendant.
2368 1225 2494 1289 hoc
2534 1228 2712 1289 enim
2759 1228 2929 1291 dicit

509 1329 582 1391 in
631 1326 858 1391 ltabitu
902 1333 1129 1388 ornato
1169 1345 1315 1387 cum
1361 1324 1743 1388 uerecundia
1785 1334 1850 1387 et
1888 1325 2222 1389 sobrietate
2245 1351 2274 1402 ,·
2320 1333 2337 1360 ‘
2361 1349 2494 1391 non
2533 1330 2658 1393 sibi
2689 1350 2730 1392 a
2767 1330 2927 1393 soris

508 1442 974 1495 ornamentum
1021 1432 1337 1513 inponere
1383 1440 1739 1512 properent
1785 1430 1878 1493 ita
1923 1440 1998 1493 ut
2043 1431 2213 1494 solet
2261 1431 2416 1507 fieri,
2464 1454 2553 1495 ex
2601 1454 2762 1497 auro
2806 1445 2928 1497 aut

406 1558 484 1606 10
511 1537 883 1620 margaritis
913 1545 1028 1598 aut
1060 1533 1242 1596 flexu
1276 1534 1552 1595 crinium
1586 1542 1703 1595 aut
1734 1533 2026 1615 pretiosa
2058 1531 2280 1598 ueste.'
2343 1538 2662 1617 quoniam
2695 1546 2923 1600 autem

507 1661 707 1723 super
765 1639 892 1702 hoc
944 1636 1387 1700 necessarium
1440 1644 1583 1699 erat
1642 1636 1999 1699 exhortare
2060 1635 2370 1701 mulieres
2431 1639 2644 1720 magis
2718 1662 2924 1723 quam

507 1747 685 1810 uiros
739 1742 1015 1807 euidens
1075 1750 1193 1804 est.

1283 1760 1440 1803 nam
1501 1740 1686 1823 quod
1740 1740 1936 1815 dixit,
1981 1752 2112 1823 per
2162 1753 2348 1824 opera
2400 1744 2578 1821 bona,
2631 1743 2723 1807 illi
2774 1744 2924 1808 loco

508 1849 800 1915 reddidit
848 1847 1027 1930 quod
1083 1847 1364 1921 dixerat,
1415 1864 1646 1908 ornare
1689 1844 1977 1927 seipsam
2042 1853 2115 1907 ut
2176 1846 2262 1909 sit
2311 1846 2563 1910 dictum
2614 1868 2746 1911 non
2798 1847 2926 1910 illis

507 1975 580 2019 se
616 1954 859 2017 debere
901 1950 1117 2013 ornari
1164 1970 1335 2032 quae
1377 1948 1677 2030 superius
1709 1958 1861 2011 sunt
1895 1960 2278 2025 memorata,
2313 1952 2429 2014 sed
2474 1951 2667 2014 bonis
2710 1954 2926 2035 operi-

403 2081 475 2147 15
507 2060 677 2136 bus;
732 2056 913 2139 quod
959 2064 1426 2118 ornamentum
1464 2053 1709 2116 decens
1755 2062 1856 2115 est
1902 2052 2030 2115 illis
2074 2054 2187 2135 qui
2232 2054 2450 2117 Deum
2508 2055 2723 2117 colere
2774 2075 2928 2136 pro-

510 2164 804 2225 mittunt.
891 2160 1061 2223 bene
1107 2159 1202 2222 illi
1245 2168 1641 2223 ornamento
1686 2156 1848 2221 bona
1891 2168 2075 2240 opera
2116 2159 2538 2234 contrasistit,
2580 2158 2926 2221 euidenter

613 2382 655 2427 1,
685 2368 717 2416 8
749 2371 924 2415 ornatu
954 2363 1043 2413 C*
1069 2380 1104 2413 r

507 2456 558 2498 et
597 2447 714 2511 (sor
742 2446 814 2510 in)
855 2446 925 2495 H

510 2531 733 2596 (fhrper
753 2544 836 2593 op.
862 2524 935 2592 b.)
960 2528 1062 2578 Hr

1179 2458 1232 2494 11
1271 2444 1519 2494 exhortari
1559 2460 1593 2492 r

579 2713 623 2749 1.
692 2695 1354 2762 pudicitz‘a]=0·w4›poo·15m.
1428 2695 1499 2744 So
1543 2695 1670 2743 Am-

508 2780 677 2837 brstr.,
722 2778 842 2829 here
885 2779 983 2828 and
1029 2779 1081 2828 in
1127 2794 1175 2827 v.
1221 2791 1291 2840 15.
1365 2778 1477 2827 The
1510 2776 1661 2841 Vulg.

511 2861 604 2910 has
692 2857 1064 2915 “sobrietate‚”
1121 2874 1152 2908 a
1217 2858 1483 2922 rendering
1543 2858 1666 2906 with

512 2941 676 2991 which
700 2942 900 3007 Jerome
936 2940 1065 2990 finds
1099 2939 1225 2989 fault
1264 2938 1402 2999 (adu.
1426 2940 1605 3003 Jouin.
1630 2938 1666 2986 i.

514 3035 593 3085 27,
624 3022 799 3087 Migne
822 3024 883 3072 P.
905 3022 963 3071 L.
993 3035 1071 3084 23,
1094 3022 1207 3088 249)
1229 3039 1244 3081 ;
1276 3020 1342 3069 he
1360 3020 1528 3069 would
1552 3019 1666 3069 sub-

511 3106 682 3153 stitute
710 3104 741 3129 ‘⁴
757 3100 1034 3151 castitate-’⁹
1070 3102 1177 3150 Our
1199 3102 1465 3151 translator
1486 3101 1668 3151 almost

510 3183 781 3247 uniformly
810 3191 1088 3247 represents
1117 3184 1336 3244 σώφρων,
1379 3185 1669 3243 σωφροσύνη

511 3265 581 3329 by
612 3264 845 3328 pudicus,
876 3264 1120 3328 pudicitia
1138 3280 1157 3323 ,·
1203 3264 1256 3313 in
1299 3265 1501 3328 dealing
1543 3265 1668 3314 with

512 3344 686 3402 σεμνός
706 3342 771 3392 he
793 3345 836 3393 is
867 3343 1070 3393 divided
1108 3345 1335 3394 between
1371 3344 1457 3394 the
1493 3345 1667 3395 claims

511 3424 571 3474 os
585 3424 802 3488 pudz'cus
835 3425 936 3474 and
974 3425 1174 3474 sobrius.
1253 3425 1450 3474 Ornare
1488 3428 1668 3490 seipsas

514 3508 596 3573 (cf.
638 3508 797 3572 infra,
845 3507 880 3557 1.
923 3506 1263 3571 13)=xoo·p.eiv
1298 3508 1480 3557 ἑαυτάς.
1554 3509 1667 3559 The

511 3591 662 3641 Latin
717 3589 1006 3640 authorities
1059 3589 1174 3653 give
1234 3591 1516 3640 “ornantes
1560 3590 1665 3640 se.”

508 3674 577 3723 In
577 3673 740 3738 flexis
755 3671 1008 3727 cn'nibus;
1040 3668 1092 3718 in
1110 3670 1193 3719 the
1209 3679 1459 3720 comment
1481 3671 1663 3736 (infra,

507 3773 558 3821 p.
584 3771 665 3821 93,
689 3758 725 3805 1.
746 3758 813 3818 5),
841 3755 984 3804 tortis
1005 3755 1087 3803 uel
1105 3754 1266 3817 plexis
1301 3754 1343 3803 is
1365 3754 1664 3806 substituted

507 3838 587 3887 for
608 3838 778 3903 flexit.
877 3837 928 3885 T
918 3836 1042 3886 ortis
1075 3838 1118 3886 is
1156 3852 1187 3885 a
1226 3836 1578 3887 reminiscence
1612 3838 1673 3887 of

508 3919 594 3969 the
628 3918 778 3968 Latin
812 3919 1058 3977 versions;
1098 3917 1268 3983 plexis
1300 3914 1378 3980 (cf.
1416 3918 1501 3967 the
1536 3919 1659 3980 Gk„

509 3996 811 4060 πλέγμασιν)
852 4014 968 4062 may
1003 3999 1132 4048 have
1168 3998 1297 4047 been
1335 3998 1420 4048 the
1454 3999 1664 4064 original

508 4078 715 4142 reading
753 4077 805 4125 in
842 4094 931 4127 our
970 4085 1090 4138 text,
1130 4079 1218 4128 but
1258 4078 1282 4126 I
1324 4079 1480 4128 retain
1507 4080 1666 4145 flexis·

511 4161 649 4209 there
671 4159 723 4206 in
747 4157 1006 4207 deserence
1025 4166 1077 4207 to
1100 4173 1193 4206 our
1216 4158 1405 4219 MSS.;
1428 4175 1664 4226 compare

490 4242 641 4307 flexu
679 4239 895 4288 crinium
923 4240 975 4299 (1.
1008 4240 1105 4298 10).
1174 4240 1478 4289 Mulieribus
1489 4249 1656 4305 prom.

507 4325 622 4373 D.c.
637 4343 681 4363 =
689 4324 903 4383 γυναιξὶν
913 4323 1361 4383 ἐπαγγελλομέναις
1370 4324 1659 4387 θεοσέβειαν.

509 4404 574 4453 Ο.
598 4404 656 4454 L.
685 4403 785 4452 and
809 4403 982 4466 Vulg.‚
1014 4403 1293 4453 “mulieres
1315 4404 1662 4467 promittentes

508 4485 786 4536 castitatem
831 4501 871 4533 s.
912 4481 1256 4549 pudicitiam.'’
1322 4485 1434 4533 The
1473 4484 1661 4534 double

1285 2404 1292 2410 .
1378 2379 1404 2412 2
1441 2361 1638 2412 inflexis
1663 2360 1781 2426 (for
1801 2360 1852 2411 in
1878 2360 1950 2420 fl.)
1976 2378 2009 2410 r

1281 2541 1339 2592 13
1374 2527 1499 2577 dixit
1527 2523 1649 2590 Crl
1678 2533 1728 2575 et
1753 2523 2018 2591 (fhrut)r

2268 2375 2295 2424 5
2330 2363 2578 2412 dicentem
2612 2378 2644 2410 r
2892 2360 2926 2411 6

1825 2459 1880 2493 12
1917 2458 2007 2507 per
2043 2458 2196 2508 opera
2233 2444 2286 2491 in
2330 2444 2476 2492 bonis
2513 2442 2747 2508 operibus
2788 2442 2925 2494 bona

2249 2538 2306 2588 15
2340 2540 2394 2575 se
2417 2523 2766 2590 repromittunt
2788 2539 2822 2573 r

1761 2692 2162 2758 approximation
2204 2699 2258 2742 to
2298 2693 2383 2743 the
2420 2693 2522 2743 Gk.
2547 2693 2600 2741 in
2635 2709 2728 2742 our
2761 2699 2920 2742 trans·

1761 2771 1931 2822 lator’s
1953 2774 2149 2822 version
2174 2773 2275 2822 will
2299 2780 2386 2822 not
2409 2788 2588 2838 escape
2605 2774 2691 2823 the
2718 2773 2893 2823 reader
2905 2789 2922 2833 ;

1765 2854 2016 2904 Ambrstr.
2062 2856 2162 2904 and
2204 2856 2406 2920 Jerome
2449 2856 2548 2905 had
2590 2870 2720 2920 gone
2754 2871 2812 2905 so
2847 2855 2923 2911 far

1762 2951 1817 2984 as
1862 2943 1917 2984 to
1960 2937 2159 3001 replace
2208 2937 2554 3001 “pudicitiam
2570 2937 2598 2960 ”
2647 2939 2714 3002 by
2765 2939 2922 3003 “pie-

1764 3026 1934 3078 tatem,
1945 3017 1973 3039 '’
1995 3019 2095 3068 and
2132 3035 2189 3068 so
2214 3020 2364 3069 Fuld.
2437 3020 2539 3069 For
2571 3021 2698 3069 decet
2728 3035 2773 3069 c.
2810 3021 2913 3071 dat.

1763 3117 1847 3150 see
1873 3101 2093 3161 Ro'nsch,
2121 3102 2271 3161 Itala,
2310 3117 2360 3166 p.
2390 3117 2517 3165 4395
2550 3102 2603 3150 in
2637 3101 2771 3166 Eph.
2796 3101 2843 3149 v}
2871 3119 2919 3167 3,

1763 3182 1862 3231 Tit.
1880 3182 1929 3232 ii.
1966 3198 2007 3243 1,
2037 3199 2129 3232 our
2153 3184 2417 3234 translator
2437 3184 2635 3235 follows
2664 3186 2752 3235 the
2782 3201 2921 3236 more

1761 3264 1904 3313 usual
1927 3265 2279 3314 construction.
2349 3267 2451 3314 Per
2490 3267 2614 3314 bona
2657 3274 2831 3331 opera,·
2861 3284 2920 3318 so

1760 3347 1880 3394 Am.
1897 3363 1911 3404 ;
1977 3347 2145 3407 Fuld„
2212 3348 2249 3372 “
2267 3363 2355 3412 per
2422 3348 2608 3397 bonam
2664 3364 2922 3399 conuersa·

1761 3424 2005 3477 tionem.”

1828 3522 1874 3572 5.
1942 3509 2147 3557 illorum
2190 3509 2406 3573 ipsorum
2451 3510 2537 3559 dil.
2591 3510 2734 3573 adh]
2812 3515 2824 3539 ⁸
2842 3511 2921 3562 To

1759 3590 1824 3639 be
1862 3590 2104 3639 attentive
2139 3598 2192 3640 to
2231 3590 2370 3640 these
2405 3592 2571 3655 points
2609 3590 2669 3640 of
2696 3594 2921 3643 outward

1761 3672 2053 3737 propriety.'
2122 3673 2197 3721 Or
2217 3672 2444 3738 possibly
2465 3674 2670 3723 illorum
2695 3675 2917 3739 ipsorum

1762 3753 1813 3813 (i.
1835 3768 1886 3817 q.
1911 3753 2124 3802 illarum
2151 3754 2558 3817 ipsarum)=sui.

1831 3849 1905 3886 ια.
1952 3852 2071 3884 nam
2094 3836 2378 3899 quoddixit,
2405 3834 2556 3900 ‘pem’
2579 3835 2695 3897 δια]
2729 3837 2770 3886 1.
2787 3852 2834 3886 e.
2860 3835 2920 3887 δι’

1760 3917 1914 3978 ἔργων
1958 3917 2157 3977 ἀγαθῶν
2203 3917 2244 3966 is
2280 3925 2334 3965 to
2370 3917 2435 3966 be
2472 3918 2747 3967 connected
2795 3918 2916 3969 with

1761 3999 1956 4056 κοσμεῖν
1999 3998 2186 4054 ἑαυτάς,
2231 4006 2321 4047 not
2356 3998 2477 4048 with
2522 4000 2706 4061 ἐπαγγ.
2757 4000 2916 4047 θεοσέ·

1757 4082 1910 4141 βειαν.
1984 4080 2135 4129 Thdt.
2167 4079 2347 4144 adopts
2378 4081 2463 4130 the
2486 4082 2635 4130 latter
2668 4089 2919 4131 construc-

1757 4162 1880 4218 tion,
1910 4162 2009 4210 and
2047 4161 2088 4210 is
2116 4161 2352 4211 followed
2374 4161 2444 4224 by
2472 4162 2594 4212 Oec.
2629 4161 2785 4222 (ἔστιν
2819 4165 2919 4224 γὰρ

1760 4243 1837 4290 διὸ,
1884 4242 2045 4301 λόγων
2090 4242 2248 4300 μόνων
2304 4239 2709 4303 ἐπαγγέλλεσθαι
2757 4244 2918 4292 θεοσέ·

1754 4327 1912 4385 βειαν,
1961 4325 2059 4374 τοῖς
2108 4326 2160 4372 δὲ
2208 4326 2365 4387 ἔργοις
2410 4326 2560 4383 αὐτὴν
2618 4325 2883 4387 ἀρνεῖσθαι)
2901 4346 2916 4388 ;

1755 4407 1948 4470 Thpht.
1979 4408 2227 4456 mentions
2263 4407 2389 4457 both
2420 4407 2587 4464 views‚
2627 4407 2717 4455 but
2757 4423 2917 4459 seems

1756 4496 1808 4537 to
1833 4488 1992 4552 prefer
2014 4489 2098 4537 the
2122 4488 2320 4538 former.
