3221 5116
366 427 417 492 Ι.
460 423 716 493 16—11.
760 423 835 509 1.]
1242 437 1325 486 IN
1376 436 1477 487 ΕΡ.
1522 436 1629 486 AD
1673 436 1937 490 ΤιτυΜ.
2658 432 2782 503 ²43

361 615 619 690 bantur,
682 635 803 697 pro
861 611 1104 696 quibus
1176 611 1343 695 legis
1414 611 1672 677 dudum
1747 613 1928 680 latae
2002 623 2236 679 tenore
2307 613 2444 680 alia
2509 614 2782 697 quidem

361 721 603 787 debere
658 718 917 792 insumi,
976 716 1109 780 alia
1157 736 1315 780 uero
1376 716 1625 799 repelli,
1673 716 1828 781 ‘illa
1882 716 2151 802 (inquit)
2201 738 2376 801 quae
2422 716 2510 782 ad
2559 737 2781 782 escam

364 823 540 887 sacta
593 831 751 885 sunt
812 820 974 885 nihil
1025 822 1089 883 in
1143 841 1216 884 se
1268 821 1665 884 inmundum
1719 820 1989 897 habent,
2035 821 2093 886 si
2144 828 2374 886 tamen
2427 822 2577 904 quis
2625 841 2781 885 cum

363 926 614 989 munda
662 926 1066 990 conscientia
1125 924 1288 989 uelit
1342 946 1422 989 ea
1474 926 1848 1005 insumere3
1917 928 1972 991 si
2017 927 2166 1011 quis
2216 949 2376 993 uero
2422 949 2544 1012 per
2585 948 2778 992 suam

361 1030 893 1095 incredulitatem
925 1028 1131 1092 habet
1174 1027 1651 1092 conscientiam
1693 1029 2212 1112 coinquinatam,
2242 1030 2405 1094 nihil
2451 1031 2776 1094 mundum
2849 1035 2883 1103 5

360 1158 504 1199 esse
526 1134 769 1217 poterit
789 1133 883 1195 illi
908 1133 1020 1214 qui
1045 1131 1197 1195 talis
1218 1140 1359 1210 est;
1406 1141 1682 1196 nocetur
1709 1142 1934 1197 autem
1967 1132 2272 1198 similiter
2293 1155 2382 1199 ex
2407 1132 2715 1199 omnibus
2736 1132 2778 1173 ⁴⁸*

360 1240 486 1304 illis
535 1260 657 1303 sua
709 1235 1021 1321 perfidia.’
1114 1246 1181 1301 et
1229 1235 1547 1319 quoniam
1608 1236 1957 1320 antiquam
2017 1237 2481 1321 proponebant
2530 1235 2777 1300 habere

357 1364 430 1408 se
461 1344 907 1426 cognitionem
938 1362 951 1405 :

487 1510 701 1574 Deum
737 1509 998 1593 (inquit)
1032 1508 1414 1593 confitentur
1437 1530 1503 1573 se
1529 1508 1740 1586 scire,·
1783 1510 2073 1594 operibus
2098 1519 2314 1574 autem
2346 1517 2601 1592 negant,
2628 1528 2773 1571 cum

356 1615 497 1679 sint
519 1612 892 1678 execrabiles
917 1622 980 1676 et
1007 1610 1363 1695 diffidentes
1389 1621 1454 1675 et
1477 1611 1576 1675 ad
1594 1632 1779 1676 omne
1806 1623 1960 1694 opus
1989 1612 2221 1677 bonum
2251 1612 2513 1695 reprobi.
2807 1629 2885 1677 10

490 1762 507 1793 ‘
530 1767 777 1842 negant
835 1755 1100 1839 (inquit)
1155 1776 1357 1839 opere
1405 1755 1547 1819 eius
1591 1756 2063 1839 cognitionem,
2108 1755 2271 1821 dum
2326 1756 2585 1840 legibus
2634 1757 2776 1821 eius

360 1862 595 1927 nolunt
655 1863 1131 1944 obtemperare,
1192 1879 1409 1942 neque
1477 1858 1730 1942 aliquid
1791 1860 1879 1924 de
1939 1860 2073 1924 illis
2130 1881 2306 1943 quae
2365 1861 2775 1926 conueniunt

360 1965 593 2050 agere.'
682 1974 752 2030 et
781 1965 1009 2029 dicens
1039 1964 1167 2029 ista
1195 1964 1516 2031 aduersus
1546 1963 1738 2031 illos:

488 2134 560 2190 tu
589 2135 808 2190 autem
837 2124 1084 2209 loquere
1109 2145 1274 2206 quae
1299 2122 1516 2187 decent
1539 2143 1778 2187 sanam
1808 2122 2187 2188 doctrinam.

360 2321 556 2402 νόμον
591 2326 723 2390 τῶν
757 2323 876 2406 μὲν
913 2321 1056 2389 δέον
1098 2324 1655 2406 μεταλαμβάνειν,
1683 2322 1816 2390 τῶν
1845 2322 1914 2390 δὲ
1944 2320 2351 2411 ἀπέχεσθαι·
2395 2328 2412 2355 ‘
2431 2322 2563 2386 τῶν
2588 2345 2772 2404 «γενγο-
2809 2334 2879 2402 15

356 2425 559 2493 νότων
599 2426 856 2512 (φησὶν)
897 2424 1276 2512 ἀκάθαρτον
1331 2425 1538 2504 οὐδέν,
1598 2425 1658 2493 εἰ
1716 2423 1794 2507 δή
1849 2452 1949 2497 τις·
2006 2424 2226 2491 αὐτῶν
2275 2422 2537 2515 καθαρᾷ
2578 2450 2775 2509 μετα-

357 2531 693 2616 λαμβάνοι
743 2531 824 2616 τῇ
870 2529 1119 2616 γνώμῃ·
1181 2528 1448 2597 ἐπειδὰν
1493 2526 1562 2595 δέ
1607 2554 1705 2599 τις
1756 2527 1839 2594 δι’
1892 2525 2218 2596 ἀπιστίαν
2262 2526 2406 2618 ἔχοι
2449 2527 2567 2611 τὴν
2619 2553 2774 2594 συν-

359 2632 614 2714 είδησιν
670 2633 1192 2716 μεμολυμμένην,
1252 2630 1547 2718 καθαρὸν
1619 2629 1806 2697 οὐδὲν
1863 2633 1959 2719 τῷ
2029 2628 2324 2717 τοιούτῳ,
2381 2629 2775 2709 βλάπτεται

356 2734 483 2822 «γὰρ
531 2732 640 2820 ὑφ’
684 2732 993 2800 ἁπάντων
1035 2732 1307 2817 ὁμοίως]

462 2921 482 2955 1
521 2910 745 2954 tenorem
772 2903 816 2953 C
832 2903 901 2952 H
911 2918 944 2952 r

355 2987 476 3037 bent
499 2988 566 3037 H
751 2981 785 3033 6
817 2984 1011 3035 nocitur
1030 2984 1099 3034 H

357 3070 547 3119 tionem
568 3068 638 3117 H
806 3081 858 3116 11
897 3080 1051 3131 opera
1070 3065 1139 3114 Η

355 3151 471 3200 adu.
496 3150 609 3199 illos
630 3164 709 3199 om
731 3164 764 3197 r

358 3230 724 3294 μιμολυσμένην
741 3228 859 3280 edd.

1104 2918 1132 2952 α
1167 2918 1287 2969 sepe
1308 2901 1383 2953 illi
1399 2901 1514 2968 (sor
1532 2901 1727 2967 repelli)
1750 2902 1821 2952 H
1973 2916 2002 2965 3
2033 2900 2188 2950 habet
2215 2899 2259 2950 C
2280 2898 2425 2964 (corr)
2624 2913 2652 2961 5
2686 2898 2775 2948 ha-

1260 2997 1287 3047 7
1310 3000 1385 3050 sq.
1414 2991 1464 3034 et
1485 2982 1990 3050 quoniam...reprobi
2013 2983 2068 3045 [l.
2103 2981 2183 3045 10]
2201 2997 2280 3030 om
2304 2997 2337 3030 r
2528 2981 2561 3030 8
2593 2995 2774 3045 cogua-

1351 3081 1409 3130 ¹3
1443 3064 1608 3129 fagere
1631 3063 1880 3127 [εἶπα-ε
1891 3062 1935 3126 Ρ]
1959 3061 2075 3128 (for
2091 3060 2257 3128 agere)
2280 3062 2347 3112 H
2365 3059 2374 3126 Ι
2402 3068 2455 3112 et
2485 3061 2657 3112 dicens
2677 3060 2776 3111 ista

994 3162 1051 3207 14
1074 3162 1149 3212 sq.
1176 3153 1232 3196 tu
1253 3152 1767 3197 autem...sermonem
1789 3160 1867 3194 om
1890 3160 1923 3194 r
2142 3158 2201 3208 ¹4
2233 3142 2418 3193 docent
2438 3142 2509 3193 H
2714 3143 2775 3193 18

354 3372 638 3438 scrupuloso
668 3390 714 3412 =
745 3367 1031 3433 scrupulose
1085 3365 1151 3417 cf.
1210 3366 1297 3417 the
1362 3366 1513 3417 inter·

355 3457 548 3521 change
580 3455 633 3504 in
671 3452 771 3505 this
807 3449 1103 3502 translation
1137 3449 1197 3499 os
1228 3447 1507 3509 necess-arab,

357 3535 636 3588 necessarie.

430 3637 472 3671 1.
558 3617 665 3668 alia
692 3615 906 3683 φκὶᾱοιι,
931 3612 1049 3675 &c.]
1115 3610 1198 3663 Cf.
1224 3623 1261 3661 1.
1284 3628 1371 3678 pp.
1402 3625 1515 3675 242,

356 3700 471 3768 296.

421 3798 469 3832 α.
555 3781 647 3831 illa
683 3777 887 3844 (iuquit)
919 3792 1048 3842 quae
1079 3776 1153 3826 ad
1181 3790 1355 3831 escam,
1395 3772 1510 3835 Sne-1

355 3862 475 3920 Th..
506 3861 629 3911 with
661 3861 747 3910 the
779 3865 918 3924 great
951 3857 1186 3922 majority
1216 3856 1275 3906 of
1302 3856 1388 3906 the
1422 3870 1510 3920 pa·

354 3942 512 3993 tristic
534 3949 936 4000 commentatore,
964 3939 1117 3990 refers
1146 3947 1200 3989 to
1235 3938 1320 3988 the
1352 3936 1511 3986 aboli-

357 4026 464 4076 tion
485 4025 544 4074 os
558 4024 643 4073 the
665 4023 797 4088 legal
819 4021 1125 4072 mtdctions
1148 4036 1216 4071 on
1239 4019 1376 4070 sood.
1427 4019 1510 4069 Cf.

352 4109 585 4174 Jerome:
631 4105 900 4154 “aduentu
934 4103 1121 4154 Christi
1152 4110 1364 4168 purgata
1396 4108 1511 4149 sunt

356 4185 644 4240 omnia...in
665 4184 813 4234 nobis
834 4184 1003 4249 itaque
1025 4192 1101 4234 est
1132 4184 1397 4233 comedere
1430 4182 1513 4232 uel

355 4268 545 4320 munda
588 4265 669 4316 uel
714 4263 1007 4324 immunda;
1060 4263 1103 4312 si
1146 4263 1282 4312 enim
1336 4261 1511 4311 mundi

353 4363 538 4407 sumna,
568 4343 755 4394 munda
776 4342 923 4392 nobis
944 4349 1017 4391 est
1042 4338 1316 4390 creatura.”

417 4446 542 4498 quae
579 4429 652 4478 ad
681 4424 1017 4477 escam...talis
1049 4423 1139 4485 est]
1219 4422 1369 4474 cited
1424 4421 1499 4486 by

356 4516 624 4569 Lansranc.

1679 3382 1727 3428 4.
1787 3370 1887 3428 per
1921 3378 2066 3412 suam
2094 3359 2506 3423 incredulitatem]
2570 3361 2668 3412 Th.
2698 3360 2774 3410 in-

1613 3453 1826 3513 terprets
1857 3448 1957 3499 τοῖς
1988 3446 2348 3507 aemulamur,
2385 3445 2538 3494 κ.τ.λ.
2576 3459 2633 3494 as
2669 3443 2763 3493 is=

1612 3531 1711 3580 τοῖς
1749 3529 1828 3579 διὰ
1864 3526 1956 3588 τὴν
1995 3525 2227 3579 ἀπιστίαν
2261 3525 2617 3585 μεμιαμμένοις.
2687 3523 2772 3575 Cf.

1617 3614 1810 3678 Pelag.=
1838 3610 2195 3677 “coinquinati
2216 3618 2268 3660 et
2289 3608 2520 3659 infideles
2535 3614 2665 3668 sunt,
2685 3607 2775 3672 qui

1614 3708 1718 3743 non
1739 3693 1947 3743 credunt
1976 3691 2148 3756 iugum
2182 3690 2307 3754 legis
2338 3704 2370 3738 a
2402 3688 2536 3738 collo
2567 3689 2773 3737 creden-

1615 3776 1739 3826 tium
1776 3774 2055 3825 Dominum
2086 3769 2406 3822 abstulisse-’⁹
2470 3770 2586 3819 Illis
2609 3769 2666 3830 (1.
2692 3768 2773 3831 7);

1614 3856 1706 3906 sor.
1735 3855 1834 3919 leg.
1858 3854 1944 3903 illi
1964 3869 2022 3903 or
2042 3851 2141 3902 ille.

1679 3950 1727 3999 9.
1770 3931 2312 3997 Deum...confilentur,
2335 3927 2452 3990 &c.]
2486 3927 2598 3979 The
2622 3928 2769 3979 Latin

1613 4017 1834 4066 versions
1877 4015 2006 4064 have
2063 4018 2095 4040 ‘⁴
2111 4028 2259 4062 nosse
2275 4012 2305 4034 ”
2362 4011 2440 4060 sor
2486 4011 2621 4072 scire,
2669 4011 2770 4061 and

1620 4094 1857 4145 “sactis”
1904 4093 1978 4143 sor
2019 4092 2254 4157 operibus.
2349 4092 2450 4141 For
2488 4092 2773 4142 execrabiles

1615 4178 1905 4237 (Ambrstr.‚
1935 4176 2101 4235 Hier.)
2126 4175 2212 4225 the
2239 4175 2390 4238 Vulg.
2425 4175 2566 4238 gives
2600 4174 2773 4223 “abo-

1614 4262 1788 4310 minati
1808 4256 1838 4281 ”
1885 4260 2195 4321 (βδελυκτοί),
2243 4259 2344 4308 and
2388 4257 2465 4306 sor
2506 4257 2773 4322 diffidentes

1615 4343 1865 4391 Ambrstr.
1887 4340 1986 4389 and
2018 4339 2162 4388 Hier.
2187 4339 2373 4404 rightly
2401 4339 2580 4388 render
2614 4339 2770 4389 “inc-

1612 4419 1951 4473 boedientes'’
1986 4417 2257 4482 (ἀπειθεῖς),
2297 4419 2462 4470 whilst
2498 4420 2583 4469 the
2614 4419 2765 4484 Vulg.

1614 4504 1705 4554 has
1731 4500 2150 4553 “incredibiles.''
