3221 5116
535 406 662 469 310
754 398 775 437 -·
1493 403 1878 453 APPENDIX
1921 403 1987 453 A.

539 642 590 679 2.
676 618 911 702 [Leont.
971 621 1074 679 l.c.
1127 619 1213 696 (ἐκ
1255 622 1356 679 τοῦ
1400 618 1465 679 ιε’
1509 617 1733 701 λόγου).
1833 623 2023 682 Cone.
2070 622 2190 683 CP.
2236 620 2295 682 ii.
2342 639 2422 682 ιν.
2467 643 2543 700 43
2597 621 2662 702 (“
2683 620 2954 685 eiusdem

697 738 774 778 ex
825 717 978 778 libro
1033 716 1399 778 duodecimo
1440 717 1519 778 de
1559 717 2045 799 Incarnatione'')
2065 742 2084 796 3
2124 722 2193 780 ib.
2228 738 2281 778 v.
2317 719 2474 801 (“ex
2502 722 2720 783 eodem
2749 721 2902 783 libro
2919 723 2951 749 ’'

697 845 744 867 =
766 821 803 852 “
823 835 897 877 ex
927 817 1197 877 secundo
1225 815 1379 877 libro
1409 815 1617 894 Cyrilli
1636 816 1706 896 ”).
1791 816 1922 895 Vig.
1956 837 2051 891 44
2139 820 2229 879 Cf.
2264 821 2517 893 Sachau,
2546 838 2605 898 p.
2639 837 2718 898 50
2744 816 2867 900 sq.]-

660 968 863 1028 Nemo
891 965 1140 1027 artificio
1169 963 1700 1045 interrogationum
1729 966 2077 1047 decipiatur.
2161 968 2518 1047 flagitiosum
2548 967 2708 1030 enim
2737 978 2828 1028 est
2853 966 2957 1027 de-

541 1080 775 1141 ponere
796 1063 1045 1141 quidem
1065 1074 1292 1124 tantam
1312 1064 1553 1125 testium
1584 1066 1829 1137 nubem,
1853 1065 2182 1125 secundum
2213 1066 2377 1143 quod
2406 1067 2714 1143 apostolus
2743 1065 2890 1126 dixit
2902 1062 2960 1137 *,

537 1157 746 1221 astutis
787 1171 989 1222 autem
1030 1158 1594 1238 interrogationibus
1644 1163 1934 1238 deceptos
1971 1162 2443 1223 aduersariorum
2472 1162 2623 1240 parti
2651 1160 2951 1239 coniungi.

539 1276 694 1334 quae
731 1276 874 1317 uero
911 1267 1050 1318 sunt
1087 1276 1245 1333 quae
1282 1277 1422 1317 cum
1459 1269 1585 1318 arte
1628 1257 2038 1335 interrogant?
2108 1258 2403 1320 ‘hominis
2433 1259 2703 1338 genetrix
2743 1256 2968 1329 Maria,-

474 1373 506 1434 5
539 1372 618 1412 an
657 1352 775 1413 Dei
808 1352 1125 1430 genetrix?
1145 1356 1159 1382 ’
1217 1364 1317 1414 et:
1363 1359 1378 1387 ‘
1402 1352 1505 1431 qui
1534 1353 1843 1414 crucifixus
1864 1365 1970 1430 est,
2003 1365 2199 1415 utrum
2232 1359 2400 1416 Deus
2422 1376 2500 1415 an
2528 1356 2791 1416 homo?'
2847 1355 2958 1415 sed

539 1446 783 1510 istorum
823 1448 1066 1526 quidem
1109 1459 1271 1518 certa
1314 1460 1403 1509 est
1446 1448 1743 1510 absolutio
1783 1460 1845 1510 et
1886 1470 1960 1510 ex
2000 1449 2091 1511 his
2133 1471 2288 1528 quae
2331 1450 2730 1529 praediximus
2772 1450 2833 1510 in
2874 1469 2962 1510 re-

541 1545 776 1623 sponsis
831 1565 987 1633 quae
1041 1546 1121 1606 ad
1168 1545 1660 1622 interrogationes
1709 1547 1942 1607 suerunt
1959 1568 1977 1622 3
2019 1559 2221 1609 tamen
2272 1567 2415 1608 uero
2463 1548 2693 1609 dicatur
2736 1560 2794 1609 et
2838 1547 2958 1607 iam

541 1664 704 1705 nunc
740 1663 896 1722 quae
923 1642 1356 1722 compendiose
1382 1645 1746 1720 respondere
1775 1656 2013 1722 oportet
2041 1657 2107 1706 ut
2136 1646 2299 1705 nulla
2325 1646 2410 1706 eis
2439 1645 2680 1707 occasio
2707 1644 2961 1726 astutiae

541 1740 923 1818 relinquatur.

446 1929 517 1968 10
625 1901 761 1963 ὅταν
813 1901 999 1963 τοίνυν
1053 1905 1334 1980 ἐρωτῶσιν
1388 1907 1404 1936 ‘
1423 1899 1705 1978 ἅνθρωπο-
1882 1923 2020 1964 cum
2057 1922 2200 1981 ergo
2240 1901 2617 1980 interrogent,
2667 1908 2682 1937 ‘
2701 1901 2965 1963 hominis

544 2000 710 2065 τόκος
744 1999 782 2077 ἢ
824 1999 1088 2063 θεοτόκος
1114 1998 1151 2077 ἦ
1181 1999 1411 2077 Μαρία,’
1449 1998 1707 2081 λεγέσθω
1801 2000 2071 2078 genetrix
2111 2012 2214 2061 aut
2255 1999 2369 2060 Dei
2401 1999 2671 2078 genetrix
2709 1992 2964 2060 Maria?’

543 2097 676 2179 Αιταρ·
712 2096 871 2174 ἡμῶν
908 2095 1297 2177 ,ὀὶμφότερα·’
1344 2095 1411 2157 τό
1451 2098 1554 2172 μὲν
1593 2095 1707 2178 γὰρ
1805 2098 2036 2182 dicatur
2074 2118 2112 2157 a
2153 2097 2342 2173 nobiS,
2384 2100 2964 2174 ‘utraque’—-unum

546 2197 618 2274 τῇ
664 2193 841 2272 φύσει
884 2196 988 2254 τοῦ
1033 2193 1382 2275 πράγματος,
1426 2194 1493 2254 τὰ
1533 2194 1597 2254 δὲ
1635 2197 1709 2274 τῇ
1805 2195 2051 2273 quidem
2092 2205 2300 2255 natura
2332 2192 2434 2267 rei,
2472 2197 2721 2255 alterum
2757 2206 2960 2255 autem

545 2292 821 2375 ἀναφορᾷ.
907 2291 1332 2370 οἶνθρωποτόκος
1365 2290 1609 2372 μὲν-γὰρ
1635 2296 1708 2371 τῇ
1802 2293 2106 2355 relatione.
2178 2292 2437 2353 hominis
2487 2292 2648 2353 enim
2693 2291 2966 2372 genetrix

448 2413 470 2452 1
486 2410 516 2470 5
549 2391 742 2468 φύσει,
785 2391 1011 2467 ἐπείπερ
1052 2389 1342 2467 ἅνθρωπος
1380 2388 1452 2466 ἦν
1491 2388 1525 2450 ὁ
1554 2395 1612 2449 ἐν
1636 2393 1710 2469 τῇ
1806 2404 2032 2462 natura,
2076 2388 2220 2468 quia
2259 2389 2442 2449 homo
2484 2401 2608 2450 erat
2650 2390 2711 2450 in
2755 2402 2966 2451 uentre

548 2493 737 2570 κοιλίᾳ
769 2493 872 2568 τῆς
909 2491 1152 2567 Μαρίας,
1183 2487 1255 2553 ὥς
1291 2488 1383 2547 καὶ
1416 2489 1709 2567 προῆλθεν
1810 2487 2055 2562 Mariae,
2079 2486 2221 2565 quia
2238 2496 2299 2546 et
2316 2486 2604 2564 processit
2631 2487 2775 2548 inde
2786 2510 2804 2564 3
2845 2487 2962 2548 Dei

549 2589 784 2650 ἐκεῖθεν·
826 2588 1087 2652 θεοτόκος
1122 2587 1200 2663 δέ,
1230 2587 1456 2662 ἐπείπερ
1484 2586 1613 2650 θεὸς
1637 2585 1709 2662 ἦν
1806 2599 2007 2649 autem
2048 2586 2334 2664 genetrix,
2363 2586 2504 2663 quia
2546 2588 2714 2648 Deus
2749 2596 2873 2647 erat
2901 2585 2966 2645 in

548 2691 607 2747 ἐν
642 2691 720 2767 τῷ
751 2686 1009 2766 τεχθέντι
1032 2684 1320 2765 ἀνθρώπῳ,
1350 2683 1451 2743 οὐκ
1479 2688 1536 2744 ἐν
1563 2681 1712 2763 αὐτῷ
1807 2684 2053 2745 homine
2097 2697 2259 2759 nato,
2299 2705 2424 2746 non
2465 2685 2527 2745 in
2568 2684 2672 2744 illo
2717 2683 2968 2744 circum-

546 2781 1030 2864 περιγραφόμενα·
1079 2783 1221 2842 κατὰ
1263 2781 1369 2857 τήν
1409 2779 1605 2856 φύσιν,
1650 2784 1711 2841 ἐν
1806 2780 2059 2858 scriptus
2119 2783 2452 2843 secundum
2506 2793 2798 2856 naturam,
2854 2782 2968 2841 sed

447 2900 520 2938 20
549 2877 696 2959 αὐτῷ
747 2878 809 2939 δὲ
861 2877 937 2939 ὧν
989 2878 1134 2939 κατοὶ
1188 2876 1295 2956 τήν
1349 2877 1555 2957 σχέσιν
1605 2880 1710 2955 τῆς
1807 2879 1967 2956 quod
1996 2877 2059 2938 in
2087 2898 2161 2940 eo
2190 2892 2315 2941 erat
2344 2881 2563 2941 affectu
2590 2876 2935 2940 uoluntatis.

556 2977 783 3057 γνώμης.

670 3129 870 3207 itaque
899 3142 1148 3209 utraque
1175 3131 1423 3209 quidem
1453 3130 1573 3192 dici
1603 3129 1822 3190 iustum
1853 3141 1961 3201 est,
1986 3149 2110 3190 non
2138 3141 2337 3191 autem
2357 3130 2687 3190 secundum
2711 3129 2968 3190 similem

549 3227 856 3288 rationem.
941 3248 1057 3288 nec
1098 3228 1259 3289 enim
1301 3228 1451 3290 sicut
1492 3229 1680 3288 homo
1717 3226 1780 3286 in
1818 3240 1989 3288 utero
2027 3239 2091 3286 ut
2124 3241 2278 3288 esset
2308 3227 2569 3304 suscepit
2597 3225 2847 3300 initium,
2880 3227 2971 3287 sic

550 3341 609 3388 et
641 3330 806 3388 Deus
834 3328 1099 3388 Verbum
1119 3349 1138 3401 3
1178 3340 1301 3388 erat
1331 3327 1492 3388 enim
1521 3339 1663 3388 ante
1692 3345 1933 3387 omnem
1965 3337 2308 3386 creaturam.
2394 3322 2598 3402 itaque
2626 3338 2685 3385 et
2714 3335 2970 3403 utraque

450 3437 519 3495 ²5
551 3425 669 3487 dici
698 3426 915 3487 iustum
946 3436 1055 3499 est,
1085 3436 1146 3486 et
1175 3437 1490 3502 utrumque
1519 3444 1728 3485 eorum
1757 3424 2087 3484 secundum
2117 3422 2415 3500 propriam
2446 3423 2750 3485 rationem.

672 3524 833 3586 idem
874 3536 1073 3584 autem
1115 3524 1600 3600 respondendum
1645 3534 1705 3583 et
1747 3521 1794 3581 si
1837 3521 2237 3598 interrogent:
2282 3522 2483 3580 ‘Deus
2524 3520 2836 3580 crucifixus
2878 3532 2974 3581 est

553 3645 631 3685 an
659 3626 844 3685 homo
862 3625 921 3683 ?’
969 3623 1132 3700 quod
1166 3626 1182 3655 ‘
1200 3633 1450 3698 utraque
1479 3621 1745 3698 quidem,
1777 3638 1901 3679 non
1928 3630 2132 3678 autern
2160 3618 2490 3678 secundum
2519 3616 2771 3678 similem
2798 3617 2974 3678 ratio-

553 3721 731 3780 nem.'
805 3738 944 3778 nam
982 3718 1079 3777 hic
1121 3717 1367 3794 quidem
1408 3717 1722 3775 crucifixus
1766 3726 1872 3786 est,
1903 3726 2113 3791 utpote
2155 3725 2215 3774 et
2257 3712 2597 3792 passionem
2638 3711 2973 3792 suscipiens

553 3832 613 3879 et
641 3818 803 3895 ligno
829 3818 1076 3890 adfixuS,
1109 3828 1167 3876 et
1196 3817 1273 3877 ab
1304 3815 1544 3875 Iudaeis
1574 3816 1894 3888 detentus;
1935 3813 2036 3873 ille
2065 3824 2285 3885 autem,
2314 3813 2482 3889 quod
2510 3823 2635 3872 erat
2663 3831 2801 3873 cum
2828 3809 2970 3888 ipso

451 3931 528 3988 30
555 3916 884 3976 secundum
914 3913 1286 3992 praedictam
1314 3932 1555 3973 causam
1569 3915 1623 3972 'h

660 4171 720 4207 ro
752 4155 902 4220 igitur
926 4154 1040 4218 (fir
1059 4153 1199 4219 ergo)
1228 4155 1272 4204 C
1515 4169 1571 4217 ¹3
1606 4153 1899 4203 naturaliter
1923 4153 2038 4217 (for
2056 4154 2255 4213 natura)
2286 4152 2332 4202 C
2546 4163 2621 4214 ¹5·
2652 4161 2708 4213 17
2730 4148 2976 4215 quoniam

558 4237 674 4303 (for
691 4238 830 4303 quia)
858 4238 903 4287 C
1017 4250 1073 4300 ¹5
1107 4243 1252 4286 utero
1275 4236 1393 4302 (fhr
1411 4234 1604 4301 uentre)
1636 4237 1681 4286 C
1780 4234 1838 4286 16
1860 4235 1946 4301 qui
1971 4236 2086 4300 (for
2103 4234 2242 4301 quia)
2271 4235 2316 4284 C
2346 4234 2398 4283 V
2491 4235 2548 4284 ¹8
2570 4249 2633 4285 eo
2658 4233 2774 4299 (for
2793 4231 2900 4296 illo)
2933 4233 2983 4283 C

564 4320 927 4386 19·secundum
947 4318 1181 4368 affectum
1211 4318 1255 4367 C

658 4426 685 4451 ¹*
721 4425 882 4489 [Heb.
914 4424 999 4473 xii.
1038 4422 1100 4483 ι].
1232 4421 1266 4475 †
1301 4423 1352 4472 S.
1389 4416 1529 4486 Cyri!
1560 4424 1720 4473 adds:
1757 4423 2016 4486 “Insuper
2044 4429 2211 4472 autem
2236 4419 2478 4470 bisinfert
2502 4419 2672 4471 statim
2696 4419 2978 4486 procedens

558 4507 694 4573 quod
717 4503 976 4556 crucifixus
998 4503 1151 4552 homo
1174 4511 1276 4553 erat
1300 4503 1492 4553 habens
1516 4504 1684 4553 Deum
1708 4503 2085 4553 inhabitantem.
2096 4501 2125 4522 “
2192 4500 2273 4552 Cf.
2300 4500 2460 4564 inst-a,
2489 4517 2538 4566 p.
2570 4515 2682 4564 314,
2706 4502 2733 4560 5
2759 4517 2801 4551 2.
