3221 5116
365 370 818 428 FRAGMENTS
863 373 958 428 01¹·
1001 373 1157 427 THE
1201 373 1599 429 DOGMATIC
1644 371 1914 427 woRKs
1959 372 2054 426 OF
2100 369 2529 425 THEODORE.
2597 371 2725 440 329

307 571 370 607 τε
409 555 604 626 νοερᾶς
643 547 737 608 καὶ
773 548 986 627 σαρκὸς
1025 557 1352 612 συνεστῶτα
1374 549 1467 613 οἷν-

311 656 610 734 θρωπίνης·
680 656 746 717 ὃν
806 655 1102 736 ἄνθρωπον
1151 656 1289 720 ὄντα
1343 658 1467 720 καθ’

307 758 455 839 ἡμᾶς
521 761 626 840 τήν
692 764 887 840 φύσιν,
941 763 1254 842 πνεύματος
1306 763 1468 846 ἁγίου

309 866 536 948 δυνάμει
582 875 643 932 ἐν
682 873 756 951 τῇ
800 875 901 948 τῆς
946 871 1228 950 παρθένου
1278 871 1468 952 μήτρᾳ

248 988 280 1049 5
312 970 751 1045 διαπλασθέντα,
784 972 1126 1042 ΓεΝόΜεΝοΝ
1161 970 1233 1035 ἐκ
1269 993 1466 1046 swan-

313 1080 423 1143 κόε
449 1084 543 1144 καὶ
574 1082 920 1153 remoue-uon
953 1082 1076 1155 γ’πὸ
1111 1083 1331 1159 Νόμου,
1362 1083 1467 1146 ‘ina

310 1182 530 1257 πάντας
589 1192 737 1271 ἡμεῖς
805 1192 1132 1279 &iar-opaci)
1147 1198 1184 1234 ὓ
1226 1199 1328 1274 τῆς
1368 1203 1469 1258 τοῦ

313 1298 489 1375 νόμου
524 1299 796 1375 δουλείας,
830 1300 934 1379 τὴν
971 1301 1263 1382 πόρρωθεν
1292 1327 1469 1383 προω-

307 1406 580 1484 ρισμένην
670 1409 959 1469 υἱοθεσίαν
1053 1408 1467 1487 ἀπολαβόντας,

211 1538 286 1578 10
309 1513 640 1594 α’πορρήτως
678 1523 932 1597 συνῆψεν
970 1521 1144 1598 ἑαυτῷ
1157 1539 1170 1553 ·
1226 1518 1469 1580 θανάτου

309 1625 414 1700 μὲν
448 1621 618 1684 αὖτὸν
647 1650 790 1685 κατα
817 1624 992 1702 νόμον
1017 1623 1326 1703 ἀνθρώπων
1350 1650 1467 1685 πει-

308 1729 595 1807 ρασθῆναι
621 1730 1064 1807 κατασκευάσας,
1091 1730 1305 1812 ἔγειρας
1324 1728 1386 1790 δὲ
1407 1734 1469 1790 ἐκ

310 1838 516 1914 νεκρῶν
553 1836 647 1897 καὶ
682 1835 978 1920 ἀναγαγών
1005 1841 1082 1902 εἷς
1107 1862 1347 1915 ουρανον
1373 1839 1469 1898 καὶ

312 1942 605 2008 καθίσας’
578 1971 639 2006 εκ
667 1945 858 2016 δεξιῶν
883 1971 985 2007 του
1013 1947 1160 2008 θεοῦ.
1238 1945 1367 2009 οθεν
1395 1943 1466 2023 δή

212 2077 281 2140 15
311 2053 606 2141 γ’περὰκω
664 2058 859 2121 udcuc
923 2055 1214 2143 Ῠπάρχωω
1276 2056 1466 2143 ἀρχῆς

314 2166 405 2230 καὶ
466 2168 730 2243 {lorche
791 2166 881 2234 nai
950 2174 1303 2257 κγριότητοο
1376 2170 1465 2236 καὶ

312 2284 639 2356 mnam-:mc
703 2281 794 2348 nai
855 2284 1091 2348 ivaurde
1153 2283 1464 2349 ὀΝόΜατοο

311 2392 789 2470 ὀΝοΜαΖομι-Ξωογ
850 2397 963 2469 οῩκ
1023 2395 1094 2459 ἐκ
1146 2398 1240 2481 τῷ
1291 2393 1468 2460 aiebat

312 2510 518 2592 τογ’τῳ
550 2511 771 2584 nomon,
795 2507 951 2572 ἀλλὰ
985 2506 1075 2573 καὶ
1101 2508 1174 2573 ἐκ
1198 2509 1294 2593 τῷ
1316 2511 1466 2573 Μέλ-

210 2639 288 2681 20
314 2612 533 2680 λΟΝΤΓΙ·
573 2617 679 2698 τὴν
705 2616 861 2698 napa*
889 2618 1079 2696 πάσης
1105 2622 1208 2696 τῆς
1236 2620 1472 2685 κτίσεως

315 2724 535 2806 δέχεται
587 2725 995 2805 προσκύνησιν,
1041 2724 1114 2791 οἷς
1152 2724 1470 2807 ἀχώριστον

311 2832 454 2912 πρός
488 2832 595 2911 τήν
629 2833 781 2894 θείαν
805 2833 983 2911 φύσιν
1009 2833 1148 2914 ἔχων
1172 2835 1277 2910 τήν
1302 2835 1470 2895 συνά-

314 2948 499 3020 φειαν,
528 2939 789 3022 ἀναφορᾷ
812 2942 943 3003 θεοῦ
965 2941 1059 3000 καὶ
1075 2942 1262 3021 ἐννοίᾳ
1279 2940 1471 3020 πάσης

314 3044 460 3125 αὐτῷ
500 3048 602 3123 τῆς
649 3045 882 3108 κτίσεως
929 3043 1034 3122 τὴν
1079 3047 1472 3125 προσκύνησιν

211 3177 243 3217 2
252 3174 287 3235 5
312 3149 723 3230 αἶπονεμούσης.
813 3152 906 3211 καὶ
952 3150 1080 3214 οὔτε
1128 3153 1227 3214 δύο
1281 3155 1472 3231 φαμὲν

312 3260 467 3324 vicus·
518 3259 645 3320 οὔτε
700 3258 798 3320 δύο
852 3259 1087 3339 κυρίους,
1146 3258 1338 3338 ἐπειδή
1393 3259 1472 3326 εἷς

312 3365 431 3431 υἱός
485 3365 603 3427 κατ’
658 3365 877 3441 οὐσίαν,
933 3364 966 3426 ὁ
1022 3367 1147 3432 θεός
1201 3365 1390 3450 λόγος,
1434 3366 1472 3427 o‘

311 3475 624 3559 μονογενῆς
675 3474 799 3541 υἱός
851 3479 952 3537 τοῦ
1005 3473 1217 3555 πατρός
1238 3496 1252 3511 ·
1319 3473 1470 3557 ᾧπερ

313 3582 473 3648 οὗτος
542 3586 897 3664 συνημμένος
957 3610 1022 3645 τε
1076 3584 1169 3645 καὶ
1220 3586 1472 3666 μετέχων

210 3718 289 3778 30
317 3697 580 3776 θεότητος
619 3700 877 3759 κοινωνεῖ
908 3700 1010 3775 τῆς
1034 3698 1157 3757 υἶοῦ
1182 3722 1471 3781 προσηγο-

314 3815 440 3893 ρίας
482 3840 547 3875 τε
588 3814 681 3874 καὶ
722 3817 889 3892 τιμῆς
911 3835 924 3849 ·
984 3813 1079 3874 καὶ
1123 3811 1311 3893 κύριος
1352 3813 1472 3875 κατ’

317 3928 521 3992 οὐσίαν
558 3929 593 3991 ὅ
634 3931 761 3995 θεός
798 3930 990 4013 λόγος,
1031 3930 1075 4012 ᾧ
1120 3932 1476 4012 συνημμὲνος

321 4038 483 4106 οὗτος
528 4046 782 4102 κοινωνεῖ
824 4046 926 4120 τῆς
967 4046 1148 4122 τψῆς.
1236 4044 1330 4105 καὶ
1384 4042 1478 4105 διὰ

319 4158 488 4216 τοῦτο
525 4153 656 4217 οὔτε
692 4154 792 4217 δύο
829 4158 1019 4237 φαμὲν
1043 4156 1196 4221 vimis·
1221 4156 1351 4220 οὔτε
1377 4156 1478 4220 δύο

1565 551 1768 614 anima
1807 549 2079 613 rationali
2127 560 2189 612 et
2238 570 2416 611 carne
2447 551 2729 611 *humana

1565 647 2003 724 constitutum,
2068 665 2369 725 quemque
2416 646 2725 708 hominem

1566 747 1895 807 secundum
1939 765 2054 808 nos
2102 744 2464 819 naturaliter,
2509 742 2727 806 uirtute

1567 854 1629 905 et
1670 842 1944 922 potentia
1985 842 2233 921 Spiritus
2275 841 2466 904 sancti
2507 842 2570 902 in
2611 841 2725 903 uir-

1561 938 1717 1019 ginis
1772 951 1943 1002 utero
1999 942 2331 1020 figuratum,
2372 941 2602 1018 sactum
2655 960 2728 1000 ex
2795 960 2828 1021 5

1567 1038 1816 1112 muliere,
1840 1039 2072 1115 sactum
2108 1039 2214 1099 sub
2249 1039 2378 1115 lege,
2410 1045 2480 1096 ut
2511 1056 2726 1098 omnes

1563 1154 1679 1196 nos
1715 1155 1791 1196 ex
1827 1133 2150 1196 maledicto
2183 1133 2330 1212 legis
2356 1146 2419 1195 et
2445 1133 2727 1194 seruitute

1563 1233 1876 1306 redimoeet,
1898 1231 2289 1310 adoptionem
2309 1230 2565 1292 filiorum
2582 1231 2726 1291 olim

1564 1329 2068 1407 praedestinatam
2097 1327 2468 1407 recipienteS,
2498 1328 2726 1389 inenar-

1566 1430 1830 1492 rabiliter
1869 1429 2174 1508 copulauit
2214 1427 2327 1491 sibi
2369 1440 2549 1506 atque
2589 1447 2728 1489 con·
2760 1449 2834 1489 10

1566 1527 1794 1604 iunxit,
1862 1538 2115 1588 mortem
2162 1525 2406 1603 quidem
2455 1544 2594 1586 eum
2642 1542 2729 1584 se-

1566 1627 1833 1687 cundum
1889 1624 2203 1686 hominum
2250 1624 2446 1702 legem
2486 1641 2730 1701 praepa-

1567 1746 1706 1787 rans
1768 1724 2036 1804 experiri,
2110 1724 2404 1788 suscitans
2472 1743 2618 1786 uero
2691 1744 2730 1784 a

1567 1821 1817 1884 mortuis
1870 1834 1931 1884 et
1992 1822 2055 1883 in
2119 1824 2351 1884 caelum
2407 1822 2727 1884 subleuans

1566 1923 1776 1982 sedere
1792 1920 1930 1982 fecit
1951 1922 2032 1982 ad
2049 1922 2356 1982 dexteram
2374 1919 2509 1980 Dei.
2552 1938 2731 1997 prop·
2761 1943 2831 2004 15

1567 2027 1657 2077 ter
1710 2017 1877 2095 quod
1945 2016 2207 2078 existens
2272 2024 2450 2093 super
2509 2034 2727 2075 omnem

1553 2112 1952 2188 principatum
1979 2117 2033 2169 et
2042 2116 2371 2188 potestatem
2399 2115 2454 2167 d
2474 2108 2731 2168 domina·

1566 2211 1772 2269 tionem
1814 2217 1870 2268 et
1915 2210 2187 2269 uirtutm
2229 2214 2286 2266 et
2326 2225 2488 2266 omne
2530 2224 2729 2265 nomen

1566 2307 1725 2382 quod
1759 2307 2102 2367 nominatur
2141 2323 2254 2364 non
2297 2305 2479 2363 solum
2527 2304 2590 2362 in
2633 2303 2736 2361 hoc

1567 2405 1782 2464 saeculo
1808 2405 1911 2464 scd
1929 2405 2099 2462 ctiam
2127 2404 2190 2462 in
2201 2402 2435 2477 future,
2455 2401 2531 2460 ab
2560 2398 2730 2460 omni
2759 2421 2835 2462 20

1567 2509 1836 2561 creatura
1862 2496 2183 2561 adorabilis
2211 2495 2469 2575 suscepit
2488 2515 2731 2557 uenera-

1569 2594 1813 2671 tionem,
1887 2605 2194 2673 tamquam
2272 2593 2729 2671 inseparabilem

1568 2714 1710 2755 cum
1765 2693 1973 2756 diuina
2026 2705 2238 2755 natura
2306 2694 2535 2753 habens
2589 2711 2729 2753 con-

1566 2791 1957 2868 iunctionem,
1981 2802 2043 2854 et
2063 2802 2370 2869 tamquam
2390 2791 2528 2850 Deo
2549 2807 2730 2866 supra

1568 2908 1814 2950 omnem
1834 2888 2261 2968 cogitationem
2280 2898 2339 2949 et
2360 2885 2729 2948 intellectum
2760 2908 2790 2947 2
2798 2904 2830 2966 5

1567 2987 1848 3050 uniuersa
1889 2987 1976 3047 illi
2022 2998 2292 3048 creatura
2337 2983 2730 3047 reuerentiam

1568 3082 1909 3145 exhibente.
1981 3093 2044 3145 et
2071 3102 2268 3161 neque
2296 3083 2449 3143 duos
2478 3081 2731 3142 dicimus
2817 3112 2824 3116 ·

1568 3183 1723 3245 filios
1741 3202 1938 3261 neque
1956 3182 2108 3244 duos
2124 3180 2424 3255 dominos,
2442 3179 2730 3259 quoniam

1542 3299 1725 3342 ‚unus
1774 3279 1961 3341 Filius
2009 3279 2341 3342 secundum
2390 3276 2727 3354 essentiam,

1567 3378 1835 3438 Verbum
1896 3378 2083 3451 DeuS,
2138 3373 2480 3454 unigenitus
2542 3373 2728 3435 Filius
2756 3400 2837 3459 30

1571 3474 1778 3551 Patris,
1798 3473 1895 3536 cui
1911 3474 2022 3537 iste
2043 3473 2415 3550 coniunctus,
2433 3472 2732 3552 particeps

1570 3573 1827 3649 deitatis,
1897 3593 2287 3636 communem
2363 3574 2546 3634 habet
2628 3570 2732 3633 filii

1569 3672 2084 3751 nuncupationem
2133 3684 2193 3734 et
2248 3673 2581 3750 honorem3
2648 3671 2734 3732 ni-

1572 3767 1897 3830 hilominus
1945 3768 2225 3830 dominus
2263 3769 2597 3830 secundum
2643 3789 2734 3831 es·

1571 3869 1828 3930 sentiam
1899 3870 2069 3931 Deus
2135 3868 2404 3930 Verbum
2469 3880 2578 3944 est,
2634 3868 2735 3929 cui
2760 3883 2836 3946 35

1571 3966 1927 4029 coniunctus
1981 3967 2093 4029 iste
2142 3980 2202 4030 et
2258 3967 2518 4029 sociatus
2572 3988 2734 4030 com·

1573 4063 1927 4125 munionem
1963 4065 2145 4127 habet
2172 4064 2417 4127 honoris
2444 4086 2582 4126 cum
2610 4067 2731 4128 illo.

1571 4172 1633 4222 et
1672 4173 1991 4240 propterea
2028 4182 2230 4243 neque
2269 4164 2425 4227 duos
2478 4164 2737 4228 dicimus

1162 4339 1219 4375 ω
1253 4329 1627 4390 παρασκευάσας
1647 4330 1745 4381 cod.
1768 4331 1892 4383 Par.

860 4471 887 4498 ⁹
922 4472 1036 4524 Gal.
1061 4472 1128 4521 iv.
1153 4490 1201 4534 4,
1227 4487 1271 4537 5.

1826 4477 1859 4531 †
1896 4478 2027 4544 Eph.
2055 4478 2088 4527 i.
2113 4493 2195 4529 αι.
