3221 5116
250 409 337 475 V.
373 426 475 484 223
508 408 637 493 23·]
840 421 925 472 m
973 422 1078 472 ΕΡ.
1124 420 1228 471 An
1274 419 2023 472 THESSALomcENsEs
2067 421 2114 472 1.
2588 420 2671 487 39

249 597 645 681 ‘reprobare
687 594 1089 680 prophetas'
1121 603 1190 659 et
1232 594 1345 683 illa
1386 593 1564 660 nolle
1606 594 1942 677 suscipere
1984 612 2158 677 quae
2194 590 2282 656 ab
2326 590 2457 654 illis
2494 591 2672 655 dice-

246 699 511 776 bantur,
532 697 659 763 hoc
687 698 851 763 dicit
882 718 1191 781 spernere
1222 696 1508 780 Spiritus
1540 696 2085 781 inoperationem.
2133 701 2149 730 ‘
2170 695 2287 758 sed
2312 693 2366 757 si
2400 690 2668 776 (inquit)

246 801 635 865 seductores
674 801 941 876 timetis,
974 800 1252 883 accipite
1290 800 1402 864 illa
1437 821 1609 884 quae
1654 801 1980 875 dicuntur,
2028 798 2388 881 probantes
2436 795 2569 871 illa,
2602 802 2672 857 et

246 902 305 965 si
361 903 633 966 inuenta
679 902 919 966 fuerint
961 901 1183 985 aliqua
1227 903 1469 966 diuinis
1514 902 1773 985 legibus
1819 902 2148 966 contraria
2192 900 2279 963 de
2324 897 2451 962 illis
2496 916 2671 981 quae

245 1003 576 1081 dicuntur,
610 1004 722 1067 illa
752 1003 894 1068 sola
925 1005 1166 1078 reicite,
1199 1013 1423 1068 tenete
1455 1025 1615 1069 uero
1648 1004 1961 1071 meliora.’
2050 1004 2294 1068 deinde
2324 1002 2530 1067 adicit
2561 1023 2575 1064 :
2743 1006 2775 1074 5

382 1164 468 1229 ab
494 1165 676 1228 omni
699 1164 894 1247 specie
922 1164 1101 1228 mala
1128 1165 1453 1230 abstinete.

385 1294 574 1377 quasi
606 1294 718 1377 qui
751 1302 819 1357 et
849 1291 976 1357 hoc
1009 1294 1227 1376 ipsum
1262 1303 1525 1358 uersute
1556 1293 1869 1370 facerent,
1903 1294 2166 1358 dicens:

387 1454 517 1535 ipse
559 1474 647 1516 au
654 1462 777 1516 tem
822 1452 1004 1517 Deus
1052 1451 1243 1536 pacis
1301 1451 1654 1537 sanctificet
1703 1475 1819 1517 uos
1869 1451 2184 1536 perfectos
2203 1475 2235 1528 ,-

2302 1461 2365 1515 et
2427 1451 2677 1533 integer

250 1565 467 1620 uester
518 1555 793 1638 spiritus
849 1565 913 1619 et
988 1556 1217 1619 anima
1274 1567 1338 1619 et
1392 1567 1615 1638 corpus
1685 1558 1827 1621 sine
1880 1555 2131 1638 querela
2190 1555 2259 1618 in
2316 1553 2672 1617 aduentum

250 1660 512 1726 domini
538 1660 749 1723 nostri
773 1660 821 1722 I
814 1680 920 1722 esu
957 1658 1209 1725 Christi
1234 1670 1544 1724 seruetur.
2707 1673 2787 1720 10

387 1797 534 1850 orat
594 1808 715 1870 pro
764 1786 894 1850 illis
943 1788 1040 1851 ita
1090 1795 1165 1850 ut
1218 1787 1431 1850 sancti
1480 1807 1600 1869 per
1643 1788 1870 1852 omnia
1914 1786 2374 1850 custodiantur
2417 1792 2485 1848 et
2530 1785 2674 1848 sine

252 1888 527 1972 querela
558 1888 781 1952 animo
813 1909 1079 1972 quoque
1126 1889 1260 1951 sint
1305 1897 1374 1952 et
1420 1910 1712 1971 corpore,
1748 1892 1842 1954 ita
1888 1898 1961 1953 ut
1993 1899 2062 1954 et
2106 1889 2355 1953 tributa
2388 1887 2673 1970 Spiritus

357 2083 386 2116 2
421 2066 623 2132 spiritus
644 2082 809 2131 spern.
836 2083 869 2115 r

253 2149 361 2198 add
385 2149 428 2198 C
449 2146 596 2212 (corr)
794 2162 820 2211 7
855 2147 977 2198 dicit
1005 2148 1048 2198 C
1067 2149 1217 2211 (corr)

324 2316 377 2368 6.
411 2317 660 2380 abstinete]
684 2318 748 2368 O.
762 2319 822 2369 L.
836 2320 935 2368 and
945 2319 1096 2385 Vulg.
1109 2320 1209 2370 add
1235 2317 1420 2369 “uos.'’

256 2399 501 2465 Persea-tos
525 2400 824 2464 (ὀλστελεῖς),
851 2400 1081 2463 Iren.¹'²‘·;
1100 2403 1270 2467 Vulg„
1288 2406 1421 2467 “per

259 2481 493 2533 omnia.”

333 2581 410 2616 11.
480 2566 1074 2626 orat....minorationem]
1154 2565 1304 2615 Cited
1355 2565 1424 2629 by

262 2644 533 2695 lanfranc.

337 2744 413 2779 12.
453 2728 526 2776 ita
551 2735 609 2776 ut
628 2733 674 2776 et
691 2728 809 2776 trib.
826 2729 912 2792 Sp.
930 2728 1118 2793 gratia,
1148 2726 1262 2787 δια]
1323 2725 1423 2776 Th.

262 2810 469 2876 regards
492 2808 622 2868 ὑμῶν
657 2811 712 2858 τὸ
744 2813 930 2869 πνεῦμα
965 2826 1020 2859 as
1055 2809 1337 2874 equivalent
1372 2815 1426 2858 to

265 2892 298 2953 ἡ
315 2893 742 2956 ἐπιχορηγουμένη
766 2893 871 2952 ὑμῖν
884 2893 1023 2955 χάρις
1039 2892 1129 2942 τοῦ
1141 2896 1423 2953 πνεύματος.

267 2977 340 3027 So
365 2976 565 3040 Chrys.:
600 2976 657 3023 τὸ
688 2974 914 3034 πνεῦμα
944 2976 992 3023 τί
1015 2976 1165 3035 φησὶν
1188 2975 1423 3034 ἐνταῦθας

265 3060 323 3108 τὸ
363 3055 618 3121 χάρισμα),
657 3058 757 3106 and
813 3057 992 3116 Thdt„
1053 3066 1107 3107 to
1162 3058 1248 3106 the
1289 3072 1427 3114 same

265 3139 426 3189 effect.
501 3139 585 3189 On
624 3137 710 3200 the
740 3137 882 3187 other
919 3137 1053 3186 hand
1084 3137 1169 3186 the
1208 3136 1428 3185 Alexan·

267 3222 439 3271 drians
456 3236 591 3269 seem
610 3226 663 3267 to
678 3218 805 3268 have
829 3218 1166 3281 traditionally
1185 3217 1427 3282 regarded

268 3300 371 3350 this
393 3315 535 3349 verse
566 3314 620 3347 as
642 3314 673 3346 a
693 3298 895 3347 witness
923 3306 977 3347 to
1011 3297 1095 3347 the
1130 3297 1430 3362 trichotomy

270 3382 330 3432 of
358 3381 547 3431 human
574 3387 748 3430 nature
763 3397 779 3441 3
814 3379 930 3430 thus
964 3380 1214 3442 Didymus
1248 3379 1307 3428 de
1339 3381 1425 3442 Sp.

272 3466 326 3514 S.
354 3479 413 3527 55
439 3463 652 3527 (Migne‚
683 3463 747 3511 P.
770 3462 834 3511 L.
869 3474 948 3524 23,
984 3462 1192 3525 148—9)
1223 3474 1431 3524 argues:

277 3544 617 3596 “incredibile
641 3552 716 3594 est
745 3552 897 3608 atque
920 3542 1270 3606 blasphemum
1291 3557 1433 3591 orare

273 3629 559 3694 apostolum
581 3636 639 3678 ut
660 3627 877 3692 Spiritus
900 3642 940 3676 s·
969 3626 1163 3690 integer
1191 3633 1428 3685 seruetur,

274 3712 359 3777 qui
376 3728 470 3761 nec
490 3709 890 3760 imminutionem
911 3715 1075 3773 potest
1101 3706 1319 3771 recipere
1342 3722 1435 3756 nec

277 3794 582 3859 prosectum3
626 3792 691 3841 de
714 3790 934 3839 humano
957 3804 1093 3852 ergo,
1118 3795 1172 3838 ut
1196 3788 1427 3847 diximuS,

276 3876 453 3941 spiritu
496 3874 551 3924 in
605 3874 702 3923 hoc
757 3872 971 3937 apostoli
1016 3886 1180 3920 sermo
1229 3877 1436 3919 testatus

279 3953 400 4005 est.”
459 3954 571 4003 The
594 3952 881 4019 opposition
904 3951 962 4000 of
986 3952 1070 4000 the
1094 3950 1436 4000 Antiochenes

280 4046 335 4086 to
377 4036 481 4087 this
522 4035 648 4085 view
703 4050 806 4084 was
862 4033 1123 4083 enhanced
1180 4033 1246 4096 by
1303 4031 1434 4081 their

280 4121 459 4171 dislike
503 4119 562 4169 of
608 4116 1074 4182 Apollinarianism‚
1126 4115 1292 4164 which
1335 4130 1437 4164 was

282 4201 434 4250 based
455 4216 521 4250 on
546 4199 631 4249 the
653 4198 878 4249 doctrine
913 4198 1022 4247 that
1052 4197 1238 4246 human
1263 4204 1438 4246 nature

282 4281 334 4331 in
373 4281 437 4331 its
475 4281 687 4345 entirety
720 4279 931 4329 consists
963 4279 1021 4327 ἐκ
1056 4280 1325 4336 πνεύματος
1358 4277 1439 4326 καὶ

286 4366 444 4425 ψυχῆς
487 4365 569 4413 καὶ
610 4363 833 4421 σώματος
890 4359 1066 4425 (Greg.
1116 4360 1268 4424 Nyss
1313 4359 1436 4409 adu.

284 4446 502 4509 Apollin·
554 4457 632 4509 35,
678 4443 872 4506 Migne,
922 4443 985 4492 P.
1021 4442 1078 4492 G.
1131 4455 1215 4505 45,
1274 4438 1437 4505 1200).

290 4525 367 4575 Cf.
390 4526 486 4591 Bp.
515 4525 740 4585 Ellieott,
769 4522 986 4583 Destiny
1007 4522 1160 4587 qftlte
1183 4522 1437 4577 Gnatum,

1050 2087 1082 2131 4
1115 2067 1157 2116 si
1180 2067 1281 2118 inu.
1309 2067 1376 2117 al.
1399 2066 1434 2115 f.
1458 2067 1711 2117 diuinibus
1734 2067 1845 2130 [sic]
1866 2067 1964 2132 leg.
1987 2068 2056 2116 H

1418 2164 1474 2199 12
1510 2149 1670 2198 sancti
1695 2149 1792 2214 (ast
1812 2151 1909 2214 sp.)
1932 2149 2038 2198 add
2052 2165 2086 2197 r

2213 2065 2245 2116 6
2279 2082 2370 2117 uos
2393 2064 2502 2132 (bes.
2523 2064 2675 2131 abst.)

1522 2320 1684 2370 Serm.
1716 2333 1806 2382 V.;
1841 2320 2115 2377 Delitzsch‚
2141 2319 2360 2370 Biblical
2383 2319 2679 2384 Pvrchology

1523 2400 1604 2466 (E.
1630 2409 1710 2463 tr.,
1739 2403 1819 2453 ed.
1845 2401 2041 2466 Clark),
2072 2418 2124 2466 p.
2159 2400 2275 2459 1063
2310 2401 2410 2451 and
2444 2417 2678 2467 compare

1522 2486 1608 2535 the
1655 2486 1827 2550 Syriae
1873 2486 2119 2550 fragment
2151 2483 2210 2534 of
2241 2484 2339 2535 Th.
2378 2485 2437 2533 de
2465 2485 2675 2533 Incarn.

1520 2567 1719 2630 printed
1773 2567 1842 2631 by
1899 2568 2112 2627 Sachau,
2171 2582 2259 2631 pp.
2318 2579 2396 2630 37,
2452 2567 2670 2625 «ἐφ’

1527 2654 2089 2768 emh-Lan
2160 2648 2675 2739 «ἃμα-»Μ

1530 3171 1832 3258 00ssssss
1867 3198 1978 3259 (viz.
2003 3198 2087 3247 the
2109 3203 2308 3262 present
2331 3197 2506 3257 verse).

1594 3297 1707 3347 The
1763 3299 2105 3348 Antiochenes
2153 3304 2255 3348 met
2310 3298 2396 3348 the
2452 3296 2587 3347 force
2635 3295 2694 3345 os

1529 3380 1820 3445 Didymus’s
1850 3381 2115 3446 objection,
2144 3383 2182 3432 it
2210 3381 2312 3431 will
2335 3383 2399 3431 be
2421 3380 2683 3439 observed,

1529 3464 1598 3527 by
1632 3463 1920 3528 explaining
1952 3466 2007 3513 τὸ
2045 3461 2230 3524 πνεῦμα
2272 3464 2345 3512 ad
2382 3463 2430 3511 Ιι.
2449 3464 2483 3512 Ι.
2523 3463 2576 3510 in
2613 3477 2689 3511 re·

1531 3546 1727 3596 serence
1760 3554 1814 3596 to
1845 3547 1930 3596 the
1957 3563 2105 3611 grace
2134 3547 2194 3596 of
2218 3546 2304 3596 the
2335 3545 2492 3610 Spirit
2523 3542 2692 3592 rather

1533 3628 1658 3677 than
1705 3635 1758 3677 to
1806 3629 1905 3677 His
1959 3629 2162 3678 Person.
2243 3628 2329 3676 An
2380 3640 2691 3690 anonymous

1533 3709 1700 3760 writer
1723 3710 1772 3758 in
1801 3709 2048 3760 Cramer’s
2073 3717 2252 3759 catena
2274 3707 2340 3773 (p.
2372 3706 2485 3770 374)
2511 3705 2690 3755 endea-

1532 3806 1683 3840 vours
1728 3797 1782 3840 to
1827 3789 1972 3839 effect
2014 3806 2046 3838 a
2088 3787 2421 3852 compromise
2464 3786 2692 3836 between

1534 3872 1622 3922 the
1654 3872 1884 3937 opposite
1919 3872 2072 3920 views
2104 3870 2172 3933 by
2202 3868 2457 3932 confining
2489 3868 2575 3918 the
2608 3867 2692 3917 tri·
2711 3927 2726 3942 ⁸

1535 3952 1774 4017 chotomy
1804 3961 1858 4002 to
1889 3951 2181 4006 Christian&
2212 3950 2264 3998 in
2298 3950 2467 3999 whom
2503 3949 2589 3999 the
2618 3951 2692 3997 in-

1536 4035 1776 4100 dwelling
1810 4035 1964 4100 Spirit
1997 4034 2150 4084 forms
2182 4049 2214 4082 a
2248 4049 2361 4083 new
2393 4033 2608 4082 clement
2642 4031 2704 4082 of

1536 4116 1768 4181 spiritual
1811 4116 1930 4165 life:
1979 4114 2205 4165 οὐδεπότε
2249 4117 2332 4164 ἐπὶ
2375 4112 2587 4164 ἀπίστου
2629 4112 2697 4162 τὰ

1536 4198 1649 4259 τρία
1692 4198 1920 4257 τέθεικεν,
1959 4193 2162 4257 πνεῦμα,
2205 4195 2381 4261 ψυχήν,
2417 4199 2495 4246 καὶ
2536 4197 2695 4255 σῶμα,

1536 4276 1649 4326 ἀλλ’
1670 4279 1753 4326 ἐπὶ
1774 4278 1928 4337 μόνων
1958 4281 2056 4328 τῶν
2083 4277 2426 4328 πιστευόντων·
2463 4275 2527 4326 ὧν
2559 4279 2697 4340 ψυχὴ

1536 4361 1627 4419 μὲν
1662 4362 1742 4408 καὶ
1777 4357 1916 4420 σῶμα
1952 4360 2038 4420 τῆς
2080 4362 2284 4421 φύσεως,
2321 4361 2378 4409 τὸ
2421 4360 2475 4408 δὲ
2510 4359 2699 4417 πνεῦμα

1537 4443 1625 4502 τῆς
1654 4443 1944 4505 εὐεργεσίας,
1973 4443 2244 4501 τουτέστιν,
2266 4443 2324 4492 τὸ
2353 4440 2570 4503 χάρισμα
2598 4441 2697 4491 τῶν

1539 4522 1883 4570 τιστεύοντων.
