3221 5116
551 379 635 455 78
1216 385 1677 437 THEODORUS
1724 382 2310 436 MOPSUESTENUS
2627 369 2707 453 [Ι.
2747 385 2843 445 12,
2882 386 2981 450 13.

552 579 684 622 non
727 556 987 622 habent
1015 556 1449 621 necessariam
1501 555 1666 639 legis
1711 554 2167 620 definitionem
2201 576 2217 633 3
2265 556 2549 621 alterum
2602 577 2764 620 uero
2809 575 2982 637 quo-

550 662 731 725 niam
793 680 1064 725 omnem
1124 647 1344 724 omnis
1412 659 1752 743 legitimae
1816 659 2162 723 doctrinae
2224 658 2510 724 sormam
2576 660 2984 744 praecellere

551 765 817 830 uidetur
874 764 988 828 illa
1045 763 1211 827 fides
1276 783 1451 846 quae
1508 763 1595 827 de
1651 762 1781 826 illis
1840 771 1960 840 est,
2023 772 2092 827 et
2159 764 2246 827 ad
2310 783 2580 828 omnem
2649 765 2981 829 uirtutum

551 869 883 934 cautelam
929 890 1044 934 eos
1088 868 1449 952 perducere
1502 877 1744 951 potest.

489 986 522 1053 5
682 972 928 1038 deinde
957 973 1145 1056 quasi
1178 992 1268 1035 ex
1299 971 1632 1035 dictorum
1678 970 2028 1053 sequentia
2069 971 2365 1047 uertitur,
2406 978 2482 1035 ut
2525 971 2774 1054 gratias
2818 982 2987 1055 agat

554 1077 722 1156 Deo,
760 1076 1077 1160 quoniam
1122 1075 1554 1139 commissum
1599 1084 1705 1138 est
1748 1074 1874 1138 sibi
1913 1074 2364 1155 euangelium,
2410 1095 2562 1138 cum
2613 1096 2747 1140 non
2801 1085 2987 1141 esset

553 1181 815 1265 dignus,
921 1181 1216 1246 abutitur
1273 1201 1432 1245 uero
1496 1179 1607 1243 illa
1669 1199 1849 1262 quae.
1903 1199 2063 1263 erga
2126 1200 2198 1243 se
2260 1191 2468 1255 erant,
2534 1181 2821 1245 reserens
2892 1182 2983 1246 ad

554 1287 1006 1352 ostensionem
1052 1287 1403 1359 dictorum,
1449 1282 1781 1366 simulque
1832 1282 2302 1348 demonstrans
2361 1285 2677 1367 quoniam
2727 1284 2984 1349 miseri-

554 1391 781 1455 cordia
829 1391 1170 1454 uniuersos
1221 1389 1522 1454 Christus
1575 1386 1880 1463 saluauit,
1941 1386 2008 1450 in
2071 1386 2307 1451 futuris
2368 1387 2517 1451 illos
2567 1390 2984 1454 constituens

454 1508 535 1556 10
558 1494 767 1571 bonis,
813 1494 881 1557 in
927 1494 1168 1577 quibus
1208 1502 1277 1556 et
1317 1492 1744 1574 persistentes
1797 1491 2206 1556 inuertibiles
2243 1490 2416 1555 ultra
2464 1493 2608 1556 sine
2655 1503 2982 1576 peccato;

559 1599 655 1662 ita
707 1607 782 1662 ut
835 1608 903 1662 et
950 1597 1283 1681 superflua
1325 1597 1452 1660 illis
1499 1595 1873 1660 necessario
1913 1594 2028 1660 lex
2075 1617 2219 1660 esse
2260 1597 2583 1662 uideatur.
2662 1596 2844 1680 quod
2894 1618 2984 1660 ex

562 1701 723 1783 ipsis
768 1700 984 1783 magis
1013 1700 1387 1764 ostenditur
1415 1699 1677 1777 uerbis;
1722 1699 1953 1763 dicens
1984 1700 2161 1763 enim
2198 1700 2544 1764 secundum
2573 1703 2987 1785 euangelium

549 1803 806 1888 gloriae
834 1802 1006 1869 beati
1028 1802 1176 1882 Dei,
1207 1804 1383 1887 quod
1402 1804 1717 1869 creditum
1745 1815 1841 1869 est
1869 1800 2050 1881 milti,
2083 1805 2324 1869 adicit:

690 1969 755 2023 et
786 1956 1052 2040 gratias
1088 1952 1211 2038 &go
1243 1955 1309 2019 ei
1346 1952 1466 2037 qui
1506 1975 1607 2018 me
1648 1956 2046 2037 confortauz't
2082 1955 2153 2020 in
2206 1955 2460 2023 Christo
2502 1956 2652 2021 Iesu
2696 1955 2990 2021 Domino

462 2070 534 2138 15
565 2070 793 2137 nostra,
835 2059 1141 2143 quoniam
1181 2057 1447 2143 fidelem
1506 2078 1607 2121 me
1654 2058 2077 2134 existimauit,
2117 2071 2362 2143 ponens
2408 2060 2480 2124 in
2526 2060 2987 2138 ministerium,

563 2164 685 2249 qui
693 2163 993 2247 primum
1021 2184 1202 2227 eram
1233 2161 1630 2246 blasphemus
1657 2173 1722 2228 et
1731 2173 2097 2245 persecutor
2120 2176 2184 2230 et
2209 2167 2708 2231 contumeliosus.

697 2300 714 2325 ‘
735 2293 985 2377 gratias
1018 2289 1286 2375 (inquit)
1320 2290 1565 2355 multas
1597 2291 1808 2355 refero
1845 2313 1966 2374 pro
2008 2292 2109 2356 his
2154 2294 2437 2367 Christo,
2472 2295 2586 2377 qui
2627 2295 2691 2358 in
2725 2293 2841 2358 tali
2877 2313 2990 2357 me

565 2418 767 2481 opere
818 2395 1236 2471 confortauit‚
1269 2395 1363 2458 ita
1406 2402 1481 2457 ut
1525 2394 1836 2458 uniuerso
1877 2395 2020 2459 orbi
2070 2398 2491 2479 euangelium
2529 2398 2987 2481 praedicarem

569 2504 719 2588 (nec
768 2512 992 2568 autem
1042 2509 1183 2566 erat
1231 2499 1550 2584 possibile
1601 2498 1731 2564 hoc
1782 2521 1997 2584 posse,
2046 2502 2100 2566 si
2144 2522 2278 2566 non
2327 2503 2466 2567 eius
2512 2502 2991 2585 cooperatione

458 2618 545 2669 20
569 2609 811 2691 dignus
864 2606 1134 2671 fuissem
1185 2604 1525 2686 effectus);
1591 2615 1661 2668 et
1713 2606 2032 2686 quoniam
2080 2627 2202 2670 sua
2250 2606 2658 2670 reuelati‘one
2706 2606 2794 2669 ad
2850 2605 2993 2688 pie·

566 2721 778 2778 tatem
824 2730 934 2775 me
979 2709 1266 2784 tradem,
1316 2705 1439 2791 [in]
1485 2707 1925 2770 ministerium
1974 2706 2315 2793 ali[or]um
2357 2709 2557 2772 saluti
2598 2728 2850 2792 ponere
2887 2717 2993 2771 est

566 2820 901 2901 dignatus,
945 2815 1225 2897 dignum
1273 2831 1382 2874 me
1426 2810 1822 2873 existimans
1867 2811 1954 2873 ad
2009 2808 2153 2888 hoc,
2203 2813 2514 2894 equidem
2555 2830 2709 2874 cum
2765 2810 2993 2875 studio

1808 2958 1838 3007 3
1871 2944 2165 3009 etwefiua)
2187 2945 2508 3011 miubefad)
2533 2964 2613 2997 om
2641 2947 2806 2998 cffr
2956 2962 2985 3012 5

569 3033 817 3085 uertititur
839 3030 943 3097 (sic)
973 3029 1043 3081 C*
1230 3041 1258 3091 7
1291 3029 1447 3077 utitur
1468 3042 1518 3076 u.
1543 3025 1644 3076 illis
1666 3043 1699 3075 r
1881 3030 1911 3078 8
1945 3029 2283 3080 misericordia
2303 3047 2383 3080 om
2413 3047 2449 3080 r
2626 3047 2680 3082 11
2716 3029 2996 3081 necessaria

576 3111 698 3179 Cr}
727 3122 778 3164 et
803 3113 1067 3180 (forex)r
1201 3123 1260 3172 14
1291 3107 1604 3173 in(befChr·
1636 3107 1859 3168 I·)0mr
1993 3113 2051 3161 18
2074 3113 2196 3162 orbe
2223 3110 2308 3162 C*
2448 3127 2507 3180 19
2528 3128 2622 3162 nec
2644 3120 2750 3162 erat
2771 3118 2999 3161 autemr

574 3213 640 3249 ιο
672 3211 814 3247 suam
836 3192 1196 3244 reuelationem
1226 3194 1270 3240 C
1289 3191 1357 3240 H
1511 3205 1569 3239 αι
1609 3190 1810 3239 tradens
1832 3189 1954 3240 min.
1973 3190 2125 3241 alium
2149 3207 2189 3242 s.
2215 3209 2268 3259 p.
2296 3194 2422 3243 CH.
2482 3194 2685 3243 tradens
2705 3194 2829 3243 min.
2853 3191 2992 3241 aliud

572 3294 610 3329 ι.
630 3279 888 3342 imponere
911 3291 943 3324 r
1137 3288 1197 3322 ἠ
1233 3271 1489 3322 existimas
1510 3286 1542 3320 r
1569 3268 1577 3335 Ι
1605 3271 1835 3334 quamuis
1856 3271 2021 3322 adhuc
2045 3272 2164 3337 (for
2182 3273 2247 3322 ad
2269 3274 2383 3336 hoc,
2411 3274 2645 3339 equidem
2667 3271 2801 3338 cum)
2825 3289 2861 3322 r

673 2968 694 3002 1
735 2949 1082 3001 diffinitionem
1101 2963 1133 2996 r
1285 2961 1313 2995 α
1348 2943 1487 2993 omni
1515 2944 1559 2992 C
1572 2943 1640 2992 H
1644 2959 1677 2992 r

640 3433 685 3468 2.
751 3413 933 3476 omnis]
992 3411 1151 3463 Omni
1183 3408 1286 3475 (see
1318 3426 1399 3459 vv.
1435 3409 1528 3469 11.),
1565 3409 1735 3459 unless

572 3498 611 3549 it
633 3498 726 3549 has
746 3496 907 3546 arisen
930 3493 1058 3544 from
1080 3508 1112 3542 a
1133 3491 1399 3557 repetition
1427 3490 1487 3540 of
1516 3505 1728 3550 omnem,

1836 3428 1978 3464 mum
2021 3430 2193 3474 eram;
2252 3416 2519 3473 Ambrstr.,
2575 3413 2764 3479 “prius
2805 3411 2996 3470 eram,”

1834 3495 2007 3556 Fuld„
2088 3497 2357 3561 “primum
2411 3495 2540 3557 fui‚’'
2607 3496 2754 3552 Am„
2805 3498 2839 3521 ‘⁸
2859 3495 2998 3559 prius

574 3580 618 3631 is
652 3595 684 3629 a
716 3576 994 3628 correction
1027 3572 1085 3624 of
1114 3573 1280 3622 omnis
1312 3572 1382 3637 by
1415 3587 1557 3621 some
1596 3572 1734 3637 early

574 3661 769 3728 copyist
802 3659 919 3710 who
957 3655 1182 3724 possibly
1214 3654 1336 3705 took
1375 3653 1625 3703 doctrinae
1657 3653 1734 3704 for

575 3763 607 3796 a
628 3747 732 3796 dat.
755 3742 881 3794 after
891 3740 1196 3807 praecellere.
1248 3738 1326 3786 Et
1344 3751 1508 3787 seems
1530 3743 1585 3785 to
1606 3736 1738 3787 have

574 3829 703 3879 been
725 3824 997 3893 misplaced
1020 3822 1148 3872 from
1172 3821 1258 3871 the
1280 3834 1417 3870 same
1440 3833 1605 3868 cause.

646 3925 723 3972 14·
787 3914 847 3967 et,
900 3903 979 3966 in]
1034 3902 1263 3954 Omitted
1318 3900 1387 3966 by
1439 3898 1527 3949 the
1581 3898 1735 3962 Vulg.

574 3990 689 4041 The
726 3994 833 4038 text
864 3986 922 4035 of
951 3985 1132 4049 Chrys.
1168 3982 1260 4033 has
1294 3981 1491 4031 neither
1525 3980 1605 4029 καὶ
1643 3994 1737 4028 nor

576 4073 644 4131 ἐν,
683 4068 785 4119 and
827 4065 971 4116 Th.’s
1002 4080 1188 4115 comm.
1216 4063 1260 4114 is
1291 4061 1513 4112 decisive
1538 4060 1736 4125 against

576 4152 663 4203 the
694 4151 859 4201 latter.
925 4145 1058 4197 Both
1091 4153 1137 4196 et
1169 4145 1270 4195 and
1294 4146 1353 4194 in
1381 4160 1466 4194 are
1488 4143 1736 4194 therefore

577 4226 823 4297 probably
864 4225 963 4275 due
1006 4231 1060 4274 to
1113 4222 1202 4274 the
1243 4223 1490 4274 influence
1544 4221 1605 4273 of
1653 4222 1740 4272 the

579 4311 710 4364 0.L.
725 4308 811 4372 (cf.
831 4305 1242 4362 Ambrstr.‚Cod.
1262 4305 1505 4362 Clarom„
1522 4301 1736 4368 Pelag.).

578 4396 649 4445 In
682 4389 1016 4442 minimn'um
1028 4406 1049 4446 ,-
1097 4403 1156 4438 so
1195 4387 1437 4446 Clarom„
1476 4385 1741 4449 following

578 4478 668 4528 the
707 4473 809 4525 Gk.
825 4490 843 4536 ς
876 4471 1046 4537 vulg„
1089 4470 1194 4521 “in
1226 4465 1554 4518 ministerio.”
1621 4467 1741 4516 Pri-

1835 3577 1960 3627 fui.”

1901 3674 1982 3710 πο.
2031 3661 2374 3724 quom’amsua
2396 3658 2703 3717 nudatione,
2732 3655 2849 3718 δια]
2882 3656 2999 3706 The

1839 3740 1995 3791 MSS.
2019 3757 2153 3791 seem
2177 3749 2230 3791 to
2253 3741 2383 3791 have
2416 3740 2569 3790 fallen
2593 3740 2701 3790 into
2731 3738 2996 3789 confusion

1835 3824 1886 3865 at
1932 3817 2033 3867 this
2070 3817 2231 3883 point.
2298 3817 2355 3867 If
2379 3816 2464 3867 the
2503 3814 2774 3881 suggested
2805 3829 2995 3865 correc-

1837 3898 1970 3948 tions
1990 3914 2075 3949 are
2107 3898 2255 3963 right,
2286 3897 2371 3948 the
2405 3897 2509 3947 Gk.
2536 3912 2654 3961 may
2675 3897 2807 3946 have
2833 3895 2995 3946 been:

1835 3976 1915 4028 ὅτι
1943 3975 2009 4042 τῇ
2040 3980 2189 4041 οἰκείᾳ
2221 3980 2529 4042 ἀποκαλύψει
2565 3977 2806 4038 παραδούς
2838 3991 2901 4034 με
2933 3976 3000 4025 εἱς

1836 4062 1929 4121 τὴν
1953 4063 2219 4124 εὐσέβειαν,
2244 4062 2445 4121 ἠξίωσεν
2464 4061 2530 4111 εἰς
2553 4059 2795 4108 διακονίαν
2825 4058 2999 4106 θέσθαι

1836 4142 1963 4205 [ἐπὶ]
2004 4141 2072 4205 τῇ
2111 4138 2207 4190 τῶν
2251 4140 2433 4190 λοιπὰ·
2479 4139 2705 4203 σωτηρίᾳ,
2755 4134 2886 4196 ἄξιόν
2937 4154 3000 4195 με

1837 4218 2023 4270 τούτων
2042 4220 2349 4283 ἡγησάμενος
2383 4221 2571 4280 καίπερ,
2602 4221 2749 4268 mr.)-
2816 4217 2998 4267 Alium

1838 4301 1882 4351 is
1904 4302 2122 4367 perhaps
2143 4317 2175 4351 a
2203 4300 2332 4351 form
2356 4299 2414 4350 of
2442 4300 2528 4349 the
2550 4314 2665 4363 gen.
2698 4295 2880 4363 plural,
2907 4296 2998 4346 but

1839 4384 1926 4434 the
1970 4400 2082 4434 exx.
2127 4383 2277 4447 given
2322 4383 2391 4447 by
2435 4382 2522 4431 the
2566 4380 2788 4431 lexicons
2826 4395 2912 4430 are
2948 4379 3005 4430 of

1839 4462 2070 4512 doubtful
2091 4459 2355 4525 authority.
