3221 5116
330 411 381 475 1.
426 428 519 491 14,
558 409 679 495 15.]

322 604 339 632 ‘
359 599 826 665 formationem
857 597 1032 664 habe
1061 597 1405 663 doctrinae
1436 596 1661 662 meae?

1033 419 1119 473 IN
1167 420 1272 473 ΕΡ.
1319 421 1423 473 AD
1467 419 1937 476 TIMOTHEUM
1983 423 2060 476 11.

2619 423 2742 476 201

1747 597 1993 664 deinde
2021 597 2205 683 quod
2236 597 2502 664 dixerat
2530 599 2618 664 de
2657 618 2746 677 se,

322 699 455 767 lioc
484 702 688 768 etiam
721 711 791 768 et
820 703 916 767 illi
947 704 1206 782 suadet,
1237 701 1588 767 consilium
1622 703 1792 768 dans
1820 704 1923 768 ei:

456 850 686 915 bonam
742 848 1347 916 commendationem
1398 847 1653 913 custodi
1677 859 1805 933 per
1860 844 2192 931 Spiritum
2249 856 2565 927 sanctum,
2635 849 2756 933 qui

323 953 585 1019 habitat
612 953 682 1019 in
712 953 907 1020 nobis.

462 1071 700 1148 ‘quam
752 1064 1018 1150 (inquit)
1068 1064 1383 1148 accepisti
1443 1064 1731 1148 gratiam
1795 1061 2104 1148 Spiritu3‚
2160 1061 2336 1128 hanc
2396 1062 2746 1129 inlibatam
2821 1088 2854 1155 ς

325 1168 666 1232 custodire
702 1167 1091 1251 depropera,
1121 1167 1572 1232 sollicitudine
1616 1177 1688 1232 et
1726 1166 2074 1251 diligentia
2112 1187 2343 1232 eorum
2387 1187 2562 1250 quae
2591 1188 2749 1232 con-

323 1269 637 1336 ueniunt.'

725 1279 794 1335 et
846 1272 1086 1336 iterum
1139 1292 1261 1335 sua
1313 1289 1692 1334 memorans
1745 1269 1986 1334 suadet
2046 1269 2106 1333 ei
2160 1277 2236 1334 ut
2283 1268 2541 1353 inpigre
2588 1270 2749 1335 doc-

322 1372 570 1437 trinam
618 1373 914 1457 impleat,
948 1373 1191 1438 nullius
1232 1372 1556 1437 momenti
1610 1372 2008 1437 existimans
2056 1370 2206 1437 illas
2254 1393 2398 1438 esse
2445 1373 2747 1440 tristitias

323 1497 499 1560 quae
529 1498 650 1561 per
679 1478 975 1562 singulos
1007 1479 1151 1543 dies
1181 1477 1482 1543 accidere
1510 1477 1571 1541 ei
1603 1477 1957 1542 uidentur:

454 1621 582 1687 scis
622 1622 736 1688 ltoc
774 1623 1082 1706 quoniam
1126 1622 1351 1687 auersi
1387 1632 1546 1687 sunt
1585 1642 1631 1686 a
1662 1644 1762 1686 me
1803 1643 2019 1687 omnes
2061 1620 2182 1705 qui
2230 1622 2300 1686 in
2340 1622 2516 1688 Asia
2542 1634 2745 1704 erant,
2783 1640 2861 1690 10

323 1747 404 1792 ex
428 1725 661 1810 quibus
687 1736 785 1791 est
808 1726 877 1790 F
873 1727 1075 1811 {gelus
1102 1735 1167 1790 et
1190 1725 1639 1809 Hermogenes.

452 1854 585 1919 hoc
632 1854 700 1918 in
746 1854 898 1933 loco
941 1862 1508 1919 commemoratus
1552 1874 1698 1918 esse
1743 1852 2170 1917 existimatur
2213 1853 2327 1936 qui
2373 1863 2443 1920 et
2476 1854 2748 1923 simula-

322 1958 490 2023 bant
518 1979 592 2023 se
633 1958 836 2024 fidem
878 1968 1123 2038 tenere,
1154 1959 1270 2043 qui
1312 1959 1517 2024 etiam
1559 1959 1630 2022 in
1669 1957 1843 2022 Asia
1878 1978 1963 2023 eo
2002 1959 2293 2041 degente
2335 1959 2548 2023 auersi
2590 1969 2748 2026 sunt

323 2065 411 2131 ab
460 2085 559 2129 e0.
647 2083 806 2129 nam
859 2072 929 2128 et
980 2063 1200 2127 omnis
1253 2082 1520 2146 pugnae
1569 2060 1920 2126 exterioris
1982 2060 2252 2144 grauior
2309 2071 2411 2128 est
2457 2063 2744 2142 interior,
2782 2121 2786 2125 .

323 2167 452 2234 hoc
481 2176 599 2245 est,
633 2176 709 2233 ut
736 2168 839 2232 sui
868 2188 942 2232 se
973 2167 1366 2251 relinquant.
1457 2165 1657 2231 ‘nihil
1696 2164 1842 2251 (ait)
1877 2166 2080 2232 debet
2122 2176 2191 2231 te
2227 2166 2488 2232 tristem
2530 2168 2745 2235 facere
2782 2184 2852 2252 15

427 2349 450 2385 1
486 2335 840 2387 formationem
878 2335 1033 2386 habet
1066 2333 1138 2386 C*
1154 2334 1225 2385 II
1277 2333 1493 2384 sormam
1528 2333 1687 2384 habes
1725 2330 1790 2397 νΙ
1818 2331 1946 2383 dixit
1990 2348 2024 2382 r

1241 2417 1276 2469 6
1308 2418 1608 2483 deproperat
1636 2414 1717 2467 C*
1739 2414 1831 2466 H*

1443 2513 1499 2549 12
1535 2513 1720 2547 comm.
1743 2503 1818 2547 aet
1851 2494 2140 2547 existimant
2176 2495 2258 2547 C'

322 2581 736 2632 existimabantur
763 2581 830 2631 H
874 2580 1138 2630 memorati
1159 2594 1268 2631 asse
1289 2578 1638 2631 existimantur
1658 2594 1719 2629 rx
1753 2584 1834 2628 tx!
1858 2578 1903 2629 C
1923 2574 2071 2642 (corr)
2101 2575 2110 2642 Ι
2139 2584 2190 2628 et
2210 2594 2289 2628 om
2311 2594 2345 2627 r

322 2425 431 2469 tum
453 2435 486 2468 r
680 2431 708 2483 5
743 2419 907 2484 inquit
936 2434 1017 2469 om
1050 2434 1083 2468 r

327 2514 382 2549 11
423 2498 650 2550 Philetus
670 2516 703 2549 r
727 2497 736 2565 Ι
769 2499 1106 2566 Hermogenis
1126 2499 1196 2548 H

327 2676 380 2726 p.
404 2658 635 2710 exteriori
656 2674 690 2708 r

324 2808 542 2863 τύπωσις
582 2810 711 2862 from
766 2812 856 2863 the
898 2811 1137 2879 painter's
1181 2818 1291 2865 artz
1336 2816 1484 2875 μιμοῦ

327 2890 518 2951 (φησὶν)
535 2889 645 2939 τοὺς
666 2890 961 2953 ζωγράφους,
977 2891 1057 2940 καὶ
1079 2888 1294 2953 καθάπερ
1316 2891 1485 2941 ἐκεῖνοι

324 2971 426 3022 τοῖς
459 2968 747 3034 ἀρχετύποις
782 2972 1105 3033 προσέχοντες
1139 2974 1229 3021 σὺν
1264 2973 1484 3037 ἀκριβείᾳ

324 3052 415 3101 τὰς
451 3051 640 3101 ἐκείνων
682 3052 1022 3116 ζωγραφοῦσιν
1067 3049 1251 3104 εἰκόνας
1265 3064 1280 3080 ·
1334 3054 1484 3103 οὕτως

323 3134 405 3183 καὶ
438 3130 502 3182 σύ
517 3144 530 3158 ·
581 3130 682 3183 οἶόν
719 3150 770 3182 τι
805 3130 1081 3196 ἀρχέτυπον
1115 3134 1205 3196 ἔχε
1240 3131 1333 3194 τὴν
1367 3132 1478 3196 παρ’

322 3212 441 3274 ἐμοῦ
463 3215 572 3278 περὶ
593 3215 803 3265 πίστεως
830 3217 911 3264 καὶ
935 3213 1127 3277 ἀγάπης
1152 3217 1480 3279 ’γεγενημένην

324 3296 657 3346 διδασκαλίαν.

390 3393 438 3441 3.
506 3377 989 3440 commendationem]
1053 3378 1151 3430 See
1183 3393 1251 3428 on
1288 3393 1310 3428 1
1344 3378 1479 3428 Tim.

321 3460 386 3511 vi.
421 3476 497 3517 10,
534 3460 637 3510 and
669 3466 840 3524 supra,
877 3474 929 3509 v.
973 3474 1048 3510 ις.
1119 3460 1367 3510 Ambrstr.
1389 3460 1479 3512 has

321 3541 440 3592 here
467 3541 915 3591 “commendatum
931 3538 979 3598 ;”
1002 3546 1133 3590 most
1155 3541 1214 3590 of
1228 3540 1315 3590 the
1331 3541 1481 3592 Latin

321 3623 629 3683 authorities,
667 3623 795 3673 from
829 3623 966 3672 Tert-
1000 3622 1333 3681 downwards,
1365 3624 1481 3688 give

327 3701 709 3770 “depositum.”

389 3798 437 3847 5.
502 3801 654 3850 quam
695 3784 899 3849 (inquit)
933 3784 1174 3850 accepisti]
1234 3784 1331 3835 Th.
1364 3785 1478 3836 thus

321 3868 533 3917 adheres
554 3875 608 3917 to
628 3867 709 3917 his
730 3868 1111 3933 interpretation
1133 3867 1193 3918 of
1219 3865 1478 3931 παραθῆκη

322 3943 377 3995 in
413 3960 555 3994 verse
595 3957 669 3996 ια.
739 3945 893 3994 Thdt.
947 3945 1109 3995 varies
1158 3944 1198 3995 it
1251 3946 1470 4011 slightly,

323 4024 540 4090 perhaps
569 4023 622 4073 in
645 4041 985 4090 consequence
1006 4025 1066 4076 of
1093 4025 1178 4075 the
1201 4027 1364 4077 words
1397 4026 1474 4077 διὰ

320 4102 590 4165 πνεύματος
627 4102 802 4168 ἁγίους
847 4107 977 4167 ἔχεις
1008 4103 1244 4170 ἀρκοῦσαν
1276 4110 1343 4159 εἰς
1376 4115 1473 4169 φω-

321 4188 577 4250 ταγωγίαν
609 4185 699 4247 τὴν
736 4185 824 4237 roi?
863 4185 1133 4249 πνεύματος
1165 4188 1325 4254 χάριν·
1359 4189 1472 4242 παῦ·

317 4288 384 4334 τῃ
430 4272 587 4320 τοίνυν
634 4268 926 4333 διατήρησον
976 4268 1066 4332 τὴν
1122 4273 1466 4335 προθυμίαν.

320 4350 534 4415 Thpht„
566 4349 619 4400 in
648 4366 746 4400 one
780 4350 841 4399 os
866 4350 946 4400 his
982 4351 1274 4402 alternative
1304 4353 1474 4418 expla-

319 4430 534 4491 nations‚
584 4430 779 4481 reflects
822 4428 967 4480 Th.'s
996 4431 1141 4492 view,
1179 4432 1281 4481 and
1320 4441 1478 4484 meets

318 4511 405 4562 the
428 4510 670 4577 difficulty
691 4510 855 4561 which
885 4510 1040 4562 Thdt.
1080 4526 1242 4562 seems
1267 4521 1321 4571 to
1344 4513 1478 4581 have

2262 2349 2291 2398 3
2324 2333 2514 2384 bonum
2547 2334 2746 2400 deposi-

2000 2428 2062 2466 10
2094 2414 2231 2479 quod
2269 2414 2387 2480 (sor
2426 2416 2681 2483 quoniam)
2716 2435 2750 2468 r

2335 2506 2638 2549 memoratus
2670 2508 2744 2551 est

2515 2595 2576 2643 14
2599 2583 2738 2632 omni

1581 2815 1700 2867 seltz
1733 2812 1768 2876 ἧ
1790 2815 1872 2866 *τὸ
1893 2813 2110 2879 χάρισμα
2133 2812 2162 2864 ὃ
2182 2816 2358 2879 ἔλαβες
2371 2812 2745 2868 ·’...σποιἰδασον

1583 2893 1669 2947 οὖν
1704 2893 1968 2959 φυλάττειν
2001 2893 2060 2947 τὸ
2091 2894 2300 2956 πνεῦμα,
2334 2898 2415 2946 καὶ
2444 2894 2565 2947 αὐτὸ
2593 2895 2741 2949 πάλιν

1582 2976 1784 3043 τηρήσει
1805 2980 1885 3029 σοὶ
1904 2977 1994 3039 τὴν
2016 2975 2445 3042 παρακαταθήκην·
2468 2979 2502 3030 ἰ.
2517 2995 2563 3031 e.
2588 2980 2741 3048 ‘keep

1584 3060 1672 3110 the
1696 3059 1851 3125 Spirit
1872 3060 1943 3122 by
1964 3058 2050 3108 the
2074 3058 2274 3124 Spirit's
2294 3074 2411 3109 own
2431 3058 2589 3125 help.'

1655 3151 1733 3188 10.
1763 3137 2238 3202 quiinAsiaet-ant]
2254 3139 2608 3206 οέἐντῇἈσίςι.
2625 3144 2739 3196 Tm

1582 3215 1734 3282 Vulg.
1761 3217 1984 3283 supplies
2010 3217 2227 3278 “sunt;''
2258 3228 2407 3270 erant
2428 3222 2472 3272 is
2493 3224 2741 3290 probably

1581 3295 1834 3361 preferred
1866 3298 1935 3363 by
1956 3314 2048 3348 our
2075 3300 2343 3351 translator
2368 3317 2425 3352 as
2453 3319 2593 3355 more
2619 3321 2740 3357 con·

1581 3378 1758 3430 sistent
1790 3381 1912 3431 with
1948 3381 2033 3433 the
2065 3384 2337 3450 preceding
2367 3401 2472 3437 aot.
2499 3385 2735 3452 (ἀνεστρά-

1581 3461 1787 3522 φησαν).
1874 3461 2371 3528 Ημῐωεῷῦγελος,
2431 3468 2517 3519 the
2569 3471 2738 3521 ortho-

1579 3541 1774 3607 graphy
1802 3545 2073 3609 supported
2105 3546 2175 3612 by
2207 3548 2293 3598 the
2327 3557 2468 3612 great
2506 3551 2740 3619 majority

1580 3623 1641 3673 of
1666 3623 1753 3674 the
1775 3626 1968 3676 uncials
2004 3627 2070 3688 (v,
2098 3627 2265 3677 Tisch.
2290 3629 2365 3677 ad
2389 3629 2449 3691 l.)
2463 3648 2481 3691 3
2513 3632 2739 3683 Philetus

1582 3702 1679 3767 (vv.
1712 3704 1787 3769 11.)
1812 3706 1855 3756 is
1877 3723 1942 3757 an
1965 3723 2103 3757 error
2124 3708 2182 3758 of
2198 3708 2284 3759 the
2306 3710 2456 3760 Latin
2480 3718 2583 3762 text
2606 3713 2734 3765 from

1576 3785 1744 3836 which
1769 3787 1900 3836 Rab.
1924 3788 2076 3848 drew,
2103 3788 2352 3854 imported
2374 3791 2482 3842 into
2502 3793 2602 3843 this
2623 3810 2737 3858 pas-

1576 3882 1697 3932 sage
1718 3867 1846 3917 from
1869 3883 1914 3918 c.
1936 3867 1989 3918 ii.
2019 3868 2097 3920 16.

1649 3965 1726 4015 13.
1792 3952 1889 4016 qui
1919 3951 2070 4001 etiam
2109 3953 2168 4002 in
2196 3953 2343 4015 Asia,
2382 3954 2499 4019 δια]
2554 3958 2733 4026 Chrys.

1575 4031 1678 4080 and
1700 4030 1858 4080 Thdt.
1882 4032 2060 4096 regard
2084 4032 2169 4082 the
2192 4033 2442 4085 defection
2470 4052 2527 4088 as
2547 4035 2736 4106 having

1575 4111 1731 4163 taken
1753 4112 1898 4177 place
1922 4114 2063 4179 quite
2081 4116 2321 4180 recently,
2343 4118 2443 4168 and
2464 4126 2517 4170 at
2541 4120 2705 4173 Rome
2717 4140 2735 4184 3

1575 4192 1641 4244 cf.
1677 4192 1905 4258 Thpht.=
1940 4195 1985 4244 ol
2013 4196 2065 4244 ἐν
2097 4195 2162 4258 τῇ
2185 4193 2349 4259 ’Δσίᾳ,
2382 4199 2653 4251 τουτέστιν·
2689 4206 2736 4254 οἱ

1575 4276 1633 4325 ἐκ
1655 4275 1739 4335 τῆς
1753 4272 1926 4326 Ἀσίας
1953 4275 2258 4337 ἐνδημῶντςς
2277 4274 2344 4341 τῇ
2358 4277 2538 4343 Ῥώμῃ.

1649 4370 1724 4419 ¹4·
1783 4362 1989 4421 pugnae
2047 4365 2144 4407 ext.
2205 4359 2439 4424 ματαίαν]
2504 4361 2727 4424 Κόηεοὴ,

1575 4436 1729 4496 Itala,
1756 4452 1806 4502 p.
1830 4448 1945 4500 435.
2018 4438 2165 4489 With
2192 4439 2278 4491 the
2299 4442 2398 4493 αἱ.
2429 4441 2482 4492 in
2507 4443 2637 4495 Rab-
2664 4445 2728 4497 cf.

1580 4529 1641 4569 11.
1670 4535 1720 4584 p.
1752 4522 1860 4577 181.
1885 4520 1919 4570 1.
1950 4532 2023 4584 15,
2052 4527 2184 4572 note.
