3221 5116
288 387 339 453 Ι.
371 387 594 472 7—9.]
861 399 944 452 IN
995 400 1099 451 ΕΡ.
1146 398 1248 450 AD
1295 394 2045 452 THESSALONICENSES
2095 399 2168 449 11.
2621 398 2703 466 45

285 574 432 641 uult
463 577 640 641 enim
671 577 892 641 dicere
922 576 1078 661 quia
1112 576 1319 641 ‘iusta
1351 585 1510 640 tunc
1541 575 1801 640 ratione
1849 575 2035 640 Deus
2081 574 2231 640 illos
2277 575 2550 661 quidem
2596 580 2711 663 qui
2741 610 2748 617 ·

283 678 451 742 talia
484 678 549 742 in
597 679 924 761 praesenti
961 679 1100 744 uita
1130 701 1288 763 erga
1329 700 1451 743 uos
1495 688 1844 763 gesserunt
1884 677 2130 745 subdet
2174 698 2474 762 poenae;
2520 683 2712 747 uobis

285 804 463 861 uero,
511 802 633 864 pro
677 783 918 867 quibus
964 782 1290 866 patimini,
1333 802 1652 866 magnam
1707 783 2057 866 praebebit
2104 787 2710 852 remunerationem

285 884 648 969 largitatis?
739 894 807 951 et
838 906 1095 970 poenae
1125 885 1332 968 ipsius
1363 884 1712 969 publicans
1741 885 2024 968 ponduS,
2057 885 2219 950 dicit
2250 887 2453 953 etiam
2494 888 2711 973 qualis

283 990 374 1054 sit
403 991 737 1054 aduentus
768 990 973 1073 ipsius
1004 989 1236 1054 iudicis
1263 1013 1277 1054 ε
2785 1000 2816 1067 5

420 1145 493 1207 in
524 1143 904 1208 reuelatione
947 1142 1204 1207 domini
1241 1144 1390 1207 Iesu
1435 1141 1513 1206 de
1555 1143 1723 1207 caelo
1765 1164 1910 1206 cum
1951 1144 2202 1228 angelis
2244 1145 2518 1209 uirtutis
2554 1145 2708 1223 eius,

288 1246 668 1332 inflamma
700 1247 877 1332 zjgmlr
913 1246 1139 1309 dantis
1180 1246 1541 1309 uindictam
1576 1245 1685 1310 his
1722 1247 1843 1329 qui
1879 1268 2004 1311 non
2045 1258 2364 1313 nonerunt
2402 1249 2618 1314 Deum
2653 1261 2717 1315 et

286 1352 408 1435 qui
433 1372 562 1415 non
593 1350 952 1414 obaudiunt
975 1349 1305 1432 euangelio
1333 1349 1590 1413 domini
1615 1349 1828 1413 nostri
1849 1349 2019 1416 Iesu.

422 1470 782 1534 terribilem
838 1490 958 1552 per
1008 1468 1236 1532 omnia
1284 1467 1425 1531 eius
1477 1468 1847 1531 aduentum
1897 1488 2042 1532 esse
2093 1469 2405 1545 ostendit,
2458 1481 2524 1535 et
2586 1471 2714 1535 loci

289 1582 552 1652 natura,
602 1573 930 1657 siquidem
981 1572 1064 1635 de
1106 1571 1291 1635 caelo
1339 1570 1647 1648 uidetur;
1693 1580 1761 1636 et
1809 1573 2260 1637 ministrorum
2305 1574 2709 1657 fortitudine,
2749 1604 2826 1651 10

285 1696 440 1741 cum
506 1675 758 1758 angelis
832 1675 1009 1738 enim
1072 1674 1332 1737 uirtutis
1407 1682 1760 1736 uenturum
1823 1674 2025 1752 dicit3
2102 1683 2170 1738 et
2228 1685 2710 1742 tormentorum

285 1779 532 1860 specie,
564 1776 905 1841 flammam
944 1776 1122 1840 enim
1160 1776 1332 1859 ignis
1369 1774 1566 1838 dixit.
1649 1778 1965 1840 adserens
2013 1796 2171 1839 uero
2216 1786 2284 1840 et
2321 1778 2408 1841 de
2439 1777 2565 1841 illis
2598 1780 2711 1862 qui

283 1889 444 1944 sunt
488 1880 837 1944 tormentis
877 1878 1262 1955 subiciendi,
1295 1879 1391 1942 ait
1435 1898 1551 1941 eos
1588 1878 1708 1960 qui
1735 1898 1859 1939 non
1889 1887 2212 1942 nonerunt
2246 1866 2479 1957 Betim,
2510 1890 2573 1942 et
2600 1878 2719 1962 qui

285 2006 414 2050 non
436 1984 873 2049 obaudierunt
896 1981 1265 2066 euangelio,·
1296 1982 1617 2046 maiorem
1642 1990 2126 2045 tormentorum
2152 2002 2380 2045 eorum
2407 1984 2716 2065 praebuit

285 2088 775 2171 probationem.
864 2086 1195 2170 siquidem
1242 2094 1309 2148 et
1355 2083 1521 2161 illos,
1561 2084 1616 2147 si
1664 2083 2092 2147 solummodo
2123 2104 2257 2147 non
2290 2085 2714 2149 obaudierint
2749 2099 2819 2166 15

285 2195 466 2273 fidei,
500 2214 719 2278 poena
763 2200 1050 2267 maneat,
1082 2197 1337 2274 quanto
1381 2188 1596 2271 magis
1635 2187 1800 2264 illos,
1842 2187 1956 2270 qui
2000 2186 2420 2250 credentibus
2462 2187 2717 2251 calum-

288 2301 433 2363 nias
471 2298 1070 2381 impressionesque
1100 2295 1438 2377 irrogant?
1529 2292 1773 2357 deinde
1804 2301 1872 2356 et
1902 2300 2387 2356 tormentorum
2421 2292 2713 2375 speciem

288 2409 662 2485 exaggerat
692 2408 892 2483 prout
921 2399 1098 2482 potis
1129 2405 1249 2476 est,
1278 2397 1506 2460 dicens
1536 2421 1550 2460 :

418 2558 545 2644 qui
553 2571 796 2643 poenas
824 2557 1004 2623 luent
1033 2556 1336 2622 interitus
1362 2567 1668 2621 aeternos,

421 2709 583 2754 nam
629 2710 719 2753 ex
765 2687 1091 2773 qualitate
1133 2688 1279 2771 ipsa
1319 2686 1550 2770 grauia
1585 2693 1922 2750 tormenta
1968 2704 2114 2749 esse
2153 2686 2470 2764 ostendit,
2516 2684 2718 2769 siqui·
2747 2701 2832 2748 20

390 2883 420 2931 3
459 2882 551 2932 pro
570 2881 649 2915 om
678 2867 721 2916 C
741 2864 886 2932 (corr)
1147 2867 1178 2916 8
1213 2864 1400 2916 Christi
1427 2864 1526 2930 (ast
1546 2863 1684 2927 Iesu)
1706 2864 1813 2913 add
1827 2881 1860 2913 r

292 2951 520 3000 tudinem
548 2950 690 3000 C⁸H
744 2950 866 3000 min.
888 2950 992 3000 uid.
1016 2950 1256 3000 fortitudo
1278 2965 1341 2999 rx
1372 2956 1453 2998 txt
1479 2948 1525 2997 C
1544 2948 1693 3009 (corr)
1864 2961 1918 2996 11
1956 2962 2127 2996 eorum
2153 2946 2266 3009 (sor
2284 2945 2437 3010 enim)
2461 2963 2494 2996 r
2661 2962 2716 2996 12

293 3033 515 3096 speciem
542 3031 683 3081 C*H
685 3049 717 3080 r
744 3031 753 3096 Ι
779 3047 886 3082 esse
910 3032 1024 3097 (for
1041 3031 1194 3096 enim)
1221 3049 1252 3081 r
1387 3046 1445 3094 13
1477 3028 1764 3080 subiecendi
1784 3028 1990 3091 [subiac.
2020 3029 2068 3088 r]
2102 3036 2189 3077 aut
2210 3043 2297 3077 eos
2323 3025 2395 3077 C*
2413 3045 2446 3077 r
2578 3041 2634 3090 15
2670 3035 2720 3077 et

294 3114 545 3179 siquidem
569 3115 684 3179 (sor
703 3114 831 3178 siqu.
856 3115 926 3174 et)
951 3130 984 3162 r
1116 3114 1175 3163 18
1208 3118 1388 3178 potens
1409 3127 1455 3161 e.
1479 3112 1549 3160 H
1605 3116 1772 3176 potest
1794 3126 1827 3159 r
1960 3123 2020 3174 19
2053 3108 2104 3158 in
2129 3107 2356 3173 (hesim.)
2379 3109 2484 3158 add
2506 3109 2549 3158 C
2569 3105 2719 3172 (corr)

2123 2877 2181 2912 10
2214 2863 2334 2914 min.
2363 2864 2560 2914 uidetur
2578 2864 2718 2914 forti-

369 3295 447 3330 10.
513 3284 562 3327 et
604 3276 945 3327 minis-trorum
976 3275 1295 3341 fortitudine,
1341 3275 1456 3337 δια]
1554 3277 1681 3335 μετὰ
1702 3274 1790 3325 τοῦ
1808 3271 1877 3336 μὴ
1897 3274 2170 3325 ὑπακοῦσαι
2188 3274 2438 3337 θλίβοντες
2459 3272 2584 3334 ὑμᾶς
2604 3275 2652 3323 τί
2668 3275 2721 3324 οὐ

301 3361 427 3411 This
452 3374 661 3425 passage
683 3359 774 3408 has
804 3357 954 3407 fallen
985 3357 1094 3407 into
1120 3357 1381 3407 confusion
1404 3356 1456 3406 in
1558 3358 1847 3417 πείσοντας

299 3438 385 3489 the
404 3439 558 3489 MSS.
583 3437 799 3502 through
822 3454 853 3486 a
882 3437 1369 3502 misunderstanding
1391 3452 1459 3485 on
1631 3449 1705 3486 ια.
1756 3436 2033 3501 flammam
2067 3436 2198 3485 enim
2232 3435 2365 3500 ignis
2400 3434 2558 3496 dixit]
2614 3433 2713 3484 Th.

302 3518 386 3568 the
408 3526 522 3584 part
544 3517 603 3567 os
613 3518 698 3568 the
721 3519 911 3578 scribe3
934 3533 1017 3568 see
1040 3534 1120 3567 vv·
1144 3517 1197 3568 11.
1260 3515 1459 3567 Thdt.’s

304 3600 438 3650 close
461 3615 593 3665 copy
614 3600 780 3650 leaves
802 3616 868 3648 no
892 3600 1051 3649 doubt
1074 3615 1129 3649 as
1152 3607 1206 3649 to
1223 3599 1308 3649 the
1330 3599 1458 3648 form

304 3679 366 3730 of
390 3681 478 3731 the
499 3680 737 3745 original:
786 3681 944 3742 φόβου
972 3680 1153 3738 μεστὸν
1189 3679 1364 3738 ἔδειξεν
1402 3679 1461 3728 τὸ

307 3765 559 3826 κριτήριον,
599 3765 791 3825 πρῶτον
813 3763 904 3821 μὲν
937 3760 1023 3809 ἀπ’
1070 3757 1265 3824 οὐρανοῦ
1306 3763 1459 3821 δείξας

306 3847 693 3911 παραγενόμενον
714 3846 797 3893 τὸν
822 3846 1001 3909 κριτήν·
1037 3846 1207 3893 ἔπειτα
1235 3846 1332 3893 τῶν
1361 3846 1459 3892 δια-

308 3931 564 3977 κονούντων
593 3929 686 3986 τὴν
710 3928 1074 3986 δύναμιν...εῖτα
1110 3927 1198 3984 τῆς
1232 3926 1459 3987 τιμωρίας

307 4012 364 4059 τὸ
386 4011 614 4060 εἴδος...εί
650 4010 703 4057 δὲ
739 4010 782 4057 01
816 4013 886 4071 μὴ
916 4009 1186 4068 πειθόμενοι
1223 4007 1292 4068 τῷ
1319 4008 1460 4067 εὐαγ-

308 4092 458 4151 γελίῳ
501 4093 657 4139 ταῦτα
703 4093 968 4146 πείσονται,
1007 4092 1207 4151 εὔδηλον
1266 4090 1326 4139 ὡς
1382 4090 1459 4138 καὶ

310 4169 657 4232 χαλεπώτερον
699 4175 1111 4236 τειρασθήσονται
1155 4174 1199 4220 οί
1243 4174 1325 4221 καὶ
1362 4172 1463 4221 τοῖς

309 4256 624 4302 πιστεύσασιν
642 4255 971 4312 πολεμοῦντες.
1035 4254 1212 4318 Chrys».
1239 4260 1465 4302 contents

314 4333 517 4385 himself
545 4335 668 4384 with
690 4336 875 4400 calling
906 4338 1153 4386 attention
1176 4344 1229 4387 to
1251 4336 1336 4385 the
1370 4334 1465 4384 last

312 4419 372 4468 os
401 4420 541 4471 these
574 4420 766 4486 points:
801 4421 845 4469 εί
887 4421 932 4469 ol
974 4417 1045 4480 τῷ
1088 4416 1366 4481 εὐαγγελίῳ
1395 4413 1466 4476 μὴ

314 4496 666 4551 ὑπακούσαντες
722 4501 934 4550 διδόασιν
987 4500 1235 4561 τιμωρίαν,
1293 4499 1335 4547 ol
1384 4498 1464 4546 καὶ

1558 3534 1736 3579 seem8‚
1785 3517 1906 3567 with
1963 3517 2120 3566 Thdt.
2162 3514 2403 3580 (comm.),
2466 3516 2611 3576 Oec„
2666 3525 2720 3566 to

1558 3598 1688 3648 have
1705 3598 1823 3647 read
1848 3600 1900 3648 ἐν
1920 3599 2074 3659 φλογὶ
2095 3598 2258 3657 πυρός,
2293 3596 2431 3647 since
2449 3596 2548 3645 this
2566 3596 2718 3645 order

1558 3679 1603 3729 is
1628 3679 1863 3744 repeated
1893 3679 1945 3728 in
1972 3678 2051 3728 his
2073 3683 2344 3728 comment.
2416 3675 2597 3740 Chrys·
2626 3676 2719 3727 has

1559 3763 1613 3811 ἐν
1636 3762 1748 3823 πυρί
1772 3756 1971 3822 φλογός.

1632 3858 1707 3907 19.
1775 3843 2010 3893 interitus
2031 3838 2271 3900 aeternos]
2304 3838 2502 3903 ὄλεθρον
2515 3840 2720 3889 αἰώνιον.

1559 3925 1671 3974 The
1695 3924 1759 3974 O.
1781 3924 1838 3974 L.
1868 3925 1929 3974 os
1944 3918 2146 3972 Iren.¹¹¹‘·
2165 3921 2266 3970 and
2287 3921 2334 3970 T
2335 3927 2423 3970 ert.
2444 3922 2721 3971 connected

1562 4003 1749 4053 αἰώνιον
1792 4003 1917 4052 with
1962 4003 2111 4063 δίκην,
2161 4001 2260 4050 and
2305 4017 2363 4050 so
2405 4000 2492 4050 the
2536 4001 2720 4065 Vulg.;

1563 4085 1836 4144 Ambrstr.‚
1863 4084 2109 4140 however,
2138 4082 2230 4132 has
2264 4083 2503 4146 “poenas
2524 4081 2719 4131 soluent

1563 4168 1617 4217 in
1641 4168 1895 4217 interitum
1918 4165 2228 4216 aeternum.''
2254 4166 2302 4216 It
2320 4166 2501 4215 willbe
2518 4166 2718 4215 noticed

1566 4248 1676 4299 that
1723 4264 1815 4296 our
1860 4245 2122 4296 translator
2164 4262 2276 4295 uses
2322 4245 2407 4295 the
2439 4244 2602 4309 plural
2640 4245 2718 4293 in-

1565 4332 1741 4381 teritus
1762 4330 1909 4394 again
1934 4330 1984 4379 in
2010 4330 2094 4380 the
2116 4345 2299 4379 comm.
2328 4326 2397 4393 (p.
2423 4327 2501 4388 46,
2531 4328 2564 4376 l.
2588 4328 2653 4387 ι).

1635 4429 1715 4464 20.
1781 4411 2037 4477 siquidem,
2084 4410 2201 4472 δια]
2258 4415 2271 4438 ⁸
2293 4410 2444 4460 Since
2479 4409 2567 4458 the
2608 4409 2718 4459 des·

1566 4496 1784 4546 truction
1838 4495 1882 4544 is
1932 4509 2029 4543 one
2076 4492 2242 4542 which
2291 4489 2721 4555 instantaneously
