3221 5116
385 1532 466 1582 10

482 375 567 437 24

1148 367 1605 420 THEononus
1652 338 2238 425 MOPSUESTEN'US

2527 348 2674 433 [Ν.
2704 350 2894 414 6—8.

482 541 771 626 cupauit‚
802 551 880 607 ut
908 540 1124 607 maius
1163 541 1547 606 ostenderet
1577 539 2026 624 usurpationis
2057 539 2265 623 ipsius
2296 538 2564 617 crimen,
2596 556 2677 602 eo
2711 536 2895 620 quod

483 651 553 708 et
602 642 782 726 apud
834 662 1068 707 omnes
1122 644 1188 707 in
1242 643 1659 707 consessione
1709 642 2075 707 deductum
2135 650 2266 721 est;
2328 641 2424 706 ita
2474 649 2550 705 ut
2607 661 2730 704 nec
2781 637 2896 701 de-

485 755 897 812 mortuorum
928 749 1205 812 frat-rum
1250 766 1534 811 uxorem
1577 767 1984 830 quemquam
2027 747 2302 811 ulterius
2344 747 2643 830 accipere
2682 744 2897 822 liceat.

485 849 728 917 deinde
758 859 828 915 et
857 852 924 914 in
954 850 1262 914 timorem
1293 851 1592 933 redigere
1622 849 1896 932 cupiens
1925 869 2040 913 eos
2071 849 2314 914 adicit:

613 1001 681 1045 eo
709 978 884 1063 quod
904 977 1147 1042 uindex
1168 977 1264 1042 sit
1287 976 1617 1042 Dominus
1644 987 1707 1042 et
1731 976 1810 1041 de
1834 975 2131 1042 omnibus
2158 975 2322 1041 istie.

614 1091 788 1156 bene
832 1089 911 1154 de
960 1089 1254 1155 omnibus
1300 1089 1559 1166 adiecit,
1612 1089 1707 1155 ita
1758 1097 1834 1153 ut
1885 1098 1955 1154 et
2001 1088 2229 1171 primis
2279 1087 2440 1152 illud
2496 1094 2762 1170 aptasse
2801 1084 2899 1148 ui-

485 1190 739 1256 deatur.
827 1200 895 1255 et
948 1192 1185 1255 iterum
1237 1191 1435 1274 quasi.
1470 1198 1882 1281 contestans,
1935 1190 2254 1274 quoniam
2307 1197 2376 1255 et
2425 1189 2682 1254 dudum
2735 1186 2901 1251 haec

487 1294 724 1357 eadem
755 1292 1022 1358 dixerat
1053 1292 1199 1369 illis,
1232 1292 1515 1356 adiecit:

614 1406 784 1472 sicut
806 1418 872 1472 et
880 1407 1338 1492 praediximus
1368 1406 1546 1471 uobis
1572 1418 1636 1471 et
1660 1407 1995 1472 contestati
2019 1427 2262 1472 sumus.

617 1526 687 1584 et
717 1520 1077 1584 ostendens
1107 1520 1425 1602 quoniam
1457 1520 1866 1583 necessarius
1896 1520 1983 1584 sit
2012 1519 2141 1583 illis
2172 1528 2241 1584 et
2271 1519 2357 1583 de
2386 1517 2490 1582 his
2521 1533 2740 1582 sermo
2770 1539 2786 1579 ε

618 1675 747 1719 non
775 1655 948 1720 enim
979 1654 1237 1719 uocauit
1264 1675 1378 1719 nos
1414 1652 1598 1719 Deus
1638 1654 1712 1718 in
1755 1653 2266 1730 immunditiam,
2297 1653 2416 1718 sed
2441 1653 2512 1718 in
2540 1651 2902 1737 sanctifica-
2974 1708 2979 1712 .

489 1756 744 1824 tionem.

623 1878 887 1959 ‘itaque
942 1876 1000 1939 si
1060 1877 1147 1940 ab
1204 1876 1309 1940 his
1369 1897 1492 1941 nos
1550 1876 1986 1954 continemuS,
2046 1884 2207 1942 tunc
2259 1875 2372 1940 illa
2423 1877 2682 1958 agimus
2731 1893 2905 1957 quae

491 1988 788 2042 nostram
836 1998 1034 2060 agere
1080 1978 1483 2042 conueniens
1532 1989 1637 2043 est
1688 1979 2151 2056 uocationem3
2220 1978 2490 2042 uocauit
2540 1977 2717 2040 enim
2779 1995 2903 2039 nos

387 2096 459 2164 15
491 2083 575 2146 ad
635 2077 1251 2145 sanctificationem'
1282 2082 1719 2165 possessionis
1768 2081 1835 2145 in
1896 2102 2032 2164 qua
2090 2091 2159 2146 et
2217 2082 2508 2145 existere
2561 2081 2625 2143 in
2679 2078 2901 2142 futuro

491 2204 835 2267 speramus
865 2183 1146 2260 saeculo,
1177 2186 1449 2267 quando
1480 2194 1917 2268 exsurgentes
1948 2194 2016 2249 et
2046 2186 2407 2268 incorrupti
2439 2184 2655 2248 effecti
2688 2205 2904 2267 neque

491 2305 766 2368 peccare
806 2286 1080 2350 ulterius
1117 2288 1500 2367 poterimuS,
1534 2307 1738 2370 quam
1785 2297 1854 2351 et
1894 2287 2140 2384 imitari
2186 2307 2308 2350 nos
2348 2287 2715 2350 secundum
2752 2306 2905 2368 pos·

491 2388 878 2453 sibilitatem
910 2389 977 2452 in
1010 2391 1340 2471 praesenti
1373 2391 1688 2454 conuenit
1720 2389 1893 2455 uita?

1984 2391 2228 2455 deinde
2260 2390 2463 2454 adicit
2492 2415 2507 2454 ε

618 2514 836 2597 itaque
868 2515 985 2598 qui
1019 2514 1172 2581 haec
1205 2517 1450 2599 spernit
1488 2537 1615 2581 non
1652 2507 1974 2582 hominem
2007 2515 2256 2600 spernit
2289 2516 2408 2581 sed
2441 2515 2672 2592 Deum,
2703 2515 2821 2599 qui
2846 2525 2910 2579 et

488 2860 632 2895 orum
659 2846 702 2895 C
721 2845 871 2909 (corr)

487 2928 540 2977 in
564 2929 742 2979 timore
769 2929 813 2980 C
1007 2939 1035 2991 5
1071 2934 1121 2980 et
1141 2944 1219 2978 om
1242 2929 1313 2979 H

558 3065 603 3099 1.
666 3066 718 3099 eo
752 3050 883 3115 quod
917 3056 965 3100 et
990 3052 1134 3114 apud
1155 3066 1333 3111 omnes,
1361 3050 1477 3113 δια]
1545 3051 1651 3102 ‘As

488 3131 776 3195 everybody
788 3131 832 3181 is
848 3131 1002 3196 ready
1018 3139 1073 3181 to
1088 3129 1294 3193 admit3’
1324 3131 1384 3182 cf.
1409 3144 1447 3182 1.
1463 3148 1514 3197 p.
1537 3147 1648 3198 293,

487 3210 523 3260 1.
555 3226 615 3273 ¹4
636 3224 710 3271 sq.

555 3307 602 3340 α.
670 3291 743 3340 ita
765 3297 827 3340 ut
841 3307 928 3340 nec
946 3291 1330 3352 demonuorum,
1349 3290 1468 3352 δια]
1517 3292 1652 3341 Mar-

486 3373 625 3438 riage
639 3372 761 3423 with
777 3388 808 3421 a
825 3372 1067 3422 deceased
1081 3373 1327 3423 brother’s
1342 3373 1455 3424 wife
1479 3389 1579 3422 was
1596 3372 1650 3422 in

488 3450 632 3500 Thes
662 3450 782 3500 time
812 3449 1097 3514 prohibited
1124 3451 1190 3514 by
1212 3451 1298 3500 the
1325 3450 1422 3499 law
1444 3451 1569 3500 both
1599 3449 1661 3499 of

488 3533 575 3583 the
631 3531 836 3582 Church
889 3531 993 3582 and
1035 3532 1094 3581 of
1140 3531 1226 3581 the
1273 3525 1510 3596 Empire;
1568 3546 1653 3582 see

490 3611 698 3662 Smith's
730 3611 870 3661 Dict.
904 3610 967 3674 os
993 3611 1113 3661 Chr.
1155 3611 1367 3675 Antiqq.
1402 3610 1451 3660 ii.
1505 3622 1650 3674 1727.

488 3694 600 3743 The
622 3693 979 3743 Ante-Nicene
1002 3692 1175 3756 Synod
1192 3692 1251 3742 os
1267 3693 1318 3740 N
1320 3691 1652 3742 eo-Caesarea

491 3774 622 3834 (can.
664 3776 714 3835 α)
755 3774 939 3825 directs
983 3774 1093 3824 that
1132 3774 1184 3822 in
1219 3766 1342 3824 such
1380 3790 1518 3824 cases
1564 3774 1651 3823 the

489 3868 689 3902 woman
704 3853 832 3904 shall
854 3855 919 3904 be
942 3854 1138 3904 refused
1162 3854 1500 3904 Communion
1522 3853 1652 3904 until

489 3933 577 3983 the
599 3933 700 3982 end
722 3933 782 3982 of
797 3934 900 3995 life,
921 3935 1022 3984 and
1045 3935 1153 3984 that
1177 3936 1263 3985 the
1285 3936 1511 3984 survivor
1521 3934 1653 3984 shall

493 4024 581 4068 not
609 4018 675 4067 be
706 4015 988 4066 reeonciled
1020 4016 1231 4066 without
1268 4016 1564 4079 submitting
1596 4023 1652 4065 to

494 4115 664 4150 severe
707 4114 931 4164 penance
952 4116 966 4149 ε
1011 4095 1135 4160 γυνὴ
1180 4101 1266 4148 ἐὰν
1305 4093 1525 4160 γήμηται
1569 4098 1654 4147 δύο

495 4184 737 4243 ἀδελφοῖς,
758 4182 1026 4241 ἐξωθείσθω
1046 4181 1192 4242 μέχρι
1216 4181 1577 4230 eurota-ov...er
1600 4181 1654 4229 δὲ

495 4261 768 4325 τελευτήσῃ
801 4263 834 4322 ἡ
864 4261 988 4322 γυνὴ
1020 4264 1074 4311 ἐν
1104 4264 1307 4324 τοιούτῳ
1335 4263 1480 4326 γάμῳ
1509 4264 1646 4323 οὖσα,

496 4342 605 4402 ἦτοι
632 4343 659 4392 ὀ
684 4340 821 4405 ἁνήρ,
851 4340 1084 4404 δύσχερῆς
1109 4338 1183 4401 τῷ
1204 4343 1416 4399 μείναντι
1447 4341 1480 4400 ἡ
1505 4342 1652 4401 μετά·

496 4442 617 4474 vua.
664 4423 728 4474 In
746 4423 830 4474 the
844 4423 1005 4481 West,
1023 4421 1109 4471 the
1128 4419 1233 4470 first
1252 4421 1345 4470 Co.
1365 4421 1424 4470 os
1440 4420 1654 4471 Orleans

383 2628 468 2676 20
489 2617 669 2683 dedit
698 2619 1027 2702 Spiritum
1055 2641 1247 2685 suum
1277 2631 1569 2685 sanctum
1604 2620 1676 2684 in
1708 2622 1901 2687 uobis.

592 2778 614 2813 1
651 2762 891 2813 maiorem
921 2761 1078 2813 C'II
1096 2761 1105 2828 Ι
1132 2769 1181 2812 et
1207 2761 1315 2827 (bes
1322 2762 1512 2828 usurp.)
1539 2762 1645 2812 add
1666 2762 1744 2813 C*

1113 2861 1142 2910 3
1176 2862 1329 2897 uxore
1357 2845 1427 2896 C*
1454 2845 1601 2910 (corr)
1635 2850 1643 2911 Ι
1670 2847 1872 2898 alterius
1894 2864 1927 2896 r

1501 2944 1560 2992 13
1593 2928 1785 2993 egimus
1807 2945 1842 2978 r

1957 2782 1984 2815 α
2019 2774 2068 2816 et
2090 2782 2169 2816 om
2190 2767 2259 2816 H
2278 2763 2287 2829 Ι
2313 2765 2603 2816 confusione
2623 2782 2658 2815 r
2679 2762 2690 2830 Ι
2718 2771 2903 2816 mortu·

2173 2866 2205 2911 4
2238 2849 2419 2898 timore
2442 2846 2558 2912 (sor
2577 2845 2826 2911 timorem)
2844 2847 2915 2897 H

2036 2930 2094 2980 18
2126 2929 2233 2979 uita
2254 2944 2400 2980 conu-
2423 2945 2458 2978 r

1748 3049 1817 3115 (A.
1825 3064 1879 3103 D.
1918 3067 1974 3114 51
1987 3054 2032 3115 1)
2067 3053 2382 3103 condemned
2415 3051 2686 3114 marriages
2719 3049 2779 3100 of
2802 3048 2905 3099 this

1745 3133 1871 3182 kind
1896 3133 2123 3198 together
2145 3134 2268 3184 with
2290 3134 2435 3184 those
2461 3130 2750 3183 contracted
2780 3129 2904 3179 with

1747 3229 1780 3264 a
1813 3203 2057 3264 deceased
2096 3214 2253 3264 wise’s
2296 3215 2440 3265 sister
2480 3215 2612 3275 (can.
2655 3215 2748 3263 18:
2794 3214 2904 3261 “ne

1747 3301 1996 3358 superstes
2039 3294 2191 3343 frater
2242 3303 2409 3344 torum
2462 3293 2685 3344 defuncti
2740 3291 2904 3342 statris

1748 3375 1998 3435 ascendat,
2013 3390 2142 3424 neue
2159 3390 2213 3424 se
2228 3375 2491 3439 quisquam
2507 3374 2720 3425 amissae
2737 3372 2906 3423 uxoris

1748 3455 1906 3504 sorori
1928 3456 2109 3505 audeat
2131 3455 2321 3505 sociare
2334 3454 2404 3519 ‘').

1813 3534 1925 3582 The
1970 3533 2157 3583 Corbie
2194 3540 2458 3590 corrector,
2495 3533 2610 3585 who
2647 3532 2768 3582 read
2805 3531 2908 3582 this

1746 3614 1850 3664 line
1881 3615 1939 3663 de
1971 3621 2115 3663 mort.
2134 3614 2299 3678 fratr.
2335 3630 2552 3673 uxorem,
2588 3614 2680 3662 has
2711 3622 2786 3662 set
2820 3612 2906 3663 the

1746 3709 1997 3760 grammar
2026 3694 2159 3758 right
2192 3694 2402 3745 without
2429 3695 2616 3758 having
2630 3692 2821 3759 'regat-d
2854 3701 2908 3743 to

1747 3775 1835 3825 the
1865 3790 2021 3825 sense.
2097 3775 2197 3824 For
2227 3774 2506 3824 demortuus
2533 3791 2617 3825 see
2645 3776 2755 3824 Liv-
2773 3790 2824 3823 v.
2845 3789 2902 3838 3¹

1754 3856 1850 3905 “in
1867 3856 2113 3906 demortui
2131 3857 2296 3906 locum
2308 3855 2355 3914 ;'’
2373 3858 2472 3907 and
2487 3856 2552 3906 cs.
2568 3857 2654 3906 the
2667 3856 2844 3906 lexx.s.
2855 3872 2906 3905 v.

1814 3953 1863 4003 9.
1928 3937 2203 3999 contestati]
2236 3938 2385 4002 Vulg.
2418 3943 2451 3965 ‘⁴
2471 3935 2775 3988 testificati.”

1819 4032 1895 4083 15.
1963 4021 2036 4069 ad
2056 4026 2209 4070 sanct.
2235 4019 2459 4085 possess]
2482 4021 2565 4068 ἐπὶ
2586 4016 2657 4080 τῷ
2679 4016 2909 4081 ἁγιασμῷ

1748 4102 1834 4160 τῆς
1873 4102 2212 4162 κατασχέσεως
2253 4100 2297 4162 [i'
2332 4099 2393 4149 cf.
2442 4101 2568 4149 Acts
2602 4100 2688 4148 vii.
2730 4113 2777 4163 5,
2820 4112 2904 4162 45,

1749 4179 1943 4244 Vulg.].
2012 4180 2096 4230 On
2119 4179 2217 4230 Th.
2228 4177 2267 4229 ’s
2296 4179 2522 4229 doctrine
2552 4179 2611 4228 os
2632 4180 2718 4229 the
2746 4179 2910 4229 future

1748 4268 1877 4311 state
1900 4261 1952 4309 in
1975 4261 2038 4310 its
2067 4261 2277 4310 relation
2304 4269 2357 4310 to
2379 4261 2466 4311 the
2497 4267 2714 4327 present,
2754 4275 2837 4310 see
2869 4271 2910 4309 ι.

1748 4360 1834 4410 PP·
1863 4344 2050 4393 lxxxiii·
2080 4360 2176 4409 sq„
2207 4356 2284 4407 77,
2319 4360 2427 4408 133·

1818 4439 1894 4474 20.
1970 4424 2028 4473 in
2067 4423 2223 4485 uobis]
2273 4426 2344 4476 So
2381 4424 2529 4489 Vulg.
2575 4425 2678 4474 and
2724 4424 2788 4474 Ο.
2843 4425 2902 4474 L.
