3221 5116
28 393 41 682 Ι

338 425 382 489 1.
416 427 685 514 8—11.]
1059 445 1073 455 ·
1204 442 1288 494 IN
1337 443 1441 495 ΕΡ.
1483 441 1588 493 AD
1635 439 1902 492 τιτυΜ.
2623 438 2739 500 241

460 623 534 678 ut
563 615 652 679 ab
681 617 863 680 omni
897 616 1169 681 lasciuia
1199 636 1345 681 sese
1375 615 1782 700 superiorem
1815 614 2168 679 contineat.

458 742 722 809 iustum.

458 864 576 932 est,
607 865 683 919 ut
714 856 1033 922 iustitiam
1067 831 1356 922 studeat.

457 1009 768 1064 sanctum.

461 1134 536 1190 ut
564 1125 653 1190 ab
684 1128 866 1192 omni
898 1127 1078 1192 malo
1107 1147 1181 1193 se
1210 1128 1616 1212 superiorem
1651 1136 1957 1193 reseruet.
2827 1126 2859 1191 5

458 1278 892 1345 continentem.

461 1425 593 1488 quo
624 1426 759 1471 non
791 1406 1246 1492 uoluptatibus
1275 1408 1657 1473 delectetur.

457 1551 924 1634 amplectentem
954 1552 1034 1616 id
1055 1552 1232 1636 quod
1249 1552 1597 1617 secundum
1627 1551 1989 1617 doctrinam
2018 1563 2113 1617 est
2122 1552 2323 1636 fidele
2349 1551 2632 1616 uerbum.

460 1676 587 1741 hoc
632 1686 750 1754 est,
800 1683 815 1709 ‘
843 1678 1235 1763 diligentem
1281 1701 1441 1765 erga
1485 1680 1859 1744 doctrinam
1906 1677 2210 1763 pietatis!
2298 1687 2368 1742 et
2397 1678 2554 1761 quia
2587 1675 2746 1742 nihil

331 1780 640 1863 proderit,
670 1783 726 1846 si
757 1783 844 1847 sit
874 1782 1158 1865 diligens
1187 1804 1349 1867 erga
1376 1784 1777 1863 doctrinam,
1812 1782 1869 1847 si
1903 1803 2036 1846 non
2069 1783 2272 1847 etiarn
2312 1789 2382 1844 et
2421 1777 2751 1863 possibili·
2788 1799 2866 1846 ιο

329 1891 539 1948 tatem
572 1884 776 1968 ipsius
806 1883 1148 1950 doctrinae
1179 1884 1375 1951 fuerit
1403 1886 1746 1970 praeditus
1775 1909 1790 1950 ε

463 2043 540 2098 ut
549 2046 777 2118 potens
801 2036 896 2101 sit
923 2036 1012 2121 [et
1036 2036 1399 2122 exhortare]
1440 2038 1512 2101 in
1555 2036 1852 2101 doctrina
1894 2056 2059 2098 sana
2100 2043 2164 2099 et
2201 2003 2303 2097 eos
2342 2031 2461 2115 qui
2499 2041 2750 2095 contra-

232 2135 241 2142 '
329 2136 557 2202 dicunt
582 2159 869 2222 arguere.

457 2266 722 2340 oportet
753 2268 977 2324 autem
1009 2261 1245 2324 adesse
1276 2258 1335 2323 ei
1368 2260 1689 2325 uirtutem
1721 2269 1798 2323 ut
1827 2279 1962 2322 non
2000 2258 2215 2322 solum
2258 2258 2499 2322 docere
2538 2256 2753 2339 possit

328 2359 649 2442 pietatem
702 2362 866 2445 pios,
920 2363 1039 2426 sed
1089 2372 1164 2427 ut
1211 2370 1281 2427 et
1340 2372 1582 2446 potens
1631 2363 1719 2427 sit
1766 2382 1883 2426 eos
1929 2382 2205 2445 arguere
2256 2363 2370 2446 qui
2419 2362 2750 2437 resistunt,
2788 2379 2857 2444 15

243 2469 251 2476 '
327 2463 723 2546 dogmatum
755 2463 959 2528 fultus
991 2466 1288 2530 ueritate.
1377 2474 1444 2529 et
1469 2465 1789 2549 quoniam
1814 2465 2256 2530 necessarium
2289 2474 2391 2528 est
2422 2473 2495 2528 ut
2525 2473 2592 2528 et
2624 2462 2751 2526 hoc

327 2566 422 2631 illi
454 2569 647 2645 adsit,
680 2568 924 2632 adiecit
949 2588 965 2632 ε

457 2714 615 2768 sunt
653 2704 828 2768 enim
872 2705 1070 2769 multi
1111 2704 1450 2771 insubiecti
1488 2704 1830 2788 uaniloqui
1868 2716 1934 2769 et
1969 2705 2337 2781 seductores,
2370 2704 2654 2768 maxime
2679 2704 2756 2767 lzi

328 2806 448 2889 qui
486 2827 565 2870 ex
602 2806 1075 2872 circumcisione
1113 2819 1273 2874 sunt
1286 2833 1318 2885 ,·
1361 2830 1519 2892 quos
1557 2819 1800 2893 oportet
1835 2830 2126 2893 arguere,
2156 2807 2276 2892 qui
2315 2818 2484 2872 totas
2523 2807 2754 2873 domus

326 2908 725 2987 subuertunt,
753 2911 1036 2976 docentes
1061 2932 1226 2994 quae
1253 2933 1381 2976 non
1407 2922 1696 2995 oportent
1721 2913 1934 2996 turpis
1961 2911 2134 2977 lucri
2145 2911 2402 2994 gratia.
2781 2922 2866 2969 20

464 3036 681 3101 ‘multi
707 3034 981 3121 (inquit)
1006 3048 1161 3103 sunt
1184 3039 1298 3121 qui
1325 3039 1786 3121 obtemperare
1809 3037 2109 3102 ueritatis
2130 3036 2473 3101 doctrinae
2495 3036 2751 3114 nolunt,

434 3196 455 3230 1
493 3180 560 3230 ab
583 3179 753 3230 omnia
772 3178 960 3231 lasciua
981 3181 1134 3244 [=ab
1157 3181 1390 3231 omnibus
1411 3179 1612 3231 lasciuis
1623 3180 1669 3243 ἶ]
1694 3179 1765 3230 C*
1789 3180 1855 3230 Η
2094 3195 2124 3244 3
2157 3180 2213 3230 id
2236 3187 2312 3230 est
2339 3180 2383 3230 C
2404 3177 2551 3245 (corr)
2574 3198 2588 3231 ε
2621 3196 2701 3230 om
2722 3196 2755 3229 r

330 3275 360 3324 5
395 3268 557 3311 seruet
586 3261 632 3311 C
791 3274 819 3325 7
853 3262 1092 3328 quoniam
1113 3263 1181 3313 Η
1198 3261 1208 3327 Ι
1238 3278 1340 3312 non
1360 3278 1441 3312 om
1468 3261 1539 3314 C*
1563 3264 1633 3313 Η
1643 3279 1676 3312 r
1699 3260 1710 3327 Ι
1737 3262 2081 3313 uoluntatibus
2101 3263 2170 3312 Η
2175 3279 2209 3312 r
2378 3264 2410 3312 8
2442 3262 2753 3328 amplectens

333 3344 380 3393 C
406 3340 417 3408 Ι
442 3350 516 3392 est
537 3359 617 3393 em
640 3357 673 3391 r
694 3340 705 3409 Ι
734 3342 872 3393 fideli
894 3345 963 3393 H
1144 3360 1179 3413 9
1212 3359 1342 3409 quae
1364 3343 1482 3408 (for
1499 3344 1641 3410 quia)
1669 3342 1739 3394 C·
1763 3345 1828 3394 H
1881 3344 2018 3409 qdod
2043 3344 2089 3394 C
2109 3345 2257 3407 (cm)
2451 3359 2510 3395 10
2529 3344 2752 3410 prodesit

330 3421 479 3473 C'H
513 3423 716 3489 prodest
734 3422 936 3488 C(corr)
989 3424 1191 3489 prositr
1218 3423 1229 3490 Ι
1254 3425 1588 3491 possibilitate
1604 3441 1638 3474 r
1754 3439 1813 3477 ια
1847 3430 1900 3476 et
1919 3425 2181 3475 exhortare
2197 3442 2276 3475 om
2298 3425 2342 3475 C
2356 3425 2422 3475 H
2425 3442 2439 3474 ε
2460 3424 2756 3475 consolarir

331 3521 393 3568 1⁴
426 3505 475 3557 ei
506 3522 585 3555 om
620 3503 691 3554 C*
722 3503 733 3571 Ι
758 3506 934 3572 cupios
964 3507 1030 3556 sit
1062 3507 1303 3573 pietatem
1334 3508 1446 3573 pios
1478 3513 1554 3558 est
1586 3504 1704 3572 (sor
1722 3506 1881 3572 possit
1913 3506 2029 3568 διο.)
2056 3505 2126 3557 ε’*
2153 3507 2219 3557 Η
2273 3506 2505 3572 copiosus
2530 3506 2595 3556 sit
2627 3505 2747 3571 piet.

336 3588 452 3654 pios
492 3588 538 3638 C
570 3586 716 3653 (corr)
783 3588 988 3654 copiose
1023 3592 1183 3654 possit
1218 3590 1341 3655 piet.
1366 3590 1477 3655 pios
1500 3605 1533 3638 r
1762 3588 1821 3639 16
1853 3590 2180 3654 dogmagtum
2204 3586 2305 3654 (sic)
2335 3589 2379 3639 C
2402 3586 2411 3653 Ι
2441 3595 2491 3639 et
2501 3589 2753 3653 quoniam

332 3671 554 3737 ...gratia
573 3673 632 3736 [l.
658 3671 744 3735 20]
764 3688 842 3722 om
867 3687 900 3721 r
1052 3687 1113 3740 19
1145 3686 1294 3738 agere
1322 3669 1394 3721 C*
1413 3671 1480 3720 H
1496 3667 1506 3736 Ι
1535 3670 1717 3720 domos
1736 3671 1804 3720 Η
1946 3685 2013 3721 20
2046 3677 2244 3734 oportet
2273 3670 2320 3719 C
2337 3667 2487 3732 (cm)

395 3784 446 3832 8·
474 3783 628 3847 fidele
649 3784 878 3847 uerbum]
911 3784 1088 3851 vulg„
1112 3787 1151 3813 ‘⁶
1168 3787 1369 3837 fidelem
1391 3802 1492 3837 ser·
1591 3785 1649 3834 τὸ
1674 3785 1859 3848 ψεῦδος.

326 3859 583 3910 monem.”
1662 3864 1739 3913 18.
1797 3860 2087 3923 insubiecti]
2152 3861 2219 3911 Ο.
2244 3861 2305 3911 L.
2338 3862 2493 3909 “non
2514 3858 2752 3918 subditi.”

404 3957 480 3991 η.
553 3949 601 3991 et
651 3943 927 4007 exhonare]
988 3946 1086 3997 See
1128 3962 1215 3996 vv.
1256 3947 1310 3996 11.
1378 3946 1492 3996 The
1596 3946 1751 3994 “non
1784 3942 1997 3993 subiecti
2015 3941 2073 4002 ;'’
2108 3942 2279 4007 Vulg„
2312 3940 2753 3991 “inobedientes-'⁹

326 4020 571 4072 omission
592 4037 696 4073 was
718 4024 967 4090 probably
987 4025 1287 4076 accidental.
1592 4023 1676 4075 Cf.
1714 4031 1888 4088 supra,
1933 4040 1980 4073 v.
2022 4021 2070 4074 6.
2148 4024 2241 4073 Ex
2273 4022 2658 4079 (ἐνίπιπτε-εἰώθει,
2693 4038 2753 4072 so

403 4121 480 4168 14.
532 4121 634 4155 non
669 4106 846 4165 solum,
869 4108 988 4171 δια]
1036 4109 1136 4160 See
1164 4124 1245 4161 vv.
1268 4108 1324 4159 11.
1381 4108 1495 4159 The
1595 4107 1663 4158 Ο.
1684 4107 1769 4166 L.;
1801 4106 1975 4172 Vulg„
2008 4105 2124 4156 “de
2155 4103 2310 4155 circ.”
2374 4105 2603 4169 Arg-uere
2629 4105 2752 4166 (ἐτι-

326 4185 599 4237 translator
620 4187 839 4252 perhaps
860 4196 1051 4240 wrote:
1083 4190 1245 4241 docere
1259 4191 1494 4254 ptetatem
1593 4188 1878 4253 στομλζειν),
1907 4187 1973 4238 O.
1990 4187 2051 4236 L.
2078 4186 2179 4236 and
2203 4186 2372 4251 vulg„
2401 4185 2681 4250 “redargui
2697 4184 2754 4244 ;”

315 4267 454 4332 pios.
521 4267 625 4318 For
657 4268 744 4318 the
787 4283 970 4319 comm.
1009 4269 1074 4321 cf.
1118 4271 1298 4322 Thdt.=
1329 4269 1357 4320 ὁ
1394 4269 1496 4335 γὰρ
1597 4268 1767 4328 Hier„
1794 4265 2193 4334 “redarguere‚”
2213 4267 2304 4317 but
2326 4267 2434 4317 also
2457 4265 2753 4316 “silentium

327 4346 490 4395 ταῦτα
524 4343 610 4409 [τὰ
643 4347 752 4396 θεῖα
783 4346 953 4410 λόγια]
986 4345 1153 4409 σαφῶς
1178 4347 1496 4409 ἐπιστάμενος
1595 4349 1873 4416 imponere,
1919 4348 2132 4400 indici.”
2220 4351 2406 4407 Totam·
2452 4349 2517 4401 Ο.
2543 4348 2606 4398 L.
2653 4349 2754 4398 and

329 4429 418 4478 καὶ
437 4429 536 4478 τοῖς
557 4425 868 4480 πιστεύουσιν
880 4425 969 4490 τὴν
983 4427 1269 4494 ὀνησιφόρον
1279 4432 1493 4494 τροσφέ-
1596 4432 1772 4497 Vulg„
1816 4432 1854 4460 “
1867 4433 2125 4483 uniuersas
2138 4429 2170 4456 ’'
2214 4431 2300 4493 (ef.
2345 4431 2506 4495 infra,
2553 4446 2605 4495 p.
2641 4445 2754 4493 242,

325 4527 405 4572 ρει
420 4510 755 4573 διδασκαλίαν,
772 4511 851 4561 καὶ
874 4510 973 4560 τῶν
995 4508 1225 4561 ἐναντίων
1246 4512 1493 4573 διελέγχει
1596 4515 1632 4563 1.
1659 4513 1729 4574 7).
1796 4514 1899 4564 For
1920 4514 2335 4564 domm=domos
2356 4528 2439 4563 see
2459 4513 2591 4562 lexx.

506 4625 557 4676 S.
621 4626 696 4678 11.
2506 4613 2582 4674 16
