3221 5116
317 447 773 503 FRAGMENTS
820 447 914 503 OF
958 447 1115 501 THE
1159 449 1554 506 DOGMATIC
1600 453 1866 506 WORKS
1912 450 2007 506 OF
2051 455 2099 505 T
2104 449 2478 506 HEODORE.
2545 445 2688 519 325

257 624 656 705 intellegimus
683 637 883 688 autem
913 647 1050 688 eum
1077 627 1282 703 filium,
1312 647 1435 689 non
1464 631 1633 707 quod
1669 650 1777 708 per
1804 648 1868 691 se
1897 627 2131 691 dicatur
2157 626 2354 712 filius,
2360 628 2469 688 sed
2507 626 2673 704 quod

256 722 359 783 illa
404 725 829 787 coniunctione
873 744 1057 802 quam
1100 728 1283 788 habet
1327 748 1468 788 cum
1515 748 1591 789 eo
1636 727 1740 806 qui
1783 747 1927 789 uere
1970 739 2061 790 est
2108 726 2262 788 filius
2299 724 2495 787 taliter
2520 742 2671 784 nun-

257 834 524 900 cupetur.

379 920 655 982 misertus
695 932 786 982 est
819 923 1065 985 Creator
1095 921 1366 1000 perditae
1402 934 1707 984 creaturae
1741 933 1803 984 et
1835 922 1964 983 sine
2000 919 2422 984 commixtione
2461 923 2676 983 format

258 1016 565 1094 infantem,
595 1020 868 1096 perducit
895 1023 975 1081 ad
1003 1032 1263 1082 aetatem
1289 1022 1540 1095 uirilem,
1570 1021 2078 1082 incrementorum
2107 1020 2351 1099 quidem
2392 1039 2674 1098 processu
2742 1031 2776 1094 5

258 1126 505 1178 naturae
549 1116 999 1179 similitudinem
1055 1137 1167 1195 pro
1200 1119 1398 1179 'modo
1441 1116 1806 1178 credulitatis
1854 1116 2164 1177 insinuans
2175 1138 2194 1191 3
2252 1117 2489 1177 occulte
2530 1134 2676 1176 uero

258 1209 455 1273 eidem
483 1215 800 1291 copulatus
828 1214 1106 1291 existenS,
1140 1234 1266 1275 non
1304 1217 1511 1276 aberat
1552 1235 1692 1275 cum
1733 1217 2099 1289 formaretur,
2141 1232 2266 1274 non
2300 1210 2679 1273 diuidebatur

258 1330 398 1371 cum
436 1322 787 1388 nasceretur,
832 1312 1104 1389 loquenti
1145 1312 1500 1380 coniunctus
1544 1325 1655 1387 est,
1694 1332 1973 1390 praesens
2014 1311 2077 1372 in
2114 1311 2241 1373 eius
2279 1312 2511 1374 actibus
2548 1333 2676 1392 per-
2751 1384 2758 1393 ⁴

259 1428 555 1485 seuerans,
586 1421 768 1487 atque
794 1408 880 1469 ibi
907 1429 1073 1470 suam
1105 1409 1545 1471 connexionem
1574 1410 1704 1471 sine
1732 1423 1986 1487 peccato
2014 1407 2375 1471 custodiens·

261 1547 420 1632 [The
447 1550 776 1630 remaining
803 1553 1122 1630 fragments
1149 1551 1211 1612 in
1245 1553 1597 1612 Mercator's
1627 1549 1806 1612 Latin
1826 1553 2051 1629 belong
2072 1563 2136 1612 to
2160 1549 2448 1624 Diodore,
2468 1560 2679 1628 except

516 1648 619 1708 the
646 1649 759 1708 last
786 1660 920 1721 tw0,
952 1647 1143 1708 which
1171 1667 1271 1710 are
1298 1647 1568 1709 ascribed
1597 1647 1660 1708 in
1690 1649 1792 1709 the
1823 1650 1959 1709 Vat.
1994 1664 2092 1708 MS.
2129 1657 2194 1708 to
2224 1642 2407 1728 Ibas].

361 1951 519 2035 [Act.
554 1955 741 2017 Cone.
778 1957 900 2018 CP.
933 1955 986 2016 ii.
1024 1974 1105 2015 ιν.
1136 1975 1212 2033 35
1248 1956 1309 2037 (“
1332 1955 1603 2017 eiusdem
1635 1954 1943 2017 Tbeodori
1970 1974 2046 2016 ex
2073 1955 2289 2018 eodem
2319 1954 2557 2037 libro'’).

811 2054 943 2132 Vig.
978 2058 1053 2132 36
1085 2055 1147 2136 (“
1166 2055 1274 2116 ubi
1300 2055 1379 2115 ad
1409 2053 1776 2132 baptizatum
1804 2052 2131 2135 dicitur'')].

380 2188 653 2248 Renatus
694 2189 844 2248 alter
886 2190 1077 2248 factus
1118 2208 1185 2249 es
1219 2206 1329 2266 pro
1357 2190 1563 2261 altero,
1593 2206 1722 2247 non
1749 2187 1869 2246 iam
1897 2205 2034 2264 pars
2064 2186 2260 2248 Adam
2289 2184 2591 2248 mutabilis
2618 2199 2679 2249 et
2710 2203 2785 2245 10

257 2282 519 2359 peccatis
559 2283 920 2360 circumfusi,
960 2286 1069 2346 sed
1106 2282 1346 2359 Christi,
1386 2282 1489 2362 qui
1530 2284 1784 2345 omnino
1824 2283 2204 2361 inculpabilis
2244 2303 2350 2362 per
2387 2303 2676 2348 resurrec-

258 2378 485 2442 tionem
512 2383 703 2443 factus
733 2394 837 2444 est.

341 2568 498 2652 [Act.
532 2574 719 2633 Conc-
754 2574 874 2634 CP.
906 2572 964 2634 ii.
998 2590 1075 2633 1v.
1111 2593 1186 2650 37
1219 2573 1286 2641 (“
1304 2573 1575 2635 eiusdem
1603 2594 1681 2635 ex
1710 2574 1930 2635 eodem
1957 2573 2112 2635 libro
2124 2573 2197 2653 ”).
2285 2575 2416 2653 Vig.
2443 2571 2563 2657 37}

382 2696 472 2755 Ut
526 2698 776 2756 multam
831 2696 1077 2773 quidem
1133 2698 1260 2757 eius
1314 2699 1534 2759 faceret
1590 2697 1975 2775 diligentiam,
2023 2697 2227 2758 omnia
2279 2710 2479 2759 autem
2523 2697 2681 2760 illius

256 2794 498 2873 propria
524 2795 744 2853 faceret
770 2804 831 2853 et
858 2794 1150 2867 toleraret,
1182 2813 1288 2871 per
1314 2813 1526 2855 omnes
1556 2814 1632 2856 eo
1661 2796 1845 2855 ducto
1873 2794 2199 2872 passioneS,
2231 2815 2336 2873 per
2362 2815 2511 2874 quas
2541 2816 2678 2857 eum

259 2890 593 2949 secundum
621 2909 789 2949 suam
818 2888 1100 2951 uirtutem
1128 2892 1458 2968 perfectum
1486 2890 1658 2964 fecit;
1694 2909 1810 2951 nec
1835 2910 1874 2950 a
1901 2890 2150 2953 mortuis
2178 2892 2508 2952 secundum
2536 2911 2679 2952 suae
2712 2910 2782 2974 15

257 3000 504 3049 naturae
558 2992 748 3067 legem
806 2992 1110 3065 recedenS,
1158 2993 1265 3052 sed
1322 3010 1428 3050 sua
1482 2990 1819 3068 praesentia
1873 3003 1932 3052 et
1980 2990 2326 3069 operatione
2382 3003 2441 3052 et
2494 2990 2682 3069 gratia

256 3085 515 3146 liberans
564 3086 810 3164 quidem
858 3107 995 3148 eum
1044 3089 1120 3149 de
1170 3099 1363 3150 morte
1412 3099 1472 3149 et
1519 3088 1693 3149 malis
1734 3108 1890 3166 quae
1937 3088 2079 3150 inde
2123 3100 2279 3164 sunt,
2326 3088 2681 3150 resuscitans

256 3196 459 3246 autem
489 3205 627 3247 eum
656 3187 733 3247 de
761 3177 1008 3247 mortuis
1037 3198 1096 3248 et
1124 3188 1201 3248 ad
1231 3185 1538 3248 meliorem
1567 3187 1750 3247 finem
1778 3187 2129 3264 perducens.

366 3385 520 3470 [Act.
558 3391 742 3451 Cone.
779 3389 897 3451 CP.
931 3387 987 3449 ii.
1025 3405 1101 3449 ιν.
1138 3394 1214 3466 38
1249 3389 1312 3467 (“
1330 3388 1601 3449 eiusdem
1630 3385 1938 3449 Theodori
1966 3407 2039 3449 ex
2067 3387 2285 3450 eodem
2316 3385 2550 3469 libro’').

1318 3484 1449 3563 Vig.
1483 3482 1605 3566 48].

383 3612 623 3674 Deinde
680 3614 1004 3675 ostendens
1059 3614 1228 3676 cuius
1280 3615 1467 3694 gratia
1528 3635 1740 3693 passus
1797 3626 1886 3676 est
1933 3613 2416 3688 diminutionem,
2461 3611 2677 3675 infert·

254 3718 536 3788 quatenus
575 3712 724 3770 citra
763 3713 957 3771 Deum
989 3721 1101 3788 pro
1126 3714 1388 3772 omnibus
1404 3720 1669 3789 gustaret
1694 3711 2014 3782 mortem*‚·
2054 3710 2197 3788 quia
2236 3710 2446 3772 diuina
2471 3720 2683 3770 natura
2709 3736 2787 3779 20

257 3807 341 3868 ita
394 3812 655 3884 uolente,
707 3821 975 3887 separata
1023 3810 1141 3885 illa,
1192 3810 1320 3887 ipse
1365 3829 1471 3887 per
1518 3830 1583 3871 se
1631 3829 1742 3887 pro
1791 3808 2062 3870 omnium
2109 3807 2366 3868 utilitate
2418 3805 2680 3886 gustauit

258 3919 529 3967 mortem.
617 3916 677 3967 et
724 3909 1047 3969 ostendens
1096 3908 1262 3985 quod
1309 3908 1503 3968 deitas
1549 3917 1820 3985 separata
1868 3906 2114 3983 quidem
2160 3916 2286 3966 erat
2318 3907 2395 3966 ab
2437 3905 2543 3966 illo
2576 3903 2681 3983 qui

258 4024 468 4083 passus
497 4015 586 4064 est
615 4008 944 4067 secundum
974 4006 1179 4068 mortis
1217 4006 1706 4084 experimentum,
1738 4004 1880 4083 quia
1907 4024 2021 4065 nec
2048 4003 2332 4082 possibile
2361 4015 2484 4064 erat
2516 4002 2680 4063 illam

260 4100 468 4162 mortis
509 4101 977 4179 experimentum
1018 4104 1287 4182 accipere
1309 4126 1327 4179 3
1378 4123 1504 4164 non
1536 4115 1740 4164 tamen
1777 4102 1864 4163 illi
1900 4102 2006 4180 qui
2042 4120 2252 4178 passus
2285 4111 2377 4162 est
2412 4102 2682 4162 abfuerat

260 4201 595 4261 secundum
622 4199 1007 4279 diligentiam.
2709 4221 2785 4284 25

362 4364 423 4400 10
455 4355 529 4398 est
555 4345 759 4412 (fines)
794 4348 846 4397 V
1066 4362 1125 4410 14
1157 4348 1434 4399 conductus
1458 4347 1658 4414 (soreo
1679 4347 1853 4409 ducto)
1888 4347 1941 4397 V
2172 4358 2230 4411 17
2263 4363 2379 4398 eum
2400 4348 2608 4415 quidem
2640 4347 2691 4403 V

260 4441 326 4482 20
357 4430 490 4481 circa
510 4428 640 4482 codd.
657 4448 676 4482 .·
706 4427 831 4480 citra
851 4427 976 4492 conj.
999 4428 1104 4481 edd.
1133 4429 1386 4493 (=xwpls)
1564 4444 1623 4480 π
1660 4445 1754 4495 pro
1774 4443 1829 4480 se
1853 4426 1971 4493 (sor
1989 4444 2079 4495 per
2099 4428 2171 4493 se)
2208 4429 2261 4479 V

1314 4541 1343 4568 ·
1384 4543 1523 4595 Heb.
1549 4543 1602 4594 ii.
1627 4558 1674 4610 9.
