3221 5116
459 367 580 430 126
1130 376 1588 429 THEoDoRus
1635 372 2219 427 MOPSUESTENUS
2620 353 2772 438 [ΙΙΙ.
2808 355 2866 418 8.

447 553 515 616 in
569 558 876 634 apertum
930 550 1339 614 consisteret.
1433 548 1922 613 intendendum
1978 567 2137 611 uero
2186 553 2288 610 est
2340 544 2428 608 de
2472 554 2694 608 cetero
2740 543 2870 607 illis

444 676 622 739 quae
674 657 760 720 de
808 656 1202 721 diaconibus
1255 656 1436 731 dicit,
1491 676 1647 719 cum
1697 654 1974 719 euidens
2025 653 2116 717 sit
2168 651 2353 728 illud,
2390 651 2712 733 quoniam
2755 649 2871 713 illa

447 780 620 841 quae
668 760 754 824 de
801 760 1130 843 episcopis
1161 759 1343 822 dicta
1387 767 1562 837 sunt,
1598 758 1684 823 de
1731 757 1859 820 illis
1906 756 2019 840 qui
2067 775 2242 820 nunc
2286 756 2655 838 presbyteri
2705 774 2873 818 nun-

449 870 779 945 cupantur
831 861 1044 926 uoluit
1096 861 1468 944 significari.
1586 881 1761 943 quae
1808 859 1914 923 uel
1978 858 2278 922 maxime
2330 858 2737 922 conueniunt
2781 856 2869 921 ad

391 985 764 1054 5praesens
809 973 884 1028 ut
930 983 1082 1028 cum
1131 965 1313 1028 omni
1357 963 1707 1047 diligentia
1752 963 2193 1026 obseruentur
2232 961 2320 1024 ab
2363 960 2492 1023 illis
2537 960 2650 1042 qui
2694 979 2870 1024 nunc

451 1069 746 1151 episcopi
792 1077 1276 1151 nuncupantur,
1308 1076 1501 1131 tanto
1540 1067 1862 1130 intentius
1893 1074 2148 1148 quanto
2179 1073 2248 1128 et
2280 1065 2600 1127 maiorem
2634 1061 2872 1126 functi-

450 1193 648 1236 onem
698 1173 1125 1236 commissam
1174 1170 1421 1234 habere
1470 1172 1798 1235 uidentur.
1886 1170 2046 1254 quid
2102 1190 2262 1251 ergo
2315 1168 2516 1232 dicit:
2573 1167 2872 1231 diaconos

449 1275 807 1340 similiter?
884 1273 1070 1337 illurn
1102 1274 1404 1337 ordinem
1437 1274 1928 1356 propemodum
1975 1280 2043 1335 et
2089 1270 2220 1335 hoc
2266 1272 2334 1334 in
2379 1270 2530 1335 loco
2569 1290 2871 1335 seruasse

451 1379 718 1443 uidetur
746 1400 946 1462 quem
978 1380 1066 1443 de
1112 1379 1497 1443 mulieribus
1542 1379 1811 1443 dixerat
1853 1386 1919 1441 et
1956 1377 2131 1441 uiriS.
2222 1398 2381 1441 nam
2429 1385 2498 1441 et
2539 1375 2653 1441 illa
2698 1396 2873 1460 quae

351 1504 430 1554 10
451 1480 538 1546 de
582 1484 740 1546 uiris
784 1485 1091 1567 primitus
1134 1484 1382 1560 dicenS,
1433 1483 1721 1548 adiecit:
1779 1481 2092 1547 similiter
2130 1491 2347 1546 autem
2408 1490 2471 1545 et
2521 1481 2818 1545 mulieres
2840 1503 2870 1555 ,·

451 1586 814 1649 ostendens
859 1587 1177 1669 quoniam
1232 1586 1344 1649 illa
1392 1607 1567 1670 quae
1607 1587 1931 1650 uirtutum
1993 1593 2166 1662 sunt,
2213 1605 2571 1648 commune
2614 1584 2701 1648 ad
2756 1605 2870 1648 eos

451 1689 598 1753 uult
629 1691 975 1773 pertinere.
1065 1690 1193 1755 hoc
1237 1691 1415 1754 idem
1465 1711 1625 1754 uero
1671 1690 1827 1754 fecit
1864 1700 1932 1753 et
1968 1689 2098 1752 hoc
2138 1688 2205 1752 in
2256 1688 2444 1766 loco;
2491 1688 2720 1752 dicens
2761 1686 2873 1750 illa
2977 1719 2981 1723 ·

451 1812 625 1874 quae
656 1803 813 1858 tunc
846 1795 930 1858 de
961 1795 1288 1878 episcopis
1319 1793 1585 1858 dixerat
1615 1794 1729 1876 qui
1762 1814 1935 1858 nunc
1966 1794 2396 1857 nominantur
2425 1798 2442 1826 ‘
2464 1791 2874 1876 presbyteri,'

452 1896 697 1961 adicit:
738 1896 1037 1962 diaconos
1078 1898 1434 1974 similiter,·
1479 1897 1608 1961 hoc
1651 1907 1769 1975 est,
1819 1900 2171 1963 ‘uniuersa
2207 1919 2382 1982 quae
2427 1898 2514 1962 ad
2557 1899 2872 1962 uirtutem

353 2024 377 2071 1
392 2020 423 2087 5
453 2001 804 2081 pertinent,
837 2002 1143 2066 similiter
1172 2012 1244 2067 et.
1270 2003 1374 2066 his
1415 2003 1652 2069 adesse
1682 2002 1914 2087 cupio?
1990 2004 2235 2069 deinde
2265 2004 2471 2068 adicit
2497 2027 2513 2068 ε

567 2158 858 2240 pudicos,

589 2287 763 2351 iusta
785 2288 1056 2368 ratione,
1083 2310 1164 2353 eo
1185 2288 1365 2372 quod
1387 2289 1794 2355 mediatores
1820 2290 2092 2374 quidem
2118 2300 2186 2356 et
2211 2290 2499 2354 ministri
2521 2287 2877 2353 functionis

456 2389 883 2453 sacerdotalis
930 2411 1065 2454 non
1110 2390 1328 2454 solum
1374 2413 1533 2475 erga
1576 2393 1755 2457 uiros
1800 2403 1989 2457 erant
2036 2395 2155 2459 sed
2198 2405 2267 2458 et
2315 2415 2473 2477 erga
2525 2393 2877 2467 mulieres;

459 2493 824 2558 necessarie
856 2514 1016 2578 ergo
1047 2515 1162 2560 eos
1194 2495 1364 2560 tales
1396 2515 1541 2561 esse
1572 2496 2035 2562 conueniebat.

350 2674 437 2724 20
590 2671 715 2715 non
747 2650 1079 2733 bilingues.

586 2788 654 2843 et
698 2777 827 2843 hoc
879 2779 1051 2843 iusta
1092 2779 1252 2844 dicit
1301 2779 1556 2844 ratione
1581 2799 1597 2856 ς
1642 2779 1698 2843 si
1744 2780 1923 2845 enim
1970 2780 2275 2845 deferunt
2324 2780 2436 2845 illa
2474 2801 2649 2863 quae
2687 2799 2877 2843 man-

459 2881 704 2947 dantur
761 2904 802 2948 a
862 2879 1288 2968 presbyteris
1326 2886 1467 2949 siue
1527 2885 1685 2949 uiris
1744 2886 1887 2950 siue
1961 2885 2347 2951 mulieribus
2405 2887 2490 2950 ad
2567 2906 2735 2969 quos
2810 2893 2877 2948 et

565 3051 586 3085 1
624 3035 891 3085 consistere
913 3036 982 3084 H
1267 3052 1295 3099 3
1330 3043 1450 3085 tunc
1483 3035 1598 3100 (sor
1617 3035 1769 3092 nunc)
1797 3037 2007 3099 C(c0rr)
2043 3035 2107 3093 r!
2137 3037 2437 3103 presbiteros
2458 3039 2548 3090 Cr
2594 3038 2880 3104 presbiteris

462 3117 528 3166 H
549 3114 928 3181 'gubernabant
962 3117 1034 3166 ita
1072 3123 1127 3168 ut
1163 3126 1327 3168 essent
1364 3125 1482 3167 tunc
1511 3133 1599 3182 per
1634 3118 1854 3183 singulas
1900 3119 2180 3184 prouincias
2224 3120 2406 3184 singuli
2451 3121 2549 3186 (ast
2585 3121 2877 3186 presbyteri)

460 3198 565 3247 add
603 3197 794 3247 CHr:
826 3213 898 3247 see
923 3204 979 3262 p.
1032 3213 1138 3261 ιη,
1177 3199 1211 3250 Ι.
1259 3214 1299 3259 1,
1339 3197 1482 3263 note!
1513 3209 1856 3265 nuncupantes
1894 3201 1985 3251 Cr
2013 3209 2356 3265 nuncupanter
2379 3202 2445 3251 H
2741 3214 2769 3262 5
2805 3210 2871 3262 et,

462 3280 790 3328 obser-uantur
811 3295 843 3328 r
1069 3280 1100 3328 8
1133 3277 1185 3326 in
1223 3277 1321 3327 hoc
1354 3277 1467 3328 loco
1504 3279 1573 3328 H
1601 3295 1635 3329 r
1847 3296 1898 3330 11
1937 3280 2170 3331 uirtutem
2197 3281 2242 3330 C
2262 3281 2411 3342 (corr)
2617 3296 2671 3331 η
2707 3281 2758 3330 in
2782 3281 2879 3331 hoc

460 3360 576 3410 loco
603 3361 700 3492 Ces
914 3374 978 3410 ἰο
1009 3358 1260 3425 bilingues
1287 3359 1359 3410 C·
1577 3376 1638 3411 αι
1677 3361 1805 3413 iusta
1825 3378 1866 3412 r.
1889 3363 1942 3413 d.
1973 3363 2019 3413 C
2252 3377 2314 3413 22
2348 3361 2676 3413 admittuntur
2699 3364 2813 3430 (sor
2830 3372 2879 3415 et

463 3442 617 3506 mitt.)
713 3457 746 3491 r

533 3587 580 3636 3.
647 3587 801 3628 nunc,
852 3569 1237 3636 nuncupantur]
1318 3570 1416 3621 See
1450 3587 1528 3620 vv.
1570 3571 1626 3620 ll.
1800 3570 1876 3623 16.
1933 3571 2163 3638 pudicos]
2210 3574 2306 3624 See
2328 3573 2491 3624 above
2513 3589 2581 3623 on
2602 3589 2649 3624 v.
2672 3589 2720 3638 3.
2778 3574 2877 3625 Th.

479 3656 631 3716 Tunc,
660 3661 1026 3719 nuncupanter,
1055 3669 1141 3702 are
1162 3653 1462 3704 corrections
1477 3654 1627 3703 made
1727 3653 1769 3703 is
1792 3655 2027 3705 followed
2049 3655 2118 3719 by
2139 3655 2298 3705 Thdt.
2323 3655 2374 3704 in
2399 3656 2665 3722 regarding
2684 3661 2882 3718 σεμνούς

467 3736 826 3801 subsequently
856 3743 911 3785 to
944 3735 1030 3785 the
1062 3735 1415 3800 interpolation
1447 3735 1506 3785 ot'
1528 3752 1625 3801 gu-
1724 3737 2112 3797 ιεεσώφρονας.
2183 3736 2243 3785 In
2262 3738 2340 3786 his
2356 3737 2578 3802 singular
2590 3738 2878 3803 interpreta-

468 3818 758 3875 berneham,
782 3834 857 3882 sq.
1726 3819 1835 3867 tion
1858 3816 1917 3866 os
1943 3817 2031 3867 the
2068 3815 2152 3868 cir.
2197 3819 2309 3880 λεγ.
2348 3820 2571 3879 διλόγους
2607 3820 2674 3870 he
2708 3822 2880 3870 stands

533 3915 585 3965 9.
645 3915 766 3948 nam
787 3906 836 3948 et
852 3898 965 3956 illa,
988 3895 1107 3959 δια]
1172 3896 1214 3947 1.
1231 3912 1278 3947 e.
1301 3898 1519 3948 deacons
1540 3913 1627 3947 are
1726 3896 1890 3947 alone.
1964 3896 2014 3945 It
2036 3912 2198 3947 seems
2221 3905 2275 3947 to
2303 3898 2433 3948 have
2455 3899 2584 3949 been
2616 3902 2880 3964 suggested

468 3983 738 4032 addressed
760 3980 886 4031 aster
918 3982 1199 4046 presbyters
1225 3996 1284 4030 or
1315 3978 1538 4044 bishopS‚
1569 3994 1626 4029 as
1727 3978 1795 4042 by
1815 3978 1941 4027 facts
1961 3977 2127 4027 which
2150 3979 2252 4029 had
2273 3979 2427 4029 fallen
2447 3980 2624 4031 within
2655 3981 2735 4032 his
2766 3998 2882 4033 own

469 4064 624 4128 being
656 4063 785 4113 their
817 4062 1062 4118 inferior-s,
1095 4062 1149 4112 in
1192 4062 1297 4111 like
1330 4077 1538 4111 manner
1571 4076 1628 4110 as
1725 4060 2019 4125 experienee
2038 4060 2122 4121 (cf.
2148 4077 2197 4126 p.
2231 4070 2339 4123 127,
2370 4061 2405 4110 l.
2430 4062 2504 4124 4).

472 4162 669 4197 women
692 4160 775 4194 are
797 4143 1066 4193 addi-&sed
1088 4142 1215 4192 aster
1239 4157 1371 4192 men.
1440 4142 1538 4192 But
1572 4142 1626 4192 in
1801 4146 1876 4194 18.
1942 4144 2027 4193 sad
2046 4152 2094 4194 et
2119 4161 2232 4209 erga
2254 4144 2501 4207 mulieres]
2538 4146 2664 4195 This
2685 4146 2885 4213 depart-

472 4228 596 4280 mch
630 4242 743 4277 case
779 4225 918 4275 there
950 4240 1034 4274 are
1071 4225 1231 4274 moral
1265 4224 1430 4274 duties
1463 4225 1630 4275 which
1729 4237 1867 4277 ment
1900 4226 1962 4277 of
1989 4227 2074 4277 the
2109 4227 2343 4277 deacon's
2365 4230 2489 4294 duty
2513 4245 2615 4279 was
2637 4238 2742 4288 not,
2766 4248 2822 4281 as
2843 4232 2883 4282 it

472 4309 660 4371 belong
681 4313 736 4355 to
758 4304 884 4354 both
904 4305 1087 4354 classes
1107 4304 1268 4354 alike:
1303 4303 1368 4353 cf.
1404 4304 1632 4355 ὡσαύτως
1728 4324 1906 4370 seemS,
1945 4309 2158 4374 entirely
2196 4310 2498 4361 transferred
2541 4321 2595 4361 to
2639 4313 2725 4362 the
2767 4313 2882 4363 dea·

475 4392 553 4441 mi
586 4389 818 4451 γυναῖκα
852 4387 918 4448 (c.
943 4387 995 4437 ii.
1020 4386 1089 4452 9),
1131 4387 1371 4438 διακόνους
1406 4386 1631 4438 ὡσαύτως
1729 4404 1920 4450 coness,
1965 4404 2091 4439 even
2135 4389 2187 4439 in
2229 4390 2315 4441 the
2359 4391 2501 4441 Επεὶ.
2587 4392 2664 4442 Cf.
2711 4392 2871 4458 infra,

476 4474 540 4540 (c.
568 4475 637 4525 iii.
662 4474 732 4535 8).
1732 4486 1779 4534 p.
1817 4473 1922 4530 128,
1952 4470 1984 4519 l.
2019 4484 2091 4531 n,
2120 4477 2254 4522 note.
