3221 5116
500 362 621 426 166
1158 375 1615 426 THEODORUS
1663 374 2252 428 MOPSUESTENUS
2541 359 2648 446 [V.
2689 378 2784 441 14,
2824 374 2935 440 15.·

630 548 883 613 nullam
912 548 1290 613 occasionem
1322 548 1482 612 dare
1507 548 1891 614 aduersario
1922 548 2389 615 maledictionis
2408 549 2656 632 gratia.

633 696 647 722 ⁴
673 712 807 755 non
839 693 1017 756 enim
1048 690 1205 758 uolo
1236 693 1381 757 illas
1412 693 1502 756 ob
1546 691 1728 756 illam
1761 714 2030 757 causam
2073 694 2475 757 uiduitatem
2509 691 2918 768 simulantes,

496 803 733 876 postea
762 794 829 858 in
863 795 1008 859 aliis
1039 795 1338 873 inueniri,
1371 805 1439 860 et
1469 816 1559 859 ex
1588 794 1719 860 hoc
1749 797 1909 860 dare
1949 797 2366 860 occasionem
2401 797 2528 861 illis
2569 797 2683 880 qui
2725 796 2919 861 nobis

497 900 817 982 derogare
851 908 1212 982 properant
1248 898 1336 961 ob
1382 897 1563 962 illam
1606 900 1932 963 rationem
1965 921 2100 983 qua
2139 900 2319 964 uitae
2356 910 2624 966 nostrae
2660 902 2916 969 nullum

434 1012 465 1078 5
498 1004 796 1068 studium
857 1002 1275 1080 adhibemuS,
1324 1004 1442 1067 sed
1498 1006 1721 1087 specie
1780 1013 2048 1068 tantum
2111 1006 2431 1069 uirtutem
2495 1024 2617 1069 nos
2670 1004 2916 1088 exequi

498 1104 931 1171 simulamus?
1020 1115 1089 1170 et
1126 1115 1199 1170 ut
1233 1126 1314 1169 ne
1346 1106 1661 1171 uideatur
1691 1109 1833 1191 ipse
1863 1109 2243 1191 suspicione
2286 1110 2351 1173 id
2398 1108 2730 1192 colligere,
2759 1130 2919 1174 cau-

497 1230 644 1274 sam
678 1210 890 1294 ipsam
925 1211 1120 1294 ponit
1151 1219 1219 1275 et
1251 1211 1411 1275 dicit
1438 1230 1452 1275 :

626 1389 764 1453 iam
791 1389 965 1453 enim
993 1388 1310 1472 quaedam
1340 1409 1675 1454 conuersae
1702 1399 1860 1453 sunt
1890 1400 2041 1471 post
2073 1388 2401 1453 Satanan.

627 1538 721 1602 sic
770 1536 1033 1600 uidetur
1083 1535 1301 1601 modis
1349 1536 1659 1621 omnibus
1720 1534 1865 1600 illas
1921 1558 2094 1620 quae
2145 1558 2278 1602 non
2329 1539 2501 1602 bene
2548 1539 2917 1603 abutuntur

393 1646 713 1727 10ipsam
775 1642 1170 1707 uiduitatem
1217 1641 1575 1708 excludere
1635 1642 1723 1705 ab
1769 1642 2001 1722 ordine
2045 1643 2418 1722 uiduarum,
2466 1664 2735 1709 omnem
2781 1643 2921 1719 dis-

496 1746 937 1811 simulationis
980 1745 1397 1810 occasionem
1444 1746 1532 1809 ab
1578 1746 1722 1827 ipsa
1768 1746 2069 1810 adimens
2123 1747 2545 1830 professione.
2637 1770 2792 1813 nam
2846 1760 2916 1813 et

499 1848 778 1913 ridiculo
808 1848 1086 1934 dignum
1120 1851 1385 1914 uidetur
1416 1849 1535 1934 [in]
1562 1850 2014 1933 uirginitatem
2047 1853 2355 1935 recipere,
2379 1851 2432 1918 si
2457 1853 2605 1936 quis
2629 1857 2913 1919 eandem

496 1952 789 2037 profiteri
835 1953 1012 2032 uelit,
1043 1955 1214 2020 sicut
1258 1964 1362 2019 est
1408 1955 1475 2018 id
1522 1956 1894 2039 perspicere
1939 1977 2028 2020 ex
2074 1958 2358 2040 epistola
2403 1958 2544 2023 eius
2588 1978 2792 2041 quam
2825 1958 2912 2022 ad

499 2056 878 2125 Corinthios
934 2060 1271 2143 scripsisse
1330 2061 1612 2138 uidetur,
1687 2060 1854 2138 illas·
1893 2080 2053 2125 uero
2129 2061 2660 2128 adolescentulas
2738 2081 2916 2146 quae

393 2177 464 2243 15
495 2166 652 2230 uiris
680 2173 836 2229 sunt
877 2165 1178 2249 priuatae
1218 2184 1351 2229 non
1397 2166 1738 2248 recepisse,
1774 2162 1880 2249 [si]
1926 2175 2156 2230 tamen
2201 2149 2599 2232 uiduitatem
2642 2177 2718 2231 ut
2756 2186 2914 2231 con-

496 2268 681 2332 uenit
710 2270 978 2334 studere
1008 2270 1356 2335 noluerint.
1449 2290 1573 2334 nec
1601 2279 1828 2335 autern
1872 2269 2024 2335 illae
2053 2291 2228 2355 quae
2268 2273 2719 2356 uirginitatem
2761 2294 2914 2355 pro-

498 2371 770 2435 fitentur
798 2381 951 2454 post
980 2381 1392 2437 senectutem
1431 2374 1602 2436 erint
1645 2371 2098 2456 uirginitatem
2145 2374 2572 2458 professurae.
2665 2379 2912 2444 iustum

497 2484 600 2541 est
629 2475 757 2540 hoc
801 2477 869 2539 in
914 2475 1065 2540 loco
1104 2494 1472 2540 memorare
1516 2474 1781 2540 illorum
1821 2475 1935 2560 qui
1977 2497 2177 2542 omne
2221 2479 2518 2543 studium
2558 2480 2624 2544 in
2667 2503 2748 2547 eo
2789 2505 2910 2568 po·

497 2590 666 2646 nunt
710 2592 786 2647 ut
828 2603 870 2646 a
914 2582 1164 2665 nuptiis
1209 2581 1593 2660 excludant,
1624 2582 1738 2666 qui
1786 2592 1856 2646 et
1900 2582 2165 2647 diuersa
2209 2584 2425 2649 facere
2471 2598 2795 2675 conantur
2836 2597 2912 2653 ut

383 2702 469 2750 20
497 2684 754 2768 aliquos
796 2687 863 2749 in
899 2687 1026 2751 hac
1067 2688 1475 2772 professione
1516 2688 1872 2753 adducant.
1962 2709 2005 2752 a
2044 2688 2285 2772 quibus
2326 2690 2612 2773 negotiis
2649 2700 2913 2757 tantum

496 2790 763 2854 uidetur
792 2791 1037 2857 Paulus
1068 2793 1335 2872 distare,
1367 2801 1440 2856 ut
1481 2800 1548 2855 et
1586 2792 1675 2855 ab
1718 2792 1865 2873 ipsa
1903 2790 2313 2875 professione
2352 2792 2705 2875 prohibeat
2743 2804 2915 2860 tam-

598 2959 619 2994 1
658 2944 912 2994 maledicti
934 2960 968 2993 r
1172 2963 1204 3006 ⁴
1236 2943 1355 3008 quia
1377 2942 1493 3007 (fhr
1512 2943 1635 3008 qua)
1658 2959 1690 2991 r
1906 2943 1939 2991 8
1971 2957 2214 2992 conuersa
2235 2949 2310 2992 est
2338 2942 2382 2991 C
2390 2942 2461 2991 H
2512 2958 2783 2995 conuersae
2803 2955 2920 2995 sunt

494 3034 625 3078 retro
648 3026 924 3077 Sathanam
947 3040 980 3073 r
1105 3040 1136 3091 9
1170 3033 1374 3074 utuntur
1394 3024 1504 3089 ipsa
1525 3022 1770 3073 uiduitate
1800 3038 1833 3071 r
1963 3037 2026 3074 xo
2053 3023 2230 3074 desim.
2258 3022 2607 3073 occansionem
2636 3022 2712 3074 Ο*
2858 3042 2916 3077 12

495 3111 594 3162 risu
616 3109 730 3175 (for
750 3108 979 3172 ridiculo)
1003 3125 1034 3156 r
1058 3107 1066 3172 Ι
1098 3107 1149 3157 in
1171 3124 1249 3158 om
1277 3108 1322 3157 C
1340 3108 1410 3157 Η
1419 3123 1451 3155 r
1477 3108 1487 3170 Ι
1514 3121 1615 3171 qua
1638 3104 1757 3168 (sor
1774 3102 1907 3171 quis)
1931 3105 2002 3155 Η
2166 3120 2222 3169 ¹3
2257 3106 2489 3171 exempla
2513 3103 2629 3170 (for
2647 3122 2709 3156 ex
2730 3105 2838 3172 ep.)
2859 3108 2930 3157 Η

502 3209 557 3256 ι5
594 3201 763 3243 tamen
788 3186 882 3255 (oni
904 3190 965 3255 si)
996 3192 1039 3241 C
1058 3191 1125 3240 H
1170 3198 1341 3241 tamen
1363 3189 1407 3239 si
1431 3206 1463 3238 r
1727 3189 1783 3239 18
1817 3189 1957 3239 omni
1979 3189 2147 3240 studio
2167 3189 2238 3239 Η
2489 3203 2544 3239 οι
2587 3188 2729 3238 Pauli
2752 3202 2918 3240 sermo

497 3275 610 3340 (sor
630 3273 835 3332 Paulus)
858 3289 892 3321 r

1754 3399 2026 3466 virg-inity.⁹
2093 3401 2175 3450 On
2207 3400 2552 3450 erint=enmt
2587 3415 2671 3450 soe
2705 3399 2909 3465 Bensly,

1753 3485 1832 3534 M.
1856 3485 1917 3533 F.
1937 3498 2021 3549 pp.
2050 3495 2128 3545 72,
2153 3484 2244 3544 783
2283 3482 2504 3540 Ronsch‚
2527 3480 2706 3542 Itala⁸,
2728 3499 2779 3548 p.
2801 3496 2915 3546 5²¹·

494 3420 608 3458 case
631 3407 692 3457 os
707 3407 862 3456 Anna
886 3405 962 3467 (S.
990 3404 1135 3454 Luke
1158 3404 1210 3454 ii.
1238 3401 1315 3467 36,
1347 3405 1453 3467 37).

562 3505 609 3554 3.
675 3487 1130 3555 illis-...properantl
1164 3487 1427 3537 Lanfranc.

560 3574 608 3623 8.
673 3587 933 3622 conuersae
947 3570 1090 3631 sunt]
1135 3569 1309 3634 Vtssg„
1337 3570 1654 3618 “conuersae

493 3663 608 3707 sunt
622 3654 805 3707 retro-'³
859 3656 972 3707 The
994 3655 1202 3718 reading
1217 3654 1276 3704 of
1283 3652 1368 3703 the
1383 3652 1538 3703 MSS.
1559 3653 1653 3726 ¹¹2⁸

492 3751 680 3802 sprung
691 3735 819 3786 from
832 3733 1317 3801 thepluralstvritten
1328 3738 1649 3782 conuersaest.

563 3831 639 3867 η.
716 3814 927 3863 n’clt'culo
985 3813 1382 3878 dagnum1=risu
1440 3810 1648 3876 dignum

494 3894 578 3956 (cf.
602 3911 684 3943 vv.
708 3895 783 3955 11..
812 3895 914 3945 and
935 3902 1106 3958 supra,
1136 3910 1186 3960 p.
1223 3906 1329 3956 107,
1357 3892 1393 3941 1.
1421 3906 1465 3956 7,
1491 3891 1647 3956 note).

562 3975 638 4029 16.
683 3993 770 4026 nec
789 3984 953 4026 autem
977 3977 1103 4036 illae,
1133 3976 1251 4038 δια]
1285 3980 1298 4002 ‘
1317 3975 1388 4025 At
1412 3975 1521 4025 that
1543 3984 1651 4024 rate

492 4076 560 4109 no
594 4074 792 4109 woman
823 4059 1004 4111 should
1038 4060 1103 4108 be
1133 4058 1346 4108 allowed
1376 4066 1429 4107 to
1460 4057 1652 4123 profess

492 4141 730 4207 virginity
750 4140 876 4192 after
904 4141 995 4191 she
1030 4142 1120 4190 has
1151 4141 1365 4191 reached
1395 4157 1426 4190 a
1461 4142 1651 4191 certain

493 4238 602 4288 age.
689 4222 744 4272 If
771 4222 856 4272 the
888 4238 1110 4288 younger
1144 4223 1351 4273 widows
1384 4238 1469 4272 are
1502 4231 1553 4273 to
1587 4222 1652 4273 be

494 4305 737 4355 excluded
772 4304 901 4354 from
930 4305 1016 4355 the
1049 4304 1195 4354 order
1228 4304 1289 4354 of
1314 4303 1649 4365 widowhood,

495 4389 582 4439 the
626 4387 770 4438 older
812 4386 1095 4437 unmarried
1131 4401 1326 4437 women
1367 4386 1543 4451 ought,
1589 4388 1657 4451 by

1826 3577 1903 3630 17.
1972 3566 2158 3616 iustum
2175 3573 2259 3627 est,
2289 3566 2406 3629 δια]
2473 3567 2572 3619 See
2591 3566 2753 3617 above
2774 3581 2842 3616 on
2864 3581 2910 3616 c.

1757 3649 1824 3699 iv.
1849 3664 1989 3712 1—3.
2056 3649 2199 3700 Th.’s
2222 3651 2460 3716 repeated
2484 3657 2699 3716 protests
2720 3650 2917 3714 against

1750 3749 1782 3783 a
1800 3731 2119 3782 Manichaean
2141 3732 2269 3781 view
2293 3730 2352 3781 of
2369 3731 2614 3797 marriage
2635 3732 2829 3782 remind
2855 3747 2918 3782 us

1750 3813 1810 3864 of
1824 3830 1855 3864 a
1869 3829 1997 3879 page
2016 3814 2066 3863 in
2080 3813 2158 3863 his
2176 3830 2291 3863 own
2308 3812 2444 3877 early
2459 3813 2665 3878 history.
2694 3812 2915 3877 Though

1750 3896 1804 3946 in
1843 3896 1923 3946 his
1951 3912 2067 3946 own
2106 3911 2217 3947 case
2255 3895 2321 3946 he
2356 3895 2458 3946 had
2490 3896 2753 3947 abstained
2786 3895 2916 3946 from

1751 3977 2055 4042 matrimony
2076 3978 2130 4027 in
2151 3977 2424 4028 obedienee
2447 3987 2502 4028 to
2525 3978 2611 4028 the
2633 3978 2729 4028 cau
2752 3978 2809 4028 of
2835 3977 2916 4028 his

1752 4056 1930 4118 friend,
1959 4059 1997 4110 it
2027 4059 2070 4109 is
2103 4066 2191 4108 not
2214 4059 2442 4123 unlikely
2462 4058 2571 4108 that
2605 4059 2683 4109 his
2712 4073 2910 4125 sympa-

1753 4141 1883 4190 thies
1927 4140 2195 4190 continued
2235 4148 2288 4189 to
2321 4140 2385 4190 be
2432 4139 2485 4189 in
2529 4139 2704 4190 favour
2742 4140 2802 4190 of
2828 4142 2916 4191 the

1754 4221 1967 4271 married
2022 4229 2151 4272 state
2203 4236 2260 4272 as
2318 4221 2516 4286 against
2558 4236 2624 4272 an
2678 4220 2917 4274 ensoroed

1757 4304 1994 4369 celibacy.

1827 4387 1902 4436 18.
1995 4400 2267 4435 memorare
2320 4384 2548 4447 illorum]
2576 4405 2621 4427 =
2644 4385 2915 4447 μνησθῆναι

497 4470 725 4536 analogy,
778 4479 830 4521 to
872 4469 936 4519 be
975 4468 1155 4520 denied
1202 4468 1288 4519 the
1332 4469 1571 4533 privilege
1604 4469 1664 4518 of
1757 4464 1867 4527 τῶν,
1892 4468 2042 4517 xxv-A.

3209 2732 3221 3003 -——-.--==
