<?xml version="1.0" encoding="UTF-8"?>
<!DOCTYPE html PUBLIC "-//W3C//DTD XHTML 1.0 Transitional//EN"
    "http://www.w3.org/TR/xhtml1/DTD/xhtml1-transitional.dtd">
<html xmlns="http://www.w3.org/1999/xhtml" xml:lang="en" lang="en">
 <head>
  <title>
</title>
<meta http-equiv="Content-Type" content="text/html;charset=utf-8" />
  <meta name='ocr-system' content='tesseract 3.04.00' />
  <meta name='ocr-capabilities' content='ocr_page ocr_carea ocr_par ocr_line ocrx_word'/>
</head>
<body>
  <div class='ocr_page' id='page_1' title='image "./theodoriepiscop02swetgoog_0267.png"; bbox 0 0 3221 5116; ppageno 0'>
   <div class='ocr_carea' id='block_1_1' title="bbox 379 2210 452 2278">
    <p class='ocr_par' dir='ltr' id='par_1_1' title="bbox 379 2210 452 2278">
     <span class='ocr_line' id='line_1_1' title="bbox 379 2210 452 2278; baseline 0 0"><span class='ocrx_word' id='word_1_1' title='bbox 379 2210 452 2278; x_wconf 84' lang='lat'><strong>15</strong></span> 
     </span>
    </p>
   </div>
   <div class='ocr_carea' id='block_1_2' title="bbox 376 2818 464 2870">
    <p class='ocr_par' dir='ltr' id='par_1_2' title="bbox 376 2818 464 2870">
     <span class='ocr_line' id='line_1_2' title="bbox 376 2818 464 2870; baseline 0.045 -4"><span class='ocrx_word' id='word_1_2' title='bbox 376 2818 464 2870; x_wconf 89' lang='lat'><strong>20</strong></span> 
     </span>
    </p>
   </div>
   <div class='ocr_carea' id='block_1_3' title="bbox 474 386 604 465">
    <p class='ocr_par' dir='ltr' id='par_1_3' title="bbox 474 386 604 465">
     <span class='ocr_line' id='line_1_3' title="bbox 474 386 604 465; baseline 0.015 -19"><span class='ocrx_word' id='word_1_3' title='bbox 474 386 604 465; x_wconf 85' lang='lat'><strong>256</strong></span> 
     </span>
    </p>
   </div>
   <div class='ocr_carea' id='block_1_4' title="bbox 1140 401 2231 456">
    <p class='ocr_par' dir='ltr' id='par_1_4' title="bbox 1140 401 2231 456">
     <span class='ocr_line' id='line_1_4' title="bbox 1140 401 2231 456; baseline 0.002 -3"><span class='ocrx_word' id='word_1_4' title='bbox 1140 401 1597 455; x_wconf 87' lang='lat' dir='ltr'><strong>THEODORUS</strong></span> <span class='ocrx_word' id='word_1_5' title='bbox 1644 401 2231 456; x_wconf 88' lang='lat' dir='ltr'><strong>MOPSUESTENUS</strong></span> 
     </span>
    </p>
   </div>
   <div class='ocr_carea' id='block_1_5' title="bbox 2427 389 2891 475">
    <p class='ocr_par' dir='ltr' id='par_1_5' title="bbox 2427 389 2891 475">
     <span class='ocr_line' id='line_1_5' title="bbox 2427 389 2891 475; baseline -0.006 -19"><span class='ocrx_word' id='word_1_6' title='bbox 2427 389 2583 475; x_wconf 93' lang='lat'>[111.</span> <span class='ocrx_word' id='word_1_7' title='bbox 2627 404 2891 471; x_wconf 80' lang='lat'><strong>12—15.</strong></span> 
     </span>
    </p>
   </div>
   <div class='ocr_carea' id='block_1_6' title="bbox 475 571 2896 764">
    <p class='ocr_par' dir='ltr' id='par_1_6' title="bbox 475 571 2896 764">
     <span class='ocr_line' id='line_1_6' title="bbox 603 571 2896 674; baseline 0.003 -39"><span class='ocrx_word' id='word_1_8' title='bbox 603 592 750 635; x_wconf 87' lang='lat' dir='ltr'><strong>cum</strong></span> <span class='ocrx_word' id='word_1_9' title='bbox 808 571 1041 638; x_wconf 82' lang='lat' dir='ltr'><strong>misero</strong></span> <span class='ocrx_word' id='word_1_10' title='bbox 1102 574 1372 661; x_wconf 89' lang='lat' dir='ltr'><strong>(inquit)</strong></span> <span class='ocrx_word' id='word_1_11' title='bbox 1420 576 1746 642; x_wconf 83' lang='lat' dir='ltr'><strong>Arteman</strong></span> <span class='ocrx_word' id='word_1_12' title='bbox 1802 579 1901 643; x_wconf 87' lang='lat' dir='ltr'><strong>ad</strong></span> <span class='ocrx_word' id='word_1_13' title='bbox 1945 589 2007 644; x_wconf 83' lang='lat' dir='ltr'><strong>te</strong></span> <span class='ocrx_word' id='word_1_14' title='bbox 2058 590 2181 674; x_wconf 81' lang='lat' dir='ltr'><strong>aut</strong></span> <span class='ocrx_word' id='word_1_15' title='bbox 2240 576 2598 661; x_wconf 79' lang='lat' dir='ltr'><em>Tychicum,</em></span> <span class='ocrx_word' id='word_1_16' title='bbox 2635 579 2896 662; x_wconf 84' lang='lat' dir='ltr'><strong>festina</strong></span> 
     </span>
     <span class='ocr_line' id='line_1_7' title="bbox 475 673 2437 764; baseline 0.006 -27"><span class='ocrx_word' id='word_1_17' title='bbox 475 673 698 738; x_wconf 79' lang='lat' dir='ltr'><strong>uenire</strong></span> <span class='ocrx_word' id='word_1_18' title='bbox 721 675 819 740; x_wconf 80' lang='lat' dir='ltr'><strong>aa&#39;</strong></span> <span class='ocrx_word' id='word_1_19' title='bbox 840 698 941 742; x_wconf 83' lang='lat' dir='ltr'><strong>me</strong></span> <span class='ocrx_word' id='word_1_20' title='bbox 966 678 1328 764; x_wconf 81' lang='lat' dir='ltr'><em>Nicopolim</em></span> <span class='ocrx_word' id='word_1_21' title='bbox 1346 704 1378 758; x_wconf 84' lang='lat'><strong>,·</strong></span> <span class='ocrx_word' id='word_1_22' title='bbox 1425 681 1561 746; x_wconf 88' lang='lat' dir='ltr'><em>illic</em></span> <span class='ocrx_word' id='word_1_23' title='bbox 1584 683 1757 747; x_wconf 84' lang='lat' dir='ltr'><strong>enim</strong></span> <span class='ocrx_word' id='word_1_24' title='bbox 1787 682 2042 747; x_wconf 77' lang='lat' dir='ltr'><strong>decroni</strong></span> <span class='ocrx_word' id='word_1_25' title='bbox 2063 682 2437 748; x_wconf 68' lang='lat' dir='ltr'><strong>arhiemare.</strong></span> 
     </span>
    </p>
   </div>
   <div class='ocr_carea' id='block_1_7' title="bbox 404 802 2897 997">
    <p class='ocr_par' dir='ltr' id='par_1_7' title="bbox 404 802 2897 997">
     <span class='ocr_line' id='line_1_8' title="bbox 608 802 2897 895; baseline 0.003 -29"><span class='ocrx_word' id='word_1_26' title='bbox 608 802 830 868; x_wconf 85' lang='lat' dir='ltr'><strong>‘atubi</strong></span> <span class='ocrx_word' id='word_1_27' title='bbox 865 803 1130 890; x_wconf 89' lang='lat' dir='ltr'><strong>(inquit)</strong></span> <span class='ocrx_word' id='word_1_28' title='bbox 1165 805 1407 872; x_wconf 90' lang='lat' dir='ltr'><strong>misero</strong></span> <span class='ocrx_word' id='word_1_29' title='bbox 1436 807 1767 873; x_wconf 90' lang='lat' dir='ltr'><strong>Arteman</strong></span> <span class='ocrx_word' id='word_1_30' title='bbox 1800 819 1918 875; x_wconf 89' lang='lat' dir='ltr'><strong>aut</strong></span> <span class='ocrx_word' id='word_1_31' title='bbox 1959 809 2349 895; x_wconf 89' lang='lat' dir='ltr'><strong>Tychicum,</strong></span> <span class='ocrx_word' id='word_1_32' title='bbox 2387 809 2626 874; x_wconf 90' lang='lat' dir='ltr'><strong>festina</strong></span> <span class='ocrx_word' id='word_1_33' title='bbox 2668 809 2897 874; x_wconf 86' lang='lat' dir='ltr'><strong>uenire</strong></span> 
     </span>
     <span class='ocr_line' id='line_1_9' title="bbox 404 906 2742 997; baseline 0.001 -24"><span class='ocrx_word' id='word_1_34' title='bbox 404 991 409 997; x_wconf 21' lang='grc' dir='ltr'><strong><em>ι</em></strong></span> <span class='ocrx_word' id='word_1_35' title='bbox 477 907 566 973; x_wconf 87' lang='lat' dir='ltr'><strong>ad</strong></span> <span class='ocrx_word' id='word_1_36' title='bbox 601 928 708 971; x_wconf 91' lang='lat' dir='ltr'><strong>me</strong></span> <span class='ocrx_word' id='word_1_37' title='bbox 739 906 1140 991; x_wconf 87' lang='lat' dir='ltr'>Nicopolim,</span> <span class='ocrx_word' id='word_1_38' title='bbox 1173 909 1287 974; x_wconf 89' lang='lat' dir='ltr'><strong>ubi</strong></span> <span class='ocrx_word' id='word_1_39' title='bbox 1324 918 1393 975; x_wconf 92' lang='lat' dir='ltr'><strong>et</strong></span> <span class='ocrx_word' id='word_1_40' title='bbox 1423 911 1773 994; x_wconf 84' lang='lat' dir='ltr'><strong>persistere</strong></span> <span class='ocrx_word' id='word_1_41' title='bbox 1803 912 2065 978; x_wconf 87' lang='lat' dir='ltr'><strong>decreui</strong></span> <span class='ocrx_word' id='word_1_42' title='bbox 2098 921 2401 997; x_wconf 89' lang='lat' dir='ltr'><strong>tempore</strong></span> <span class='ocrx_word' id='word_1_43' title='bbox 2430 911 2742 977; x_wconf 88' lang='lat' dir='ltr'><strong>hiemali.&#39;</strong></span> 
     </span>
    </p>
   </div>
   <div class='ocr_carea' id='block_1_8' title="bbox 607 1060 2908 1150">
    <p class='ocr_par' dir='ltr' id='par_1_8' title="bbox 607 1060 2908 1150">
     <span class='ocr_line' id='line_1_10' title="bbox 607 1060 2908 1150; baseline 0.002 -26"><span class='ocrx_word' id='word_1_44' title='bbox 607 1060 679 1124; x_wconf 92' lang='lat' dir='ltr'><em>Z</em></span> <span class='ocrx_word' id='word_1_45' title='bbox 675 1081 862 1124; x_wconf 83' lang='lat' dir='ltr'><strong>enam</strong></span> <span class='ocrx_word' id='word_1_46' title='bbox 893 1061 1326 1145; x_wconf 71' lang='lat' dir='ltr'><strong>legisperitum</strong></span> <span class='ocrx_word' id='word_1_47' title='bbox 1354 1070 1419 1126; x_wconf 81' lang='lat' dir='ltr'><strong>et</strong></span> <span class='ocrx_word' id='word_1_48' title='bbox 1442 1061 1674 1147; x_wconf 81' lang='lat' dir='ltr'><em>Apollo</em></span> <span class='ocrx_word' id='word_1_49' title='bbox 1711 1063 2005 1129; x_wconf 82' lang='lat' dir='ltr'><strong>uelociter</strong></span> <span class='ocrx_word' id='word_1_50' title='bbox 2027 1066 2439 1150; x_wconf 84' lang='lat' dir='ltr'><em>praemittas,</em></span> <span class='ocrx_word' id='word_1_51' title='bbox 2486 1065 2584 1130; x_wconf 86' lang='lat' dir='ltr'><strong>ita</strong></span> <span class='ocrx_word' id='word_1_52' title='bbox 2624 1073 2702 1129; x_wconf 84' lang='lat' dir='ltr'><strong>ut</strong></span> <span class='ocrx_word' id='word_1_53' title='bbox 2726 1063 2908 1129; x_wconf 76' lang='lat' dir='ltr'><em>nihil</em></span> 
     </span>
    </p>
   </div>
   <div class='ocr_carea' id='block_1_9' title="bbox 481 1162 823 1228">
    <p class='ocr_par' dir='ltr' id='par_1_9' title="bbox 481 1162 823 1228">
     <span class='ocr_line' id='line_1_11' title="bbox 481 1162 823 1228; baseline 0.003 -2"><span class='ocrx_word' id='word_1_54' title='bbox 481 1162 618 1227; x_wconf 87' lang='lat' dir='ltr'><em>illis</em></span> <span class='ocrx_word' id='word_1_55' title='bbox 644 1163 823 1228; x_wconf 82' lang='lat' dir='ltr'><em>desit.</em></span> 
     </span>
    </p>
   </div>
   <div class='ocr_carea' id='block_1_10' title="bbox 480 1291 2901 1587">
    <p class='ocr_par' dir='ltr' id='par_1_10' title="bbox 480 1291 2901 1587">
     <span class='ocr_line' id='line_1_12' title="bbox 610 1291 2901 1386; baseline 0.002 -32"><span class='ocrx_word' id='word_1_56' title='bbox 610 1291 853 1357; x_wconf 88' lang='lat' dir='ltr'><strong>deinde</strong></span> <span class='ocrx_word' id='word_1_57' title='bbox 900 1292 1083 1357; x_wconf 91' lang='lat' dir='ltr'><strong>iubet</strong></span> <span class='ocrx_word' id='word_1_58' title='bbox 1122 1293 1182 1356; x_wconf 91' lang='lat' dir='ltr'><strong>ei</strong></span> <span class='ocrx_word' id='word_1_59' title='bbox 1218 1291 1343 1377; x_wconf 90' lang='lat' dir='ltr'><strong>[ut]</strong></span> <span class='ocrx_word' id='word_1_60' title='bbox 1385 1294 1638 1359; x_wconf 91' lang='lat' dir='ltr'><strong>Zenam</strong></span> <span class='ocrx_word' id='word_1_61' title='bbox 1683 1294 2139 1380; x_wconf 80' lang='lat' dir='ltr'><strong>legisperitum</strong></span> <span class='ocrx_word' id='word_1_62' title='bbox 2181 1304 2250 1361; x_wconf 90' lang='lat' dir='ltr'><strong>et</strong></span> <span class='ocrx_word' id='word_1_63' title='bbox 2287 1295 2542 1386; x_wconf 76' lang='lat' dir='ltr'><strong>Apollo</strong></span> <span class='ocrx_word' id='word_1_64' title='bbox 2583 1296 2901 1360; x_wconf 90' lang='lat' dir='ltr'><strong>uelociter</strong></span> 
     </span>
     <span class='ocr_line' id='line_1_13' title="bbox 480 1397 2898 1483; baseline 0 -21"><span class='ocrx_word' id='word_1_65' title='bbox 480 1398 869 1481; x_wconf 85' lang='lat' dir='ltr'><strong>praemittat</strong></span> <span class='ocrx_word' id='word_1_66' title='bbox 914 1416 1065 1460; x_wconf 90' lang='lat' dir='ltr'><strong>cum</strong></span> <span class='ocrx_word' id='word_1_67' title='bbox 1113 1406 1385 1479; x_wconf 90' lang='lat' dir='ltr'><strong>sumptu</strong></span> <span class='ocrx_word' id='word_1_68' title='bbox 1433 1397 1801 1474; x_wconf 87' lang='lat' dir='ltr'><strong>sufficienti,</strong></span> <span class='ocrx_word' id='word_1_69' title='bbox 1835 1399 1930 1462; x_wconf 93' lang='lat' dir='ltr'><strong>ita</strong></span> <span class='ocrx_word' id='word_1_70' title='bbox 1968 1407 2045 1463; x_wconf 91' lang='lat' dir='ltr'><strong>ut</strong></span> <span class='ocrx_word' id='word_1_71' title='bbox 2088 1399 2275 1464; x_wconf 86' lang='lat' dir='ltr'><strong>nulla</strong></span> <span class='ocrx_word' id='word_1_72' title='bbox 2314 1408 2504 1483; x_wconf 89' lang='lat' dir='ltr'><strong>parte</strong></span> <span class='ocrx_word' id='word_1_73' title='bbox 2535 1399 2898 1483; x_wconf 83' lang='lat' dir='ltr'><strong>indigeant.</strong></span> 
     </span>
     <span class='ocr_line' id='line_1_14' title="bbox 481 1500 2900 1587; baseline 0 -21"><span class='ocrx_word' id='word_1_74' title='bbox 481 1500 756 1566; x_wconf 90' lang='lat' dir='ltr'><strong>euidens</strong></span> <span class='ocrx_word' id='word_1_75' title='bbox 793 1509 895 1564; x_wconf 91' lang='lat' dir='ltr'><strong>est</strong></span> <span class='ocrx_word' id='word_1_76' title='bbox 935 1510 1162 1565; x_wconf 86' lang='lat' dir='ltr'><strong>autem</strong></span> <span class='ocrx_word' id='word_1_77' title='bbox 1205 1501 1522 1584; x_wconf 86' lang='lat' dir='ltr'><strong>quoniam</strong></span> <span class='ocrx_word' id='word_1_78' title='bbox 1555 1512 1626 1567; x_wconf 92' lang='lat' dir='ltr'><strong>et</strong></span> <span class='ocrx_word' id='word_1_79' title='bbox 1655 1523 1774 1587; x_wconf 87' lang='lat' dir='ltr'><strong>per</strong></span> <span class='ocrx_word' id='word_1_80' title='bbox 1810 1501 1935 1567; x_wconf 91' lang='lat' dir='ltr'><strong>hos</strong></span> <span class='ocrx_word' id='word_1_81' title='bbox 1981 1503 2259 1587; x_wconf 88' lang='lat' dir='ltr'><strong>scripsit,</strong></span> <span class='ocrx_word' id='word_1_82' title='bbox 2298 1504 2386 1567; x_wconf 92' lang='lat' dir='ltr'><strong>ad</strong></span> <span class='ocrx_word' id='word_1_83' title='bbox 2428 1523 2581 1567; x_wconf 91' lang='lat' dir='ltr'><strong>eum</strong></span> <span class='ocrx_word' id='word_1_84' title='bbox 2625 1504 2900 1567; x_wconf 88' lang='lat' dir='ltr'><strong>mittens</strong></span> 
     </span>
    </p>
   </div>
   <div class='ocr_carea' id='block_1_11' title="bbox 379 1604 2900 1672">
    <p class='ocr_par' dir='ltr' id='par_1_11' title="bbox 379 1604 2900 1672">
     <span class='ocr_line' id='line_1_15' title="bbox 379 1604 2900 1672; baseline 0 -4"><span class='ocrx_word' id='word_1_85' title='bbox 379 1620 460 1669; x_wconf 92' lang='lat'><strong>10</strong></span> <span class='ocrx_word' id='word_1_86' title='bbox 482 1624 598 1669; x_wconf 89' lang='lat' dir='ltr'><strong>eos</strong></span> <span class='ocrx_word' id='word_1_87' title='bbox 642 1614 710 1670; x_wconf 90' lang='lat' dir='ltr'><strong>et</strong></span> <span class='ocrx_word' id='word_1_88' title='bbox 754 1604 886 1669; x_wconf 90' lang='lat' dir='ltr'><strong>alia</strong></span> <span class='ocrx_word' id='word_1_89' title='bbox 930 1605 1076 1669; x_wconf 90' lang='lat' dir='ltr'><strong>uice</strong></span> <span class='ocrx_word' id='word_1_90' title='bbox 1120 1606 1208 1671; x_wconf 89' lang='lat' dir='ltr'><strong>ad</strong></span> <span class='ocrx_word' id='word_1_91' title='bbox 1254 1607 1579 1671; x_wconf 88' lang='lat' dir='ltr'><strong>auxilium</strong></span> <span class='ocrx_word' id='word_1_92' title='bbox 1626 1609 1767 1671; x_wconf 90' lang='lat' dir='ltr'><strong>eius</strong></span> <span class='ocrx_word' id='word_1_93' title='bbox 1813 1615 1881 1672; x_wconf 92' lang='lat' dir='ltr'><strong>et</strong></span> <span class='ocrx_word' id='word_1_94' title='bbox 1919 1607 2198 1672; x_wconf 91' lang='lat' dir='ltr'><strong>aliorum</strong></span> <span class='ocrx_word' id='word_1_95' title='bbox 2248 1607 2738 1672; x_wconf 86' lang='lat' dir='ltr'><strong>correctionem.</strong></span> <span class='ocrx_word' id='word_1_96' title='bbox 2828 1613 2900 1668; x_wconf 92' lang='lat' dir='ltr'><strong>et</strong></span> 
     </span>
    </p>
   </div>
   <div class='ocr_carea' id='block_1_12' title="bbox 480 1707 2959 1897">
    <p class='ocr_par' dir='ltr' id='par_1_12' title="bbox 480 1707 2959 1897">
     <span class='ocr_line' id='line_1_16' title="bbox 481 1707 2959 1796; baseline 0 -25"><span class='ocrx_word' id='word_1_97' title='bbox 481 1708 640 1789; x_wconf 91' lang='lat' dir='ltr'><strong>quia</strong></span> <span class='ocrx_word' id='word_1_98' title='bbox 687 1707 882 1772; x_wconf 90' lang='lat' dir='ltr'><strong>Titus</strong></span> <span class='ocrx_word' id='word_1_99' title='bbox 935 1728 1023 1772; x_wconf 88' lang='lat' dir='ltr'><strong>ex</strong></span> <span class='ocrx_word' id='word_1_100' title='bbox 1071 1709 1207 1774; x_wconf 86' lang='lat' dir='ltr'><strong>suis</strong></span> <span class='ocrx_word' id='word_1_101' title='bbox 1251 1711 1434 1794; x_wconf 91' lang='lat' dir='ltr'><strong>quod</strong></span> <span class='ocrx_word' id='word_1_102' title='bbox 1481 1710 1672 1777; x_wconf 89' lang='lat' dir='ltr'><strong>daret</strong></span> <span class='ocrx_word' id='word_1_103' title='bbox 1718 1732 1849 1777; x_wconf 90' lang='lat' dir='ltr'><strong>non</strong></span> <span class='ocrx_word' id='word_1_104' title='bbox 1898 1712 2193 1778; x_wconf 89' lang='lat' dir='ltr'><strong>habebat</strong></span> <span class='ocrx_word' id='word_1_105' title='bbox 2239 1732 2322 1777; x_wconf 92' lang='lat' dir='ltr'><strong>eo</strong></span> <span class='ocrx_word' id='word_1_106' title='bbox 2366 1711 2548 1796; x_wconf 91' lang='lat' dir='ltr'><strong>quod</strong></span> <span class='ocrx_word' id='word_1_107' title='bbox 2579 1711 2896 1774; x_wconf 88' lang='lat' dir='ltr'><strong>uirtutem</strong></span> <span class='ocrx_word' id='word_1_108' title='bbox 2954 1727 2959 1731; x_wconf 89' lang='lat'>·</span> 
     </span>
     <span class='ocr_line' id='line_1_17' title="bbox 480 1810 2004 1897; baseline 0.003 -21"><span class='ocrx_word' id='word_1_109' title='bbox 480 1811 758 1877; x_wconf 90' lang='lat' dir='ltr'><strong>studens</strong></span> <span class='ocrx_word' id='word_1_110' title='bbox 792 1810 1005 1896; x_wconf 88' lang='lat' dir='ltr'><strong>[nihil]</strong></span> <span class='ocrx_word' id='word_1_111' title='bbox 1039 1813 1444 1896; x_wconf 88' lang='lat' dir='ltr'><strong>possidebat,</strong></span> <span class='ocrx_word' id='word_1_112' title='bbox 1475 1815 1730 1897; x_wconf 90' lang='lat' dir='ltr'><strong>optime</strong></span> <span class='ocrx_word' id='word_1_113' title='bbox 1761 1815 2004 1880; x_wconf 85' lang='lat' dir='ltr'><strong>adicit:</strong></span> 
     </span>
    </p>
   </div>
   <div class='ocr_carea' id='block_1_13' title="bbox 613 1965 2903 2054">
    <p class='ocr_par' dir='ltr' id='par_1_13' title="bbox 613 1965 2903 2054">
     <span class='ocr_line' id='line_1_18' title="bbox 613 1965 2903 2054; baseline 0 -25"><span class='ocrx_word' id='word_1_114' title='bbox 613 1965 869 2030; x_wconf 87' lang='lat' dir='ltr'><strong>discant</strong></span> <span class='ocrx_word' id='word_1_115' title='bbox 900 1975 1116 2030; x_wconf 82' lang='lat' dir='ltr'><strong>autem</strong></span> <span class='ocrx_word' id='word_1_116' title='bbox 1159 1976 1224 2031; x_wconf 81' lang='lat' dir='ltr'><strong>et</strong></span> <span class='ocrx_word' id='word_1_117' title='bbox 1269 1968 1481 2033; x_wconf 86' lang='lat' dir='ltr'><strong>nostri</strong></span> <span class='ocrx_word' id='word_1_118' title='bbox 1516 1967 1698 2034; x_wconf 84' lang='lat' dir='ltr'><em>bonis</em></span> <span class='ocrx_word' id='word_1_119' title='bbox 1739 1970 2028 2054; x_wconf 80' lang='lat' dir='ltr'><em>operibus</em></span> <span class='ocrx_word' id='word_1_120' title='bbox 2053 1980 2344 2053; x_wconf 80' lang='lat' dir='ltr'><strong>praeesse</strong></span> <span class='ocrx_word' id='word_1_121' title='bbox 2388 1969 2485 2033; x_wconf 86' lang='lat' dir='ltr'><strong>ad</strong></span> <span class='ocrx_word' id='word_1_122' title='bbox 2522 1966 2903 2033; x_wconf 76' lang='lat' dir='ltr'><strong>necessarios</strong></span> 
     </span>
    </p>
   </div>
   <div class='ocr_carea' id='block_1_14' title="bbox 481 2068 1508 2152">
    <p class='ocr_par' dir='ltr' id='par_1_14' title="bbox 481 2068 1508 2152">
     <span class='ocr_line' id='line_1_19' title="bbox 481 2068 1508 2152; baseline 0.001 -18"><span class='ocrx_word' id='word_1_123' title='bbox 481 2090 655 2147; x_wconf 84' lang='lat' dir='ltr'><strong>usus,</strong></span> <span class='ocrx_word' id='word_1_124' title='bbox 683 2078 762 2132; x_wconf 84' lang='lat' dir='ltr'><strong>ut</strong></span> <span class='ocrx_word' id='word_1_125' title='bbox 786 2088 911 2132; x_wconf 87' lang='lat' dir='ltr'><strong>non</strong></span> <span class='ocrx_word' id='word_1_126' title='bbox 939 2068 1080 2132; x_wconf 87' lang='lat' dir='ltr'><em>sint</em></span> <span class='ocrx_word' id='word_1_127' title='bbox 1106 2068 1508 2152; x_wconf 86' lang='lat' dir='ltr'><em>infructuosi.</em></span> 
     </span>
    </p>
   </div>
   <div class='ocr_carea' id='block_1_15' title="bbox 612 2196 2902 2298">
    <p class='ocr_par' dir='ltr' id='par_1_15' title="bbox 612 2196 2902 2298">
     <span class='ocr_line' id='line_1_20' title="bbox 612 2196 2902 2298; baseline -0.002 -35"><span class='ocrx_word' id='word_1_128' title='bbox 612 2203 768 2263; x_wconf 87' lang='lat' dir='ltr'><strong>‘eos</strong></span> <span class='ocrx_word' id='word_1_129' title='bbox 819 2197 996 2261; x_wconf 89' lang='lat' dir='ltr'><strong>enim</strong></span> <span class='ocrx_word' id='word_1_130' title='bbox 1050 2196 1283 2262; x_wconf 90' lang='lat' dir='ltr'><strong>fideles</strong></span> <span class='ocrx_word' id='word_1_131' title='bbox 1333 2198 1447 2280; x_wconf 92' lang='lat' dir='ltr'><strong>qui</strong></span> <span class='ocrx_word' id='word_1_132' title='bbox 1502 2197 1772 2264; x_wconf 90' lang='lat' dir='ltr'><strong>diuitias</strong></span> <span class='ocrx_word' id='word_1_133' title='bbox 1819 2196 2051 2262; x_wconf 89' lang='lat' dir='ltr'><strong>mundi</strong></span> <span class='ocrx_word' id='word_1_134' title='bbox 2103 2196 2373 2298; x_wconf 77' lang='lat' dir='ltr'><strong>habent,</strong></span> <span class='ocrx_word' id='word_1_135' title='bbox 2419 2196 2778 2274; x_wconf 80' lang='lat' dir='ltr'><strong>conferant,</strong></span> <span class='ocrx_word' id='word_1_136' title='bbox 2824 2204 2902 2260; x_wconf 94' lang='lat' dir='ltr'><strong>ut</strong></span> 
     </span>
    </p>
   </div>
   <div class='ocr_carea' id='block_1_16' title="bbox 481 2301 2307 2388">
    <p class='ocr_par' dir='ltr' id='par_1_16' title="bbox 481 2301 2307 2388">
     <span class='ocr_line' id='line_1_21' title="bbox 481 2301 2307 2388; baseline 0.001 -22"><span class='ocrx_word' id='word_1_137' title='bbox 481 2303 826 2386; x_wconf 89' lang='lat' dir='ltr'><strong>copiosam</strong></span> <span class='ocrx_word' id='word_1_138' title='bbox 859 2301 1234 2367; x_wconf 89' lang='lat' dir='ltr'><strong>mercedem</strong></span> <span class='ocrx_word' id='word_1_139' title='bbox 1267 2323 1389 2386; x_wconf 89' lang='lat' dir='ltr'><strong>pro</strong></span> <span class='ocrx_word' id='word_1_140' title='bbox 1419 2302 1539 2368; x_wconf 88' lang='lat' dir='ltr'><strong>tali</strong></span> <span class='ocrx_word' id='word_1_141' title='bbox 1569 2323 1772 2388; x_wconf 89' lang='lat' dir='ltr'><strong>opere</strong></span> <span class='ocrx_word' id='word_1_142' title='bbox 1818 2301 2307 2386; x_wconf 86' lang='lat' dir='ltr'><strong>adsequantur.’</strong></span> 
     </span>
    </p>
   </div>
   <div class='ocr_carea' id='block_1_17' title="bbox 483 2406 682 2472">
    <p class='ocr_par' dir='ltr' id='par_1_17' title="bbox 483 2406 682 2472">
     <span class='ocr_line' id='line_1_22' title="bbox 483 2406 682 2472; baseline -0.01 0"><span class='ocrx_word' id='word_1_143' title='bbox 483 2406 647 2472; x_wconf 91' lang='lat' dir='ltr'><strong>dicit</strong></span> <span class='ocrx_word' id='word_1_144' title='bbox 667 2428 682 2469; x_wconf 71' lang='grc' dir='ltr'><strong><em>ε</em></strong></span> 
     </span>
    </p>
   </div>
   <div class='ocr_carea' id='block_1_18' title="bbox 2396 2300 2902 2385">
    <p class='ocr_par' dir='ltr' id='par_1_18' title="bbox 2396 2300 2902 2385">
     <span class='ocr_line' id='line_1_23' title="bbox 2396 2300 2902 2385; baseline -0.008 -19"><span class='ocrx_word' id='word_1_145' title='bbox 2396 2310 2551 2385; x_wconf 93' lang='lat' dir='ltr'><strong>post</strong></span> <span class='ocrx_word' id='word_1_146' title='bbox 2579 2300 2709 2365; x_wconf 90' lang='lat' dir='ltr'><strong>hoc</strong></span> <span class='ocrx_word' id='word_1_147' title='bbox 2738 2319 2902 2364; x_wconf 90' lang='lat' dir='ltr'><strong>uero</strong></span> 
     </span>
    </p>
   </div>
   <div class='ocr_carea' id='block_1_19' title="bbox 612 2566 2902 2650">
    <p class='ocr_par' dir='ltr' id='par_1_19' title="bbox 612 2566 2902 2650">
     <span class='ocr_line' id='line_1_24' title="bbox 612 2566 2902 2650; baseline 0.001 -20"><span class='ocrx_word' id='word_1_148' title='bbox 612 2566 911 2632; x_wconf 85' lang='lat' dir='ltr'><strong>salutant</strong></span> <span class='ocrx_word' id='word_1_149' title='bbox 945 2576 1005 2632; x_wconf 80' lang='lat' dir='ltr'><strong>te</strong></span> <span class='ocrx_word' id='word_1_150' title='bbox 1041 2588 1259 2633; x_wconf 83' lang='lat' dir='ltr'><strong>omnes</strong></span> <span class='ocrx_word' id='word_1_151' title='bbox 1284 2566 1406 2650; x_wconf 86' lang='lat' dir='ltr'><em>qui</em></span> <span class='ocrx_word' id='word_1_152' title='bbox 1440 2588 1686 2632; x_wconf 81' lang='lat' dir='ltr'><strong>mecum</strong></span> <span class='ocrx_word' id='word_1_153' title='bbox 1727 2576 1900 2633; x_wconf 85' lang='lat' dir='ltr'><strong>sunt.</strong></span> <span class='ocrx_word' id='word_1_154' title='bbox 1986 2566 2266 2631; x_wconf 84' lang='lat' dir='ltr'><strong>salutate</strong></span> <span class='ocrx_word' id='word_1_155' title='bbox 2313 2587 2416 2630; x_wconf 82' lang='lat' dir='ltr'><strong>eos</strong></span> <span class='ocrx_word' id='word_1_156' title='bbox 2451 2567 2572 2650; x_wconf 86' lang='lat' dir='ltr'><em>qui</em></span> <span class='ocrx_word' id='word_1_157' title='bbox 2604 2588 2721 2632; x_wconf 88' lang='lat' dir='ltr'><strong>nos</strong></span> <span class='ocrx_word' id='word_1_158' title='bbox 2747 2567 2902 2633; x_wconf 89' lang='lat' dir='ltr'><em>dili-</em></span> 
     </span>
    </p>
   </div>
   <div class='ocr_carea' id='block_1_20' title="bbox 472 2672 917 2756">
    <p class='ocr_par' dir='ltr' id='par_1_20' title="bbox 472 2672 917 2756">
     <span class='ocr_line' id='line_1_25' title="bbox 472 2672 917 2756; baseline 0.007 -22"><span class='ocrx_word' id='word_1_159' title='bbox 472 2679 649 2756; x_wconf 85' lang='lat' dir='ltr'><em>gant</em></span> <span class='ocrx_word' id='word_1_160' title='bbox 676 2672 746 2735; x_wconf 87' lang='lat' dir='ltr'><em>in</em></span> <span class='ocrx_word' id='word_1_161' title='bbox 756 2672 917 2756; x_wconf 83' lang='lat' dir='ltr'><strong>fide.</strong></span> 
     </span>
    </p>
   </div>
   <div class='ocr_carea' id='block_1_21' title="bbox 615 2798 2901 2885">
    <p class='ocr_par' dir='ltr' id='par_1_21' title="bbox 615 2798 2901 2885">
     <span class='ocr_line' id='line_1_26' title="bbox 615 2798 2901 2885; baseline -0.001 -19"><span class='ocrx_word' id='word_1_162' title='bbox 615 2801 913 2867; x_wconf 88' lang='lat' dir='ltr'><strong>salutans</strong></span> <span class='ocrx_word' id='word_1_163' title='bbox 973 2821 1127 2866; x_wconf 89' lang='lat' dir='ltr'><strong>eum</strong></span> <span class='ocrx_word' id='word_1_164' title='bbox 1188 2821 1278 2865; x_wconf 88' lang='lat' dir='ltr'><strong>ex</strong></span> <span class='ocrx_word' id='word_1_165' title='bbox 1331 2801 1645 2867; x_wconf 87' lang='lat' dir='ltr'><strong>omnibus</strong></span> <span class='ocrx_word' id='word_1_166' title='bbox 1692 2801 1807 2885; x_wconf 91' lang='lat' dir='ltr'><strong>qui</strong></span> <span class='ocrx_word' id='word_1_167' title='bbox 1860 2820 2086 2865; x_wconf 88' lang='lat' dir='ltr'><strong>secum</strong></span> <span class='ocrx_word' id='word_1_168' title='bbox 2134 2807 2342 2875; x_wconf 83' lang='lat' dir='ltr'><strong>erant,</strong></span> <span class='ocrx_word' id='word_1_169' title='bbox 2389 2798 2650 2883; x_wconf 89' lang='lat' dir='ltr'><strong>scripsit</strong></span> <span class='ocrx_word' id='word_1_170' title='bbox 2696 2800 2901 2865; x_wconf 89' lang='lat' dir='ltr'><strong>etiam</strong></span> 
     </span>
    </p>
   </div>
   <div class='ocr_carea' id='block_1_22' title="bbox 484 2994 1575 3223">
    <p class='ocr_par' dir='ltr' id='par_1_22' title="bbox 484 2994 1575 3223">
     <span class='ocr_line' id='line_1_27' title="bbox 589 2994 1171 3060; baseline -0.002 -13"><span class='ocrx_word' id='word_1_171' title='bbox 589 3012 610 3047; x_wconf 76' lang='grc' dir='ltr'><strong><em>ι</em></strong></span> <span class='ocrx_word' id='word_1_172' title='bbox 639 2996 933 3047; x_wconf 83' lang='lat' dir='ltr'><strong>autithicum</strong></span> <span class='ocrx_word' id='word_1_173' title='bbox 957 2995 1064 3060; x_wconf 82' lang='lat' dir='ltr'><em>(sic)</em></span> <span class='ocrx_word' id='word_1_174' title='bbox 1092 2994 1171 3046; x_wconf 67' lang='lat' dir='ltr'><strong>C*</strong></span> 
     </span>
     <span class='ocr_line' id='line_1_28' title="bbox 484 3076 1235 3138; baseline -0.001 -11"><span class='ocrx_word' id='word_1_175' title='bbox 484 3093 563 3127; x_wconf 84' lang='lat' dir='ltr'><strong>om</strong></span> <span class='ocrx_word' id='word_1_176' title='bbox 586 3078 655 3127; x_wconf 83' lang='lat' dir='ltr'><em>H</em></span> <span class='ocrx_word' id='word_1_177' title='bbox 859 3086 886 3138; x_wconf 85' lang='lat'>7</span> <span class='ocrx_word' id='word_1_178' title='bbox 919 3083 975 3126; x_wconf 92' lang='lat' dir='ltr'><strong>ut</strong></span> <span class='ocrx_word' id='word_1_179' title='bbox 997 3092 1076 3127; x_wconf 84' lang='lat' dir='ltr'><strong>om</strong></span> <span class='ocrx_word' id='word_1_180' title='bbox 1103 3077 1149 3127; x_wconf 89' lang='lat' dir='ltr'><em>C</em></span> <span class='ocrx_word' id='word_1_181' title='bbox 1164 3076 1235 3126; x_wconf 99' lang='lat' dir='ltr'><em>H</em></span> 
     </span>
     <span class='ocr_line' id='line_1_29' title="bbox 484 3156 1575 3223; baseline -0.001 -13"><span class='ocrx_word' id='word_1_182' title='bbox 484 3174 565 3211; x_wconf 84' lang='lat' dir='ltr'><strong>om</strong></span> <span class='ocrx_word' id='word_1_183' title='bbox 593 3157 739 3208; x_wconf 69' lang='lat' dir='ltr'><strong>C&#39;H</strong></span> <span class='ocrx_word' id='word_1_184' title='bbox 758 3156 767 3223; x_wconf 88' lang='grc' dir='ltr'><strong>Ι</strong></span> <span class='ocrx_word' id='word_1_185' title='bbox 796 3157 950 3208; x_wconf 85' lang='lat' dir='ltr'><strong>adicit</strong></span> <span class='ocrx_word' id='word_1_186' title='bbox 974 3156 1087 3223; x_wconf 84' lang='lat' dir='ltr'><strong>(sor</strong></span> <span class='ocrx_word' id='word_1_187' title='bbox 1104 3165 1208 3223; x_wconf 80' lang='lat' dir='ltr'><strong>opt.</strong></span> <span class='ocrx_word' id='word_1_188' title='bbox 1236 3156 1408 3222; x_wconf 83' lang='lat' dir='ltr'><strong>adicit)</strong></span> <span class='ocrx_word' id='word_1_189' title='bbox 1430 3158 1501 3208; x_wconf 99' lang='lat' dir='ltr'><em>H</em></span> <span class='ocrx_word' id='word_1_190' title='bbox 1564 3202 1575 3209; x_wconf 72' lang='grc'><strong><em>,</em></strong></span> 
     </span>
    </p>
   </div>
   <div class='ocr_carea' id='block_1_23' title="bbox 486 3327 1651 4536">
    <p class='ocr_par' dir='ltr' id='par_1_23' title="bbox 486 3327 1648 3639">
     <span class='ocr_line' id='line_1_30' title="bbox 555 3327 1640 3393; baseline -0.003 -15"><span class='ocrx_word' id='word_1_191' title='bbox 555 3342 603 3379; x_wconf 75' lang='lat'><strong>⁴2.</strong></span> <span class='ocrx_word' id='word_1_192' title='bbox 662 3328 767 3379; x_wconf 80' lang='lat' dir='ltr'><em>illic</em></span> <span class='ocrx_word' id='word_1_193' title='bbox 802 3344 844 3379; x_wconf 82' lang='lat' dir='ltr'><strong>e.</strong></span> <span class='ocrx_word' id='word_1_194' title='bbox 882 3329 1077 3378; x_wconf 71' lang='lat' dir='ltr'><strong>deortui</strong></span> <span class='ocrx_word' id='word_1_195' title='bbox 1104 3327 1404 3390; x_wconf 61' lang='lat' dir='ltr'><strong>exhumare]</strong></span> <span class='ocrx_word' id='word_1_196' title='bbox 1467 3328 1640 3393; x_wconf 87' lang='lat' dir='ltr'><strong>Vulg.,</strong></span> 
     </span>
     <span class='ocr_line' id='line_1_31' title="bbox 495 3409 1645 3475; baseline -0.003 -13"><span class='ocrx_word' id='word_1_197' title='bbox 495 3412 617 3462; x_wconf 88' lang='lat' dir='ltr'><strong>“ibi</strong></span> <span class='ocrx_word' id='word_1_198' title='bbox 642 3428 689 3463; x_wconf 85' lang='lat' dir='ltr'><strong>e.</strong></span> <span class='ocrx_word' id='word_1_199' title='bbox 710 3410 861 3461; x_wconf 83' lang='lat' dir='ltr'><strong>statui</strong></span> <span class='ocrx_word' id='word_1_200' title='bbox 881 3409 1159 3460; x_wconf 85' lang='lat' dir='ltr'><strong>hiemare.&#39;’</strong></span> <span class='ocrx_word' id='word_1_201' title='bbox 1225 3410 1336 3459; x_wconf 88' lang='lat' dir='ltr'><strong>The</strong></span> <span class='ocrx_word' id='word_1_202' title='bbox 1357 3409 1645 3475; x_wconf 87' lang='lat' dir='ltr'><strong>compound</strong></span> 
     </span>
     <span class='ocr_line' id='line_1_32' title="bbox 486 3491 1648 3558; baseline -0.003 -13"><span class='ocrx_word' id='word_1_203' title='bbox 486 3495 596 3546; x_wconf 68' lang='lat' dir='ltr'><em>esch.</em></span> <span class='ocrx_word' id='word_1_204' title='bbox 643 3493 736 3544; x_wconf 83' lang='lat' dir='ltr'><strong>has</strong></span> <span class='ocrx_word' id='word_1_205' title='bbox 779 3493 995 3558; x_wconf 83' lang='lat' dir='ltr'><strong>perhaps</strong></span> <span class='ocrx_word' id='word_1_206' title='bbox 1037 3493 1167 3542; x_wconf 87' lang='lat' dir='ltr'><strong>been</strong></span> <span class='ocrx_word' id='word_1_207' title='bbox 1209 3491 1389 3542; x_wconf 85' lang='lat' dir='ltr'><strong>coined</strong></span> <span class='ocrx_word' id='word_1_208' title='bbox 1442 3491 1511 3557; x_wconf 81' lang='lat' dir='ltr'><strong>by</strong></span> <span class='ocrx_word' id='word_1_209' title='bbox 1554 3507 1648 3541; x_wconf 89' lang='lat' dir='ltr'><strong>our</strong></span> 
     </span>
     <span class='ocr_line' id='line_1_33' title="bbox 487 3570 1534 3639; baseline -0.007 -11"><span class='ocrx_word' id='word_1_210' title='bbox 487 3577 755 3628; x_wconf 82' lang='lat' dir='ltr'><strong>translator</strong></span> <span class='ocrx_word' id='word_1_211' title='bbox 775 3582 829 3624; x_wconf 91' lang='lat' dir='ltr'><strong>to</strong></span> <span class='ocrx_word' id='word_1_212' title='bbox 850 3582 1103 3639; x_wconf 88' lang='lat' dir='ltr'><strong>represent</strong></span> <span class='ocrx_word' id='word_1_213' title='bbox 1126 3570 1534 3636; x_wconf 71' lang='grc' dir='ltr'><strong><em>παραχειμάσαι.</em></strong></span> 
     </span>
    </p>

    <p class='ocr_par' dir='ltr' id='par_1_24' title="bbox 491 3653 1645 3804">
     <span class='ocr_line' id='line_1_34' title="bbox 556 3653 1645 3723; baseline -0.006 -13"><span class='ocrx_word' id='word_1_214' title='bbox 556 3672 603 3723; x_wconf 81' lang='lat'><strong>5.</strong></span> <span class='ocrx_word' id='word_1_215' title='bbox 685 3655 929 3719; x_wconf 84' lang='lat' dir='ltr'><em>uelociter]</em></span> <span class='ocrx_word' id='word_1_216' title='bbox 994 3655 1280 3705; x_wconf 82' lang='grc' dir='ltr'><strong><em>σπουδαίως.</em></strong></span> <span class='ocrx_word' id='word_1_217' title='bbox 1371 3654 1441 3705; x_wconf 92' lang='lat' dir='ltr'><strong>So</strong></span> <span class='ocrx_word' id='word_1_218' title='bbox 1483 3653 1645 3718; x_wconf 76' lang='lat' dir='ltr'><strong>infra,</strong></span> 
     </span>
     <span class='ocr_line' id='line_1_35' title="bbox 491 3732 1485 3804; baseline -0.009 -12"><span class='ocrx_word' id='word_1_219' title='bbox 491 3742 528 3794; x_wconf 89' lang='lat'><strong>1.</strong></span> <span class='ocrx_word' id='word_1_220' title='bbox 557 3753 602 3804; x_wconf 88' lang='lat'><strong>7.</strong></span> <span class='ocrx_word' id='word_1_221' title='bbox 671 3740 738 3791; x_wconf 92' lang='grc' dir='ltr'><strong>Ο.</strong></span> <span class='ocrx_word' id='word_1_222' title='bbox 758 3740 817 3788; x_wconf 89' lang='lat' dir='ltr'><strong>L.</strong></span> <span class='ocrx_word' id='word_1_223' title='bbox 847 3737 946 3787; x_wconf 87' lang='lat' dir='ltr'><strong>and</strong></span> <span class='ocrx_word' id='word_1_224' title='bbox 971 3737 1144 3802; x_wconf 87' lang='lat' dir='ltr'><strong>Vulg.‚</strong></span> <span class='ocrx_word' id='word_1_225' title='bbox 1174 3732 1485 3786; x_wconf 81' lang='lat' dir='ltr'><strong>“sonicite.”</strong></span> 
     </span>
    </p>

    <p class='ocr_par' dir='ltr' id='par_1_25' title="bbox 490 3814 1650 4360">
     <span class='ocr_line' id='line_1_36' title="bbox 557 3814 1649 3883; baseline -0.004 -13"><span class='ocrx_word' id='word_1_226' title='bbox 557 3821 604 3870; x_wconf 89' lang='grc'><strong>8.</strong></span> <span class='ocrx_word' id='word_1_227' title='bbox 676 3818 980 3883; x_wconf 81' lang='lat' dir='ltr'><strong>praemittat</strong></span> <span class='ocrx_word' id='word_1_228' title='bbox 1008 3832 1122 3866; x_wconf 81' lang='lat' dir='ltr'><strong>cum</strong></span> <span class='ocrx_word' id='word_1_229' title='bbox 1150 3815 1376 3881; x_wconf 78' lang='lat' dir='ltr'><strong>sumptu]</strong></span> <span class='ocrx_word' id='word_1_230' title='bbox 1443 3814 1649 3879; x_wconf 54' lang='lat' dir='ltr'><strong>Chrys:</strong></span> 
     </span>
     <span class='ocr_line' id='line_1_37' title="bbox 490 3895 1647 3962; baseline -0.005 -11"><span class='ocrx_word' id='word_1_231' title='bbox 490 3901 760 3961; x_wconf 66' lang='grc' dir='ltr'><strong>τουτέστιν,</strong></span> <span class='ocrx_word' id='word_1_232' title='bbox 800 3901 852 3949; x_wconf 75' lang='grc' dir='ltr'><strong>ἐν</strong></span> <span class='ocrx_word' id='word_1_233' title='bbox 886 3897 1022 3962; x_wconf 78' lang='grc' dir='ltr'><strong><em>πάσῃ</em></strong></span> <span class='ocrx_word' id='word_1_234' title='bbox 1058 3896 1266 3961; x_wconf 70' lang='grc' dir='ltr'><strong>ἀφθονίᾳ</strong></span> <span class='ocrx_word' id='word_1_235' title='bbox 1299 3895 1470 3949; x_wconf 71' lang='grc' dir='ltr'><strong><em>αὐτοὺς</em></strong></span> <span class='ocrx_word' id='word_1_236' title='bbox 1504 3897 1647 3947; x_wconf 84' lang='grc' dir='ltr'><strong><em>κατέ·</em></strong></span> 
     </span>
     <span class='ocr_line' id='line_1_38' title="bbox 493 3978 1649 4044; baseline -0.003 -12"><span class='ocrx_word' id='word_1_237' title='bbox 493 3999 692 4043; x_wconf 62' lang='lat' dir='ltr'><strong>mer.</strong></span> <span class='ocrx_word' id='word_1_238' title='bbox 762 3980 1044 4031; x_wconf 75' lang='lat' dir='ltr'><strong>Ambrstr.=</strong></span> <span class='ocrx_word' id='word_1_239' title='bbox 1079 3979 1263 4029; x_wconf 87' lang='lat' dir='ltr'><strong>“iubet</strong></span> <span class='ocrx_word' id='word_1_240' title='bbox 1289 3985 1516 4044; x_wconf 85' lang='lat' dir='ltr'><strong>sumptus</strong></span> <span class='ocrx_word' id='word_1_241' title='bbox 1546 3978 1649 4028; x_wconf 82' lang='lat' dir='ltr'><strong>illis</strong></span> 
     </span>
     <span class='ocr_line' id='line_1_39' title="bbox 492 4063 1648 4129; baseline -0.003 -13"><span class='ocrx_word' id='word_1_242' title='bbox 492 4064 797 4116; x_wconf 79' lang='lat' dir='ltr'><strong>necessarios</strong></span> <span class='ocrx_word' id='word_1_243' title='bbox 820 4063 928 4113; x_wconf 89' lang='lat' dir='ltr'><strong>dari</strong></span> <span class='ocrx_word' id='word_1_244' title='bbox 949 4063 1015 4114; x_wconf 88' lang='lat' dir='ltr'><strong>ab</strong></span> <span class='ocrx_word' id='word_1_245' title='bbox 1048 4063 1111 4114; x_wconf 87' lang='lat' dir='ltr'><strong>iis</strong></span> <span class='ocrx_word' id='word_1_246' title='bbox 1130 4065 1219 4129; x_wconf 79' lang='lat' dir='ltr'><strong>qui</strong></span> <span class='ocrx_word' id='word_1_247' title='bbox 1239 4063 1570 4122; x_wconf 78' lang='lat' dir='ltr'><strong>crediderant,</strong></span> <span class='ocrx_word' id='word_1_248' title='bbox 1591 4070 1648 4112; x_wconf 91' lang='lat' dir='ltr'><strong>ut</strong></span> 
     </span>
     <span class='ocr_line' id='line_1_40' title="bbox 491 4144 1650 4213; baseline -0.005 -14"><span class='ocrx_word' id='word_1_249' title='bbox 491 4144 888 4213; x_wconf 84' lang='lat' dir='ltr'><strong>refrigerarent.”</strong></span> <span class='ocrx_word' id='word_1_250' title='bbox 955 4147 1193 4212; x_wconf 72' lang='lat' dir='ltr'><strong>Jeromez</strong></span> <span class='ocrx_word' id='word_1_251' title='bbox 1230 4144 1523 4211; x_wconf 80' lang='lat' dir='ltr'><strong>“praecipit</strong></span> <span class='ocrx_word' id='word_1_252' title='bbox 1554 4145 1650 4194; x_wconf 87' lang='lat' dir='ltr'><strong>uti·</strong></span> 
     </span>
     <span class='ocr_line' id='line_1_41' title="bbox 495 4225 1649 4294; baseline -0.003 -16"><span class='ocrx_word' id='word_1_253' title='bbox 495 4243 594 4294; x_wconf 88' lang='lat' dir='ltr'><strong>que</strong></span> <span class='ocrx_word' id='word_1_254' title='bbox 622 4226 743 4276; x_wconf 87' lang='lat' dir='ltr'><strong>Tito</strong></span> <span class='ocrx_word' id='word_1_255' title='bbox 772 4226 1293 4278; x_wconf 84' lang='lat' dir='ltr'><strong>ut...faciat...habere</strong></span> <span class='ocrx_word' id='word_1_256' title='bbox 1329 4242 1398 4287; x_wconf 86' lang='lat' dir='ltr'><strong>ea,</strong></span> <span class='ocrx_word' id='word_1_257' title='bbox 1421 4241 1550 4291; x_wconf 84' lang='lat' dir='ltr'><strong>quae</strong></span> <span class='ocrx_word' id='word_1_258' title='bbox 1580 4225 1649 4275; x_wconf 86' lang='lat' dir='ltr'><strong>ad</strong></span> 
     </span>
     <span class='ocr_line' id='line_1_42' title="bbox 494 4307 1220 4360; baseline -0.006 0"><span class='ocrx_word' id='word_1_259' title='bbox 494 4308 733 4360; x_wconf 85' lang='lat' dir='ltr'><strong>uiaticum</strong></span> <span class='ocrx_word' id='word_1_260' title='bbox 753 4307 1031 4357; x_wconf 85' lang='lat' dir='ltr'><strong>necessaria</strong></span> <span class='ocrx_word' id='word_1_261' title='bbox 1052 4308 1220 4358; x_wconf 87' lang='lat' dir='ltr'><strong>sunt.”</strong></span> 
     </span>
    </p>

    <p class='ocr_par' dir='ltr' id='par_1_26' title="bbox 493 4387 1651 4536">
     <span class='ocr_line' id='line_1_43' title="bbox 561 4387 1651 4456; baseline -0.003 -15"><span class='ocrx_word' id='word_1_262' title='bbox 561 4404 610 4456; x_wconf 89' lang='lat'><strong>9.</strong></span> <span class='ocrx_word' id='word_1_263' title='bbox 700 4396 801 4454; x_wconf 82' lang='lat' dir='ltr'><strong>per</strong></span> <span class='ocrx_word' id='word_1_264' title='bbox 839 4388 926 4438; x_wconf 80' lang='lat' dir='ltr'><strong>hos</strong></span> <span class='ocrx_word' id='word_1_265' title='bbox 966 4389 1185 4455; x_wconf 82' lang='lat' dir='ltr'><em>scripsit]</em></span> <span class='ocrx_word' id='word_1_266' title='bbox 1269 4387 1354 4440; x_wconf 80' lang='lat' dir='ltr'><strong>Cf.</strong></span> <span class='ocrx_word' id='word_1_267' title='bbox 1398 4388 1485 4439; x_wconf 88' lang='lat' dir='ltr'><strong>the</strong></span> <span class='ocrx_word' id='word_1_268' title='bbox 1538 4388 1651 4438; x_wconf 88' lang='lat' dir='ltr'><strong>sub·</strong></span> 
     </span>
     <span class='ocr_line' id='line_1_44' title="bbox 493 4467 1651 4536; baseline -0.002 -15"><span class='ocrx_word' id='word_1_269' title='bbox 493 4468 734 4536; x_wconf 78' lang='lat' dir='ltr'><strong>scription</strong></span> <span class='ocrx_word' id='word_1_270' title='bbox 804 4467 1039 4519; x_wconf 72' lang='lat' dir='ltr'><strong>attached</strong></span> <span class='ocrx_word' id='word_1_271' title='bbox 1116 4475 1170 4519; x_wconf 94' lang='lat' dir='ltr'><strong>to</strong></span> <span class='ocrx_word' id='word_1_272' title='bbox 1247 4469 1334 4519; x_wconf 89' lang='lat' dir='ltr'><strong>the</strong></span> <span class='ocrx_word' id='word_1_273' title='bbox 1413 4467 1651 4531; x_wconf 51' lang='lat' dir='ltr'><strong>Peshitoss</strong></span> 
     </span>
    </p>
   </div>
   <div class='ocr_carea' id='block_1_24' title="bbox 1413 2993 1790 3141">
    <p class='ocr_par' dir='ltr' id='par_1_27' title="bbox 1413 2993 1790 3141">
     <span class='ocr_line' id='line_1_45' title="bbox 1413 2993 1790 3060; baseline -0.003 -15"><span class='ocrx_word' id='word_1_274' title='bbox 1413 3009 1443 3060; x_wconf 80' lang='lat'><strong>3</strong></span> <span class='ocrx_word' id='word_1_275' title='bbox 1477 2993 1790 3045; x_wconf 87' lang='lat' dir='ltr'><strong>adubiCH</strong></span> 
     </span>
     <span class='ocr_line' id='line_1_46' title="bbox 1440 3073 1787 3141; baseline -0.003 -17"><span class='ocrx_word' id='word_1_276' title='bbox 1440 3073 1787 3141; x_wconf 85' lang='lat' dir='ltr'><strong>9peromH</strong></span> 
     </span>
    </p>
   </div>
   <div class='ocr_carea' id='block_1_25' title="bbox 1690 3152 2776 3220">
    <p class='ocr_par' dir='ltr' id='par_1_28' title="bbox 1690 3152 2776 3220">
     <span class='ocr_line' id='line_1_47' title="bbox 1690 3152 2776 3220; baseline -0.001 -14"><span class='ocrx_word' id='word_1_277' title='bbox 1690 3170 1749 3220; x_wconf 83' lang='lat'><strong>15</strong></span> <span class='ocrx_word' id='word_1_278' title='bbox 1782 3161 1926 3220; x_wconf 81' lang='lat' dir='ltr'><strong>rogat</strong></span> <span class='ocrx_word' id='word_1_279' title='bbox 1947 3162 2004 3205; x_wconf 89' lang='lat' dir='ltr'><strong>ut</strong></span> <span class='ocrx_word' id='word_1_280' title='bbox 2026 3152 2416 3219; x_wconf 79' lang='lat' dir='ltr'><strong>(besconserant)</strong></span> <span class='ocrx_word' id='word_1_281' title='bbox 2435 3154 2542 3204; x_wconf 62' lang='lat' dir='ltr'><strong>adi</strong></span> <span class='ocrx_word' id='word_1_282' title='bbox 2561 3154 2609 3206; x_wconf 89' lang='lat' dir='ltr'><em>C</em></span> <span class='ocrx_word' id='word_1_283' title='bbox 2626 3157 2776 3218; x_wconf 78' lang='lat' dir='ltr'><strong>(corr)</strong></span> 
     </span>
    </p>
   </div>
   <div class='ocr_carea' id='block_1_26' title="bbox 2000 2991 2906 3124">
    <p class='ocr_par' dir='ltr' id='par_1_29' title="bbox 2000 2991 2906 3124">
     <span class='ocr_line' id='line_1_48' title="bbox 2019 2991 2904 3058; baseline 0.005 -18"><span class='ocrx_word' id='word_1_284' title='bbox 2019 3009 2051 3055; x_wconf 85' lang='lat'>4</span> <span class='ocrx_word' id='word_1_285' title='bbox 2085 2991 2784 3058; x_wconf 84' lang='lat' dir='ltr'><strong>Nicopolim...legisperitum</strong></span> <span class='ocrx_word' id='word_1_286' title='bbox 2808 2993 2904 3056; x_wconf 66' lang='grc' dir='ltr'>[τ’]</span> 
     </span>
     <span class='ocr_line' id='line_1_49' title="bbox 2000 3069 2906 3124; baseline 0 -2"><span class='ocrx_word' id='word_1_287' title='bbox 2000 3087 2056 3122; x_wconf 83' lang='lat'><strong>11</strong></span> <span class='ocrx_word' id='word_1_288' title='bbox 2092 3072 2276 3121; x_wconf 81' lang='lat' dir='ltr'><strong>uirtute</strong></span> <span class='ocrx_word' id='word_1_289' title='bbox 2303 3069 2380 3121; x_wconf 72' lang='lat' dir='ltr'><strong>C·</strong></span> <span class='ocrx_word' id='word_1_290' title='bbox 2403 3072 2474 3122; x_wconf 99' lang='lat' dir='ltr'><em>H</em></span> <span class='ocrx_word' id='word_1_291' title='bbox 2685 3089 2741 3124; x_wconf 70' lang='grc' dir='ltr'><strong>ια</strong></span> <span class='ocrx_word' id='word_1_292' title='bbox 2775 3072 2906 3123; x_wconf 87' lang='lat' dir='ltr'><strong>nihil</strong></span> 
     </span>
    </p>
   </div>
   <div class='ocr_carea' id='block_1_27' title="bbox 1748 3320 2917 3404">
    <p class='ocr_par' dir='ltr' id='par_1_30' title="bbox 1748 3320 2917 3404">
     <span class='ocr_line' id='line_1_50' title="bbox 1748 3320 2917 3404; baseline -0.003 -1"><span class='ocrx_word' id='word_1_293' title='bbox 1748 3340 1976 3402; x_wconf 61' lang='lat' dir='ltr'><strong>flea-n</strong></span> <span class='ocrx_word' id='word_1_294' title='bbox 2115 3326 2380 3403; x_wconf 59' lang='lat' dir='ltr'><strong>..a-1³</strong></span> <span class='ocrx_word' id='word_1_295' title='bbox 2507 3320 2917 3404; x_wconf 59' lang='lat' dir='ltr'><strong>&amp;iah-2«</strong></span> 
     </span>
    </p>
   </div>
   <div class='ocr_carea' id='block_1_28' title="bbox 1746 3446 2905 3540">
    <p class='ocr_par' dir='ltr' id='par_1_31' title="bbox 1746 3446 2905 3540">
     <span class='ocr_line' id='line_1_51' title="bbox 1746 3446 2905 3540; baseline -0.009 -5"><span class='ocrx_word' id='word_1_296' title='bbox 1746 3446 2069 3534; x_wconf 55' lang='lat' dir='ltr'><strong>0dsst&lt;o</strong></span> <span class='ocrx_word' id='word_1_297' title='bbox 2135 3475 2249 3524; x_wconf 88' lang='lat' dir='ltr'><strong>The</strong></span> <span class='ocrx_word' id='word_1_298' title='bbox 2278 3474 2579 3540; x_wconf 87' lang='lat' dir='ltr'><strong>Memphitic</strong></span> <span class='ocrx_word' id='word_1_299' title='bbox 2611 3473 2787 3525; x_wconf 84' lang='lat' dir='ltr'><strong>makes</strong></span> <span class='ocrx_word' id='word_1_300' title='bbox 2808 3475 2905 3525; x_wconf 84' lang='lat' dir='ltr'><strong>Ar-</strong></span> 
     </span>
    </p>
   </div>
   <div class='ocr_carea' id='block_1_29' title="bbox 1746 3575 2913 4454">
    <p class='ocr_par' dir='ltr' id='par_1_32' title="bbox 1746 3575 2607 3641">
     <span class='ocr_line' id='line_1_52' title="bbox 1746 3575 2607 3641; baseline -0.002 -15"><span class='ocrx_word' id='word_1_301' title='bbox 1746 3583 1906 3627; x_wconf 84' lang='lat' dir='ltr'><strong>temas</strong></span> <span class='ocrx_word' id='word_1_302' title='bbox 1928 3575 2014 3626; x_wconf 85' lang='lat' dir='ltr'><strong>the</strong></span> <span class='ocrx_word' id='word_1_303' title='bbox 2035 3575 2211 3626; x_wconf 77' lang='lat' dir='ltr'><strong>bearet</strong></span> <span class='ocrx_word' id='word_1_304' title='bbox 2232 3575 2291 3626; x_wconf 79' lang='lat' dir='ltr'><strong>os</strong></span> <span class='ocrx_word' id='word_1_305' title='bbox 2302 3575 2391 3631; x_wconf 64' lang='lat' dir='ltr'><strong>,the</strong></span> <span class='ocrx_word' id='word_1_306' title='bbox 2412 3575 2607 3641; x_wconf 86' lang='lat' dir='ltr'><strong>epistle.</strong></span> 
     </span>
    </p>

    <p class='ocr_par' dir='ltr' id='par_1_33' title="bbox 1747 3658 2912 4128">
     <span class='ocr_line' id='line_1_53' title="bbox 1818 3658 2908 3723; baseline -0.002 -13"><span class='ocrx_word' id='word_1_307' title='bbox 1818 3675 1894 3710; x_wconf 82' lang='grc' dir='ltr'><strong>ιο.</strong></span> <span class='ocrx_word' id='word_1_308' title='bbox 1985 3667 2034 3708; x_wconf 85' lang='lat' dir='ltr'><strong>et</strong></span> <span class='ocrx_word' id='word_1_309' title='bbox 2095 3660 2215 3723; x_wconf 73' lang='lat' dir='ltr'><em>quia</em></span> <span class='ocrx_word' id='word_1_310' title='bbox 2288 3659 2451 3721; x_wconf 76' lang='lat' dir='ltr'><em>Titus]</em></span> <span class='ocrx_word' id='word_1_311' title='bbox 2559 3658 2750 3710; x_wconf 66' lang='lat' dir='ltr'><strong>Thdtz</strong></span> <span class='ocrx_word' id='word_1_312' title='bbox 2827 3659 2908 3708; x_wconf 71' lang='grc' dir='ltr'><strong>καὶ</strong></span> 
     </span>
     <span class='ocr_line' id='line_1_54' title="bbox 1747 3738 2911 3806; baseline -0.001 -15"><span class='ocrx_word' id='word_1_313' title='bbox 1747 3738 1918 3802; x_wconf 71' lang='grc' dir='ltr'><strong><em>ἐπειδὴ</em></strong></span> <span class='ocrx_word' id='word_1_314' title='bbox 1953 3742 2038 3792; x_wconf 71' lang='grc' dir='ltr'><strong>τὸν</strong></span> <span class='ocrx_word' id='word_1_315' title='bbox 2072 3739 2317 3803; x_wconf 75' lang='grc' dir='ltr'><strong>ἀκτημονα</strong></span> <span class='ocrx_word' id='word_1_316' title='bbox 2357 3742 2466 3806; x_wconf 73' lang='grc' dir='ltr'><strong>βίον</strong></span> <span class='ocrx_word' id='word_1_317' title='bbox 2509 3741 2536 3792; x_wconf 81' lang='grc' dir='ltr'><strong><em>δ</em></strong></span> <span class='ocrx_word' id='word_1_318' title='bbox 2574 3758 2691 3801; x_wconf 84' lang='grc' dir='ltr'><strong><em>μακ.</em></strong></span> <span class='ocrx_word' id='word_1_319' title='bbox 2739 3739 2911 3804; x_wconf 75' lang='grc' dir='ltr'><strong><em>μετῄει</em></strong></span> 
     </span>
     <span class='ocr_line' id='line_1_55' title="bbox 1748 3821 2910 3887; baseline 0.001 -13"><span class='ocrx_word' id='word_1_320' title='bbox 1748 3823 1906 3885; x_wconf 81' lang='grc' dir='ltr'><strong><em>Τίτος,</em></strong></span> <span class='ocrx_word' id='word_1_321' title='bbox 1932 3822 2200 3884; x_wconf 70' lang='grc' dir='ltr'><strong>ἀναγκαίως</strong></span> <span class='ocrx_word' id='word_1_322' title='bbox 2226 3821 2568 3887; x_wconf 60' lang='lat' dir='ltr'><strong>&amp;Anavcrm‘</strong></span> <span class='ocrx_word' id='word_1_323' title='bbox 2584 3825 2773 3884; x_wconf 71' lang='grc' dir='ltr'><strong><em>δίδαξον</em></strong></span> <span class='ocrx_word' id='word_1_324' title='bbox 2798 3825 2910 3875; x_wconf 76' lang='grc' dir='ltr'><strong><em>τοὺς</em></strong></span> 
     </span>
     <span class='ocr_line' id='line_1_56' title="bbox 1748 3902 2912 3970; baseline 0.001 -14"><span class='ocrx_word' id='word_1_325' title='bbox 1748 3902 2131 3956; x_wconf 67' lang='grc' dir='ltr'><strong>πεπιστευκότας</strong></span> <span class='ocrx_word' id='word_1_326' title='bbox 2181 3903 2269 3966; x_wconf 80' lang='grc' dir='ltr'><strong>τῆς</strong></span> <span class='ocrx_word' id='word_1_327' title='bbox 2322 3905 2601 3965; x_wconf 79' lang='grc' dir='ltr'><strong><em>σωματικῆς</em></strong></span> <span class='ocrx_word' id='word_1_328' title='bbox 2655 3906 2912 3970; x_wconf 80' lang='grc' dir='ltr'><strong><em>θεραπείας</em></strong></span> 
     </span>
     <span class='ocr_line' id='line_1_57' title="bbox 1748 3985 2908 4049; baseline 0.001 -12"><span class='ocrx_word' id='word_1_329' title='bbox 1748 3988 2085 4049; x_wconf 72' lang='grc' dir='ltr'><strong><em>ἐπιμελεῖσθαι</em></strong></span> <span class='ocrx_word' id='word_1_330' title='bbox 2120 3985 2218 4038; x_wconf 73' lang='grc' dir='ltr'><strong>τῶν</strong></span> <span class='ocrx_word' id='word_1_331' title='bbox 2251 3989 2316 4038; x_wconf 83' lang='grc' dir='ltr'><strong>τὰ</strong></span> <span class='ocrx_word' id='word_1_332' title='bbox 2350 3989 2456 4037; x_wconf 77' lang='grc' dir='ltr'><strong><em>θεῖα</em></strong></span> <span class='ocrx_word' id='word_1_333' title='bbox 2490 3985 2727 4038; x_wconf 67' lang='grc' dir='ltr'><strong><em>διδάσκειν</em></strong></span> <span class='ocrx_word' id='word_1_334' title='bbox 2765 4006 2908 4038; x_wconf 85' lang='grc' dir='ltr'><strong><em>πεπι-</em></strong></span> 
     </span>
     <span class='ocr_line' id='line_1_58' title="bbox 1749 4066 2063 4128; baseline 0 -9"><span class='ocrx_word' id='word_1_335' title='bbox 1749 4069 2037 4128; x_wconf 68' lang='grc' dir='ltr'><strong><em>στευμένων.</em></strong></span> <span class='ocrx_word' id='word_1_336' title='bbox 2050 4066 2063 4091; x_wconf 81' lang='lat'>⁸</span> 
     </span>
    </p>

    <p class='ocr_par' dir='ltr' id='par_1_34' title="bbox 1749 4142 2913 4454">
     <span class='ocr_line' id='line_1_59' title="bbox 1821 4142 2912 4211; baseline 0 -17"><span class='ocrx_word' id='word_1_337' title='bbox 1821 4148 1898 4197; x_wconf 84' lang='lat'><strong>18.</strong></span> <span class='ocrx_word' id='word_1_338' title='bbox 1952 4142 2557 4209; x_wconf 65' lang='lat' dir='ltr'><strong>salutateJ=dcrbche‚</strong></span> <span class='ocrx_word' id='word_1_339' title='bbox 2584 4145 2671 4196; x_wconf 88' lang='lat' dir='ltr'><strong>the</strong></span> <span class='ocrx_word' id='word_1_340' title='bbox 2701 4146 2912 4211; x_wconf 85' lang='lat' dir='ltr'><strong>reading</strong></span> 
     </span>
     <span class='ocr_line' id='line_1_60' title="bbox 1749 4226 2912 4278; baseline -0.001 -1"><span class='ocrx_word' id='word_1_341' title='bbox 1749 4226 1809 4277; x_wconf 79' lang='lat' dir='ltr'><strong>os</strong></span> <span class='ocrx_word' id='word_1_342' title='bbox 1826 4227 1954 4278; x_wconf 85' lang='lat' dir='ltr'><strong>Cod.</strong></span> <span class='ocrx_word' id='word_1_343' title='bbox 1985 4227 2138 4277; x_wconf 81' lang='lat' dir='ltr'><strong>Alex.</strong></span> <span class='ocrx_word' id='word_1_344' title='bbox 2183 4227 2295 4277; x_wconf 87' lang='lat' dir='ltr'><strong>The</strong></span> <span class='ocrx_word' id='word_1_345' title='bbox 2320 4226 2472 4277; x_wconf 87' lang='lat' dir='ltr'><strong>Latin</strong></span> <span class='ocrx_word' id='word_1_346' title='bbox 2493 4226 2715 4277; x_wconf 86' lang='lat' dir='ltr'><strong>versions</strong></span> <span class='ocrx_word' id='word_1_347' title='bbox 2737 4227 2912 4276; x_wconf 70' lang='lat' dir='ltr'><strong>follow</strong></span> 
     </span>
     <span class='ocr_line' id='line_1_61' title="bbox 1756 4307 2913 4370; baseline -0.001 -11"><span class='ocrx_word' id='word_1_348' title='bbox 1756 4307 1843 4359; x_wconf 86' lang='lat' dir='ltr'><strong>the</strong></span> <span class='ocrx_word' id='word_1_349' title='bbox 1864 4315 1963 4358; x_wconf 69' lang='lat' dir='ltr'><strong>rest</strong></span> <span class='ocrx_word' id='word_1_350' title='bbox 1986 4307 2045 4357; x_wconf 87' lang='lat' dir='ltr'><strong>of</strong></span> <span class='ocrx_word' id='word_1_351' title='bbox 2070 4307 2155 4358; x_wconf 88' lang='lat' dir='ltr'><strong>the</strong></span> <span class='ocrx_word' id='word_1_352' title='bbox 2178 4308 2346 4360; x_wconf 86' lang='lat' dir='ltr'><strong>Greek</strong></span> <span class='ocrx_word' id='word_1_353' title='bbox 2380 4308 2685 4370; x_wconf 83' lang='lat' dir='ltr'><strong>authorities,</strong></span> <span class='ocrx_word' id='word_1_354' title='bbox 2715 4308 2913 4358; x_wconf 87' lang='lat' dir='ltr'><strong>render-</strong></span> 
     </span>
     <span class='ocr_line' id='line_1_62' title="bbox 1753 4386 2137 4454; baseline 0.005 -17"><span class='ocrx_word' id='word_1_355' title='bbox 1753 4388 1843 4454; x_wconf 85' lang='lat' dir='ltr'><strong>ing</strong></span> <span class='ocrx_word' id='word_1_356' title='bbox 1868 4390 1905 4415; x_wconf 89' lang='lat'><strong>“</strong></span> <span class='ocrx_word' id='word_1_357' title='bbox 1920 4386 2137 4439; x_wconf 85' lang='lat' dir='ltr'><strong>saluta.”</strong></span> 
     </span>
    </p>
   </div>
   <div class='ocr_carea' id='block_1_30' title="bbox 3206 4318 3214 5071">
    <p class='ocr_par' dir='ltr' id='par_1_35' title="bbox 3206 4318 3214 5071">
     <span class='ocr_line' id='line_1_63' title="bbox 3206 4318 3214 5071; baseline 0 0"><span class='ocrx_word' id='word_1_358' title='bbox 3206 4318 3214 5071; x_wconf 95' lang='lat' dir='ltr'><strong> </strong></span> 
     </span>
    </p>
   </div>
  </div>
 </body>
</html>
