3221 5116
487 350 616 417 174
1157 351 1615 403 ’rnssononus
1663 351 2250 406 MOPSUESTENUS
2578 340 2724 425 [VI.
2766 359 2817 417 1,
2852 358 2910 404 2.

607 533 762 607 post
792 522 921 588 hoc
952 526 1194 590 adiecit
1225 534 1294 590 et
1326 525 1414 590 de
1444 527 1691 590 seruis:

603 676 672 740 si
711 677 830 759 qui
867 677 986 743 sub
1033 679 1182 762 iugo
1223 691 1382 744 sunt
1420 680 1616 757 serui,
1657 680 1952 744 dominos
1985 701 2134 744 suos
2171 678 2355 744 omni
2396 680 2630 744 honore
2673 680 2912 764 dagnos

472 800 604 843 esse
625 780 1037 858 clertz‘ment,·
1070 794 1146 847 ut
1174 804 1298 845 non
1331 805 1554 847 nomen
1585 783 1722 847 Dei
1743 794 1807 847 et
1833 784 2128 847 doctrina
2161 783 2641 867 blasphemetur.

604 907 769 974 haec
801 911 886 975 de
918 911 1044 976 illis
1086 911 1313 976 scribit
1359 913 1472 996 qui
1505 913 1810 977 infideles
1843 912 2095 977 habent
2125 913 2456 990 dominos
2489 913 2909 998 praecipiens

411 1012 568 1088 Seis
617 1024 691 1078 ut
724 1035 943 1082 ‚omne
982 1017 1376 1099 obsequium
1422 1017 1559 1080 suis
1614 1017 1983 1099 praebeant
2033 1015 2342 1094 dominis,
2389 1016 2545 1082 licet
2591 1017 2647 1081 si
2690 1019 2823 1081 sint
2862 1039 2906 1082 a

471 1117 725 1198 pietate
756 1118 951 1184 alieni
976 1141 993 1199 ;
1037 1130 1111 1183 ut
1156 1141 1290 1184 non
1337 1119 1491 1184 hinc
1536 1119 1954 1203 blasphemia
2000 1119 2226 1202 aliqua
2273 1119 2423 1183 Deo
2468 1130 2586 1184 aut
2630 1120 2906 1203 pietatis

471 1223 812 1290 doctrinae
852 1224 1274 1307 adpingatur,
1307 1223 1853 1288 existimantibus
1899 1222 2027 1286 illis
2072 1222 2254 1305 quod
2302 1224 2397 1287 ita
2442 1243 2558 1287 eos
2597 1224 2902 1287 institua·-

475 1349 625 1393 mus
679 1338 755 1393 ut
802 1314 1286 1412 contempnant
1346 1330 1658 1393 dominos
1717 1349 1889 1393 suos
1978 1330 2296 1412 quoniam
2352 1338 2580 1393 autem
2634 1330 2720 1393 de
2770 1327 2901 1392 illis

471 1435 676 1497 seruis
731 1434 893 1500 dicit
943 1437 1057 1517 qui
1118 1434 1420 1499 infideles
1474 1434 1783 1499 dominos
1842 1433 2097 1498 habent
2158 1434 2434 1498 euidens
2494 1444 2596 1498 est
2672 1444 2739 1498 et
2805 1453 2897 1497 ex

369 1553 448 1601 10
471 1536 711 1617 quibus
740 1538 917 1603 dixit
945 1559 960 1602 :
1006 1548 1084 1601 ut
1110 1559 1190 1601 ne
1228 1537 1525 1602 doctrina
1553 1538 1689 1602 Dei
1713 1537 1865 1602 hinc
1902 1538 2383 1622 blasphemetur.
2477 1538 2898 1603 manifestius

472 1661 632 1704 uero
663 1641 731 1703 id
763 1643 1138 1707 ostenditur
1168 1652 1237 1706 et
1271 1664 1360 1707 ex
1396 1641 1524 1705 illis
1554 1663 1729 1725 quae
1758 1652 2171 1725 sequuntur;
2213 1642 2461 1707 adiecit
2492 1643 2672 1706 enirn
2707 1666 2721 1706 ε

599 1800 718 1882 qui
763 1811 977 1865 autem
1012 1799 1244 1884 fideles
1280 1802 1516 1866 habent
1556 1801 1851 1866 dominos
1893 1823 2021 1866 non
2068 1813 2527 1884 contempnunt,
2582 1805 2894 1886 quoniam

453 1903 719 1986 fratres
760 1915 917 1969 sunt
930 1929 960 1981 ,·
1006 1904 1124 1969 scd
1155 1906 1373 1990 magis
1404 1907 1715 1981 seruiant,
1758 1908 2068 1990 quoniam
2095 1908 2328 1992 fideles
2371 1919 2530 1973 sunt
2570 1920 2633 1973 et
2676 1907 2901 1972 dilecti

467 2010 588 2091 qui
612 2009 1048 2095 benefictbrum
1076 2021 1233 2075 sunt
1242 2012 1612 2096 participes.

368 2159 437 2227 15
602 2140 879 2204 ‘iustum
929 2140 1213 2225 (inquit),
1264 2150 1368 2205 est
1413 2151 1488 2207 ut
1535 2151 1602 2206 et
1659 2141 1727 2205 hi
1791 2163 1926 2206 non
1988 2142 2559 2227 contemplatione
2619 2145 2893 2227 pietatis

467 2263 622 2308 suos
645 2254 1128 2328 contempnant
1147 2246 1454 2310 dominos
1485 2248 1596 2331 qui
1624 2248 1907 2332 benigne
1936 2269 2089 2313 cum
2122 2247 2250 2312 illis
2273 2258 2497 2332 agunt,
2523 2249 2641 2312 sed
2674 2247 2891 2313 multo

469 2350 683 2431 magis
730 2348 977 2413 debent
1029 2350 1123 2413 eis
1172 2350 1415 2414 seruire
1463 2353 1654 2434 quasi
1704 2351 2033 2427 fidelibus,
2088 2354 2202 2436 qui
2253 2362 2322 2418 et
2371 2352 2561 2435 diligi
2613 2362 2890 2436 propter

469 2454 661 2538 ipsud
698 2453 946 2516 debent
985 2453 1072 2517 ab
1112 2455 1223 2530 εἰς,
1257 2463 1324 2518 et
1357 2454 1471 2518 illa
1512 2455 1620 2519 uel
1668 2456 1970 2520 maxime
2010 2477 2213 2521 causa
2253 2477 2388 2540 qua
2428 2457 2719 2540 benigne
2760 2455 2890 2520 illis

467 2571 758 2627 utuntur.
847 2558 974 2623 hoc
1021 2558 1196 2623 enim
1251 2560 1414 2623 dicit
1457 2561 1575 2642 qui
1622 2560 2059 2644 beneficiorum
2107 2569 2265 2624 sunt
2303 2561 2697 2644 participes.-
2761 2558 2889 2624 hoc

570 2710 589 2745 1
627 2696 752 2746 haec
774 2696 840 2745 H
860 2693 869 2759 Ι
896 2695 1049 2745 adicit
1076 2696 1122 2746 C
1142 2711 1175 2744 r
1497 2711 1524 2745 α
1560 2696 1601 2746 si
1626 2695 1737 2762 qhis
1758 2698 1825 2748 H
1862 2697 2163 2763 quicumque
2186 2714 2218 2745 r
2241 2695 2250 2761 Ι
2280 2697 2416 2761 dign.
2447 2712 2493 2746 o.
2522 2696 2573 2747 h.
2601 2695 2743 2746 exist.
2772 2710 2837 2745 ne
2870 2693 2897 2743 a·

465 2779 554 2837 (sec
575 2778 701 2838 note)
923 2792 952 2840 3
985 2776 1285 2827 arbitrentur
1318 2791 1384 2827 ne
1419 2792 1470 2826 n.
1495 2777 1688 2827 domini
1728 2792 1761 2825 r
1969 2792 1996 2842 5
2032 2777 2073 2827 si
2110 2792 2189 2826 om
2217 2778 2263 2826 C
2280 2793 2312 2824 r
2332 2777 2357 2825 ι’
2547 2773 2579 2824 6
2617 2773 2890 2839 aliquando

465 2857 580 2922 (for
598 2858 663 2908 al.
694 2857 826 2922 Deo)
850 2859 916 2908 H
935 2857 944 2923 Ι
975 2857 1276 2923 uituperium
1312 2857 1419 2922 (bes
1441 2857 1585 2922 piet.)
1608 2856 1715 2906 add
1731 2873 1764 2905 r
1940 2872 1999 2907 ro
2030 2871 2124 2907 nec
2150 2857 2267 2922 (sor
2286 2857 2369 2916 ne)
2399 2855 2444 2904 C
2642 2868 2695 2903 11
2733 2851 2888 2902 adicit

468 2938 515 2988 C
531 2955 564 2989 r
794 2954 868 3001 12,
902 2954 960 3004 ¹3
994 2939 1112 3004 quia
1135 2936 1249 3004 (fhr
1266 2936 1523 3004 quoniam)
1548 2956 1581 2988 r
1802 2953 1859 3002 13
1897 2938 1988 2987 dil.
2011 2937 2173 2988 benef.
2202 2945 2316 2987 sunt
2339 2935 2589 3002 particeps
2616 2933 2693 2984 C*
2752 2934 2802 2984 d.
2830 2932 2881 2983 b.

368 3079 372 3083 ⁴
461 3024 547 3090 qui
571 3031 685 3074 sunt
707 3023 975 3089 participes
1002 3022 1045 3071 C
1065 3018 1210 3085 (corr)
1266 3021 1319 3070 d.
1337 3020 1388 3069 b.
1416 3020 1686 3085 participes
1707 3028 1821 3069 sunt
1844 3021 1905 3071 II
1972 3020 2024 3069 d.
2048 3019 2099 3068 b.
2124 3026 2238 3068 aunt
2261 3017 2530 3084 participes
2553 3033 2586 3064 r
2720 3028 2774 3079 15
2810 3022 2888 3064 est

458 3112 512 3155 et
532 3105 628 3154 hos
653 3105 698 3155 C
716 3105 787 3154 H
838 3111 913 3154 est
937 3110 992 3153 ut
1013 3110 1063 3152 et
1085 3103 1180 3153 hos
1202 3119 1235 3151 r
1257 3099 1266 3165 Ι
1297 3102 1624 3167 templatione
1650 3101 1763 3165 (sor
1779 3101 1938 3162 cont.)
1961 3102 2026 3150 H
2276 3098 2334 3149 16
2368 3106 2421 3149 ut
2446 3099 2552 3163 (bes
2559 3098 2695 3157 suos)
2717 3096 2822 3146 add
2845 3097 2890 3145 C

464 3188 614 3248 (corr)
809 3188 868 3236 18
901 3186 964 3236 de
989 3183 1270 3251 (bescausa)
1293 3184 1400 3233 add
1414 3201 1447 3232 r

529 3337 575 3371 a.
656 3321 703 3370 si
744 3317 1076 3385 qui...ale’em']
1146 3317 1296 3369 cited
1332 3318 1400 3383 by
1444 3318 1537 3368 Ivo
1572 3318 1633 3367 of
1728 3318 2033 3370 beneficia
2066 3316 2393 3385 percipiunt.”

462 3403 715 3460 chartres,
752 3401 919 3451 decret.
960 3413 1076 3452 xvi.
1101 3403 1181 3464 83.
1251 3400 1446 3465 (Migne
1474 3401 1534 3450 P.
1562 3401 1626 3450 L.
1800 3414 1874 3460 ¹5.
1910 3396 2576 3459 iustum...estutdlri.&c.]
2610 3397 2707 3447 See
2723 3412 2804 3445 vv.
2824 3395 2878 3447 11.

469 3484 554 3536 161
598 3485 708 3548 [not
755 3496 861 3548 172,
907 3499 961 3534 as
997 3483 1159 3533 stated
1199 3482 1252 3532 in
1288 3482 1387 3532 vol.
1425 3493 1464 3530 1.
1499 3498 1551 3547 p.
1586 3481 1623 3538 1,
1730 3482 1923 3533 Earlier
1956 3482 2114 3533 MSS.
2149 3481 2363 3548 perhaps
2397 3480 2625 3530 wavered
2657 3480 2886 3529 between

465 3578 584 3621 note
607 3568 675 3630 21,
703 3568 839 3634 9²¹·)
1727 3563 2313 3626 iustum...contempnere
2358 3561 2459 3612 and
2514 3560 2706 3609 iustum
2761 3565 2877 3610 ut...

523 3652 570 3702 si
613 3651 721 3717 qui,
770 3650 888 3713 Dei]
955 3649 1104 3701 Latin
1158 3647 1394 3704 versions,
1434 3647 1466 3672 “
1481 3655 1625 3713 quot·
1726 3650 2088 3709 contempnunt.
2172 3641 2316 3693 With
2361 3641 2446 3692 the
2490 3656 2673 3691 comm.
2711 3655 2877 3705 comp.

459 3743 583 3802 quot
601 3735 631 3758 ”
652 3752 692 3786 s.
723 3728 1461 3800 “quicumque‚”“Domini.”
1516 3731 1626 3780 Ex·
1727 3726 1908 3776 Thdt.:
1952 3723 2075 3786 μήτε
2107 3723 2203 3785 μὴν
2239 3727 2286 3774 οἱ
2322 3722 2534 3788 εὐσεβεῖς
2570 3724 2767 3785 ἔχοντες
2805 3723 2881 3771 δε-

461 3817 680 3866 istiment
701 3815 744 3865 is
773 3813 929 3865 found
955 3813 1007 3863 in
1031 3810 1266 3877 Ziegler’s
1299 3810 1495 3876 fragm„
1522 3811 1626 3861 and
1727 3804 1914 3859 σπότας
1937 3803 2335 3869 καταφρονήσεως
2355 3806 2739 3868 λαμβανέτωσαν
2765 3800 2879 3865 πρό·

462 3906 523 3947 ut
543 3914 644 3947 non
666 3897 718 3947 in
743 3896 871 3947 Cod.
902 3895 1123 3946 Clarom.
1724 3895 1876 3951 φασιν
1897 3886 1987 3948 τὴν
2008 3886 2189 3937 τούτων
2211 3886 2479 3952 εὐσέβειαν.

526 3999 571 4042 4.
643 3978 701 4027 de
754 3978 857 4027 illis
909 3992 1003 4026 scr.
1058 3976 1152 4041 qui
1207 3973 1441 4040 infideles,
1500 3973 1618 4035 δια]
1795 3985 1869 4037 19.
1939 3969 2188 4019 mettim
2217 3970 2350 4030 ficit,
2387 3969 2506 4031 δια]
2573 3968 2671 4019 Le.
2712 3969 2759 4018 ol
2794 3963 2881 4028 τῆς

460 4061 640 4112 Thdt:
689 4057 847 4109 ταῦτα
895 4060 1004 4121 περὶ
1039 4060 1273 4107 ἀπίστους
1296 4051 1514 4119 ἐχόντων
1549 4057 1622 4106 δε·
1723 4048 1881 4114 etiem.
1903 4049 2056 4101 ἀντιλ.
2084 4052 2277 4117 assigna
2303 4067 2335 4101 a
2355 4050 2544 4102 further
2565 4065 2742 4101 reason
2764 4049 2881 4113 why

384 4184 391 4191 .
461 4139 648 4192 orbum*
668 4142 823 4201 λέγει.
1720 4132 1975 4184 Christian
2028 4142 2239 4184 masters
2292 4133 2474 4184 should
2523 4133 2588 4182 be
2630 4131 2879 4196 faithfully

533 4239 607 4287 14.
677 4221 1041 4286 hemficiomm]
1123 4221 1268 4272 0.L.
1307 4221 1409 4272 and
1442 4221 1612 4286 Vulg„
1719 4213 1928 4274 serve&
1979 4214 2125 4280 ‘they
2164 4230 2249 4265 are
2282 4213 2404 4265 such
2446 4229 2503 4264 as
2537 4215 2753 4265 labour
2787 4211 2878 4264 for

463 4302 798 4356 “beneficii''
866 4303 973 4354 Our
995 4303 1260 4353 translator
1280 4302 1372 4352 has
1398 4302 1617 4368 perhaps
1720 4297 1849 4349 their
1882 4297 2123 4349 servants'
2158 4296 2327 4363 good-²
2408 4296 2481 4349 So
2513 4296 2717 4362 Chrysa
2762 4293 2875 4346 xbr-

459 4390 585 4439 been
630 4385 909 4437 influenced
953 4385 1021 4449 by
1065 4384 1150 4434 the
1200 4399 1384 4434 comm.
1432 4383 1612 4448 (infra.
1717 4397 1883 4431 τονται
1924 4382 2005 4430 καὶ
2040 4380 2459 4444 ταλαιπωροῦντα
2492 4378 2615 4443 ὑπὲρ
2649 4377 2732 4441 τῆς
2768 4377 2878 4438 rim·

458 4470 489 4521 1.
548 4466 654 4536 19);
721 4467 784 4517 cf.
831 4467 1060 4516 however
1109 4465 1383 4514 Ambrstr.:
1445 4462 1613 4528 “quia
1717 4465 1851 4527 τέρος
1905 4461 2234 4515 ἀναπαύσεως.
2325 4463 2446 4514 Oec.
2501 4460 2600 4526 (διὰ
2634 4463 2785 4521 μέσον
2824 4463 2878 4511 δὲ
