3221 5116
439 399 573 466 244
1111 398 1570 451 THEononus
1618 371 2207 453 MopsuEsTENus
2473 386 2551 471 [Ι.
2593 394 2860 466 13—-15,

438 564 570 630 hoc
622 566 801 634 idem
854 567 924 633 in
953 569 1307 653 prouerbio
1352 569 1532 653 apud
1578 565 1695 636 e'os
1739 571 2103 650 dicebatur,
2149 572 2319 637 sicut
2364 580 2432 636 et
2479 570 2690 637 multa
2729 561 2861 633 al'ia

442 670 624 754 apud
673 669 987 754 antiquos
1037 671 1171 736 dici
1220 670 1545 750 solebant,
1583 673 1766 757 quod
1815 690 1938 738 usu
1994 675 2140 759 ipso
2184 695 2226 739 a
2271 675 2554 758 posteris
2599 674 2667 736 in
2707 690 2860 753 pro·

443 773 745 837 uerbium
779 772 1182 839 dicebatur.*
1226 774 1340 837 hoc
1370 774 1637 858 (inquit)
1672 776 2108 841 testimonium
2140 799 2366 842 uerum
2395 788 2533 854 επ,-
2578 776 2707 840 hoc
2739 782 2860 849 est,

444 895 674 940 uerum
705 884 809 941 est
849 875 1056 954 illud;
1102 876 1189 940 de
1233 876 1663 942 Cretensibus
1710 879 1963 942 dictum
2006 889 2108 943 est
2150 881 2237 944 ab
2278 879 2504 964 aliquo
2534 880 2647 963 qui
2679 878 2860 963 apud

262 1023 265 1030 »
379 988 412 1057 5
444 979 596 1045 illos
654 977 911 1042 dudum
974 998 1259 1061 magnus
1325 998 1470 1042 esse
1545 980 2042 1047 aestimabatur.
2134 982 2296 1047 ‘hoc
2370 983 2547 1047 idem
2624 982 2861 1046 adsero

447 1081 714 1166 (inquit)
761 1091 829 1145 et
874 1102 1002 1165 ego
1047 1081 1132 1145 de
1178 1082 1358 1163 ipsis,
1391 1103 1472 1146 eo
1517 1083 1699 1166 quod
1742 1085 2060 1167 dogmate
2097 1087 2396 1150 ueritatis
2442 1085 2693 1149 nullam
2741 1105 2863 1147 ex-

445 1184 749 1268 pendunt
777 1183 1310 1264 sollicitudinem,
1344 1186 1459 1248 sed
1493 1187 1823 1250 contrario
1855 1188 2212 1253 intendunt
2242 1189 2603 1253 mendaciis
2633 1209 2862 1254 eorum

447 1288 562 1371 qui
592 1310 681 1352 ex
706 1289 1200 1353 circumcisione
1231 1299 1406 1366 sunt,
1432 1291 1546 1372 qui
1579 1290 1742 1354 nihil
1775 1313 2006 1357 uerum
2027 1295 2265 1358 docere
2295 1315 2409 1358 eos
2439 1290 2864 1358 adnituntur!

448 1392 609 1473 quid
641 1413 799 1475 ergo
830 1393 970 1457 fieri
1001 1393 1360 1457 debet'illis
1390 1396 1504 1476 qui
1536 1394 1704 1460 tales
1734 1399 1935 1462 sunt?

346 1567 426 1616 10
578 1543 654 1607 ob
698 1564 896 1625 quam
940 1562 1205 1605 causam
1256 1562 1461 1624 argue
1504 1565 1605 1606 eos
1655 1544 2064 1624 uehementer,
2115 1556 2190 1609 ut
2233 1546 2389 1610 sani
2421 1546 2562 1611 sint
2599 1545 2670 1610 in
2696 1544 2862 1630 fide,

448 1667 573 1710 non
605 1646 995 1710 intendentes
1031 1645 1326 1710 Iudaicis
1352 1647 1619 1729 fabulis
1653 1658 1730 1711 et·
1755 1649 2090 1713 mandatis
2128 1648 2464 1714 hominum
2505 1647 2626 1732 qui
2648 1649 2871 1712 auersi

446 1761 605 1815 sunt
627 1771 672 1813 a
703 1750 988 1814 ueritate.
2926 1749 2932 1753 ’

581 1878 1035 1943 ‘uehementer
1058 1877 1327 1962 (inquit)
1354 1899 1630 1961 arguere
1653 1901 1770 1944 eos
1794 1891 1866 1945 ut
1891 1883 1957 1944 in
1989 1880 2120 1947 fide
2151 1903 2315 1945 sana
2346 1881 2719 1964 persistant,
2743 1899 2864 1943 nec

450 1984 538 2049 ab
583 1984 712 2047 illis
756 1983 1159 2046 seducantur
1185 1983 1300 2065 qui
1342 1982 1599 2047 fabulas
1637 1984 1963 2065 quasdam
2010 1995 2079 2048 et
2108 1983 2546 2049 deliramenta
2577 1982 2865 2047 referunt

346 2099 420 2167 15
451 2090 839 2174 composita,
858 2087 1177 2151 docentes
1200 2106 1316 2149 eos
1335 2085 1552 2167 legem
1578 2107 1868 2165 seruare;
1896 2087 2075 2168 quod
2099 2087 2491 2150 mandatum
2515 2086 2863 2152 hominum

451 2205 554 2260 est
597 2212 826 2258 eorum
872 2190 985 2274 qui
1032 2189 1297 2258 ueritati
1338 2189 1615 2252 minime
1664 2188 2036 2266 intendunt,
2087 2198 2157 2252 et
2204 2189 2421 2271 legem
2467 2187 2702 2252 nolunt
2745 2206 2866 2269 per

451 2298 584 2363 Dei
630 2313 887 2360 cessare
944 2289 1382 2357 sententiam?
1470 2291 1716 2355 deinde
1759 2300 1829 2355 et
1875 2291 2203 2357 aduersus*
2240 2292 2420 2357 dicta
2456 2292 2718 2356 illorum
2767 2292 2864 2355 in-

450 2419 726 2484 surgens
755 2398 999 2463 adiecit
1026 2421 1040 2462 ε

577 2548 797 2614 omnia
822 2546 1081 2631 quidem
1111 2545 1359 2611 munda
1391 2545 1657 2609 mundis·
1676 2569 1708 2621 ,·
1755 2543 2187 2628 coinquinatis
2218 2568 2367 2611 uero
2408 2557 2472 2612 et
2499 2546 2867 2634 infidelibus

337 2668 424 2719 20
449 2653 625 2719 nihil
646 2653 980 2731 mundum,
1009 2652 1129 2716 sed
1145 2651 1560 2734 coinquinata
1588 2660 1685 2714 est
1709 2671 1927 2714 eorum
1955 2660 2021 2715 et
2046 2672 2224 2715 mens
2251 2663 2314 2716 et
2339 2652 2732 2745 canscientia.

575 2779 717 2867 †eo
748 2781 931 2866 quod
962 2801 1120 2865 erga
1150 2800 1448 2845 escarum
1482 2780 2004 2863 insumptionem
2034 2780 2422 2864 scrupuloso
2451 2802 2654 2865 agere
2681 2782 2867 2846 uide-

446 2977 558 3046 καὶ
601 2983 732 3047 τῶν
776 2981 925 3049 τότε
967 2983 1050 3068 τῇ
1100 2985 1285 3070 φωνῇ
1328 2980 1759 3070 κεχρημένων,
1804 2981 2033 3072 ὥσπερ
2084 2982 2198 3050 οὖν
2239 2984 2346 3050 καὶ
2395 2983 2588 3073 ἔτερα
2631 2982 2866 3050 πολλὰ

446 3087 578 3152 τῶν
632 3084 818 3175 παρὰ
877 3090 1014 3158 τοῖς
1069 3086 1367 3176 ἀρχαίοις
1425 3086 1793 3176 φερομένων
1852 3088 1922 3154 ἐν
1978 3088 2364 3176 παροιμίαις
2421 3086 2662 3177 χρήσει
2728 3091 2867 3158 τοῖς

451 3190 723 3278 ὕστερον
773 3189 1041 3273 ἐγένετο.

338 3325 376 3372 2
386 3322 419 3391 5
578 3296 801 3382 ἐπειδὴ
839 3297 994 3384 περὶ
1030 3294 1120 3366 τὰ
1151 3294 1482 3384 βρώματα
1518 3292 2118 3382 ἀκριβολογεῖσθαι
2156 3292 2435 3375 ἐδόκουν,
2467 3293 2551 3364 ὥς
2579 3292 2662 3361 ἂν
2693 3296 2866 3362 κατὰ

547 3467 577 3501 ⁰2
611 3450 830 3518 antiquis
855 3447 934 3501 C*
955 3450 1026 3500 H
1211 3462 1240 3513 5
1272 3465 1481 3514 magnas
1508 3449 1553 3500 C
1744 3446 1778 3498 6
1809 3448 2047 3515 dogmate
2073 3448 2119 3498 C
2135 3448 2204 3498 H
2210 3464 2243 3497 r
2265 3445 2276 3512 Ι
2304 3448 2498 3498 nullum
2526 3446 2605 3497 C*
2838 3461 2867 3512 7

448 3550 478 3584 e
500 3540 659 3584 contr.
682 3550 715 3584 r
962 3546 967 3550 ·
997 3533 1030 3582 8
1062 3530 1303 3582 adnititur
1329 3531 1408 3582 C*
1432 3532 1503 3582 H
1751 3544 1784 3597 9
1816 3531 1966 3580 debet
1989 3531 2076 3596 qui
2102 3530 2220 3594 (sor
2237 3530 2289 3579 d.
2313 3529 2414 3579 illis
2435 3528 2540 3595 qui)
2563 3530 2633 3579 H
2685 3529 2869 3581 debeat

449 3615 614 3682 quiar
637 3613 646 3680 Ι
675 3615 750 3665 illi
775 3612 889 3679 (ast
915 3612 1049 3678 sunt)
1071 3613 1178 3663 add
1189 3614 1260 3664 H
1270 3629 1305 3664 r
1541 3627 1598 3676 13
1632 3612 1749 3664 ueh.
1773 3627 1879 3677 arg.
1904 3628 1991 3663 eos
2012 3610 2265 3677 praecepit
2291 3609 2406 3676 (for
2424 3611 2539 3661 neh.
2561 3611 2725 3677 inquit
2760 3627 2867 3677 arg.

449 3696 556 3761 eos)
579 3714 612 3747 r
635 3695 646 3762 Ι
673 3713 739 3747 ne
762 3695 880 3760 (for
896 3696 1011 3757 nec)
1034 3711 1067 3745 r
1252 3710 1312 3759 14
1344 3693 1674 3745 libel-amenta
1700 3694 1778 3747 C*
1801 3696 1890 3745 H:
1922 3701 2006 3744 txt
2025 3710 2058 3744 r
2238 3706 2313 3756 17,
2349 3697 2406 3745 18
2439 3694 2872 3746 deinde...adiecit

448 3795 531 3829 om
553 3795 586 3829 r
751 3779 811 3828 18
842 3776 998 3829 adicit
1023 3777 1071 3827 C
1231 3788 1290 3842 19
1323 3776 1528 3841 quidam
1556 3775 1667 3827 CN
1700 3793 1778 3827 om
1801 3792 1834 3826 r
2008 3790 2073 3826 020
2103 3776 2242 3841 quod
2263 3775 2526 3841 inquinata
2547 3776 2663 3841 (for
2679 3776 2871 3842 coinq.)

456 3859 536 3911 C*
559 3860 630 3911 H
677 3858 873 3925 polluta
900 3875 935 3908 r
1126 3870 1188 3922 25
1223 3873 1300 3924 sq.
1334 3858 1490 3909 Coisl.
1528 3873 1642 3921 204,
1681 3856 1717 3909 f.
1749 3861 1845 3909 228
1883 3875 1916 3909 a
1953 3857 2059 3921 [Cr.
2099 3857 2182 3908 vii·
2223 3873 2304 3924 93·
2340 3859 2426 3908 Fr.
2473 3857 2586 3922 158]
2619 3859 2865 3922 θεόδωρος.

450 3939 605 3993 ἄλλος
627 3940 794 4003 φησίν·
819 3937 1003 4001 ἐπειδή,
1029 3941 1176 3990 retr-X.

523 4087 601 4123 ιο.
632 4069 1178 4136 argue...uehementer]
1191 4066 1613 4133 ἔλσγχε...ἇποτό-
1716 4068 1749 4118 1.
1800 4064 1865 4133 1).
1931 4068 2280 4117 Deliramenta
2296 4083 2319 4127 ;
2353 4068 2578 4129 Ronsch,
2615 4070 2767 4132 Itala,
2813 4088 2864 4137 p.

451 4171 566 4216 μως.
644 4153 797 4203 Latin
819 4151 1058 4213 versions,
1079 4150 1613 4217 “increpa...acriter”
1715 4164 1796 4211 ‘23-
1863 4147 1946 4198 Cf.
1971 4160 2035 4197 11.
2059 4165 2110 4213 p.
2139 4159 2194 4209 71
2221 4163 2299 4212 sq.

450 4249 495 4284 s.
527 4229 757 4283 “dure-'⁹
826 4230 1130 4293 Qui-auersi
1154 4239 1311 4289 sunt,-
1342 4231 1494 4281 Latin
1526 4247 1609 4281 au·
1784 4243 1861 4293 19·
1915 4227 2090 4277 omnia
2125 4227 2347 4293 quidem]
2412 4227 2576 4278 πάντα.
2610 4231 2718 4291 μέν.
2800 4233 2874 4283 So

451 4312 697 4373 thoritieS‚
739 4326 879 4360 more
920 4310 1181 4376 correctly,
1225 4315 1258 4340 “
1273 4311 1609 4361 auersantium
1713 4310 1911 4374 Chrys.,
1949 4309 2107 4360 Thdt.
2120 4327 2137 4372 ς
2183 4310 2270 4360 the
2305 4310 2456 4361 Latin
2487 4311 2714 4361 versions
2744 4312 2875 4363 omit

451 4396 513 4459 (s.
538 4392 890 4454 auertentium)
913 4391 1021 4442 se.'’
1709 4390 1923 4457 quidem.

523 4492 600 4541 13.
642 4472 874 4540 arg-uere]
941 4471 1041 4525 1nf.
1066 4473 1143 4523 sor
1179 4472 1302 4539 imp.
1328 4474 1389 4533 (1.
1413 4491 1464 4539 p.
1490 4486 1602 4537 307,
1777 4487 1859 4522 οι.
1915 4472 2328 4538 insumptionem]
2395 4473 2493 4524 See
2519 4473 2648 4523 lexx.
2727 4474 2874 4524 with
