3221 5116
312 414 427 480 IV.
472 413 676 499 1—-3,]
1035 425 1120 475 m
1169 424 1273 476 ΕΡ.
1321 423 1425 473 An
1470 420 1934 474 τῙΜοΤΗΕυΜ
1985 422 2030 472 1.
2612 420 2733 486 139

309 597 619 674 debeant,
654 616 775 660 nec
807 616 848 660 a
878 595 1161 659 ueritate
1191 589 1537 665 dimoueri,
1569 589 1627 653 si
1672 597 1902 654 tamen
1934 588 2128 652 firma
2158 595 2228 653 et
2258 607 2393 653 non
2424 587 2733 653 absolute

310 700 549 765 horum
581 699 910 764 consessio
941 697 1122 780 apud
1155 695 1387 760 fideles
1418 693 1873 778 permanserit.
1962 693 2208 757 adiecit
2238 702 2307 757 et
2337 691 2558 756 aliud:

446 868 745 952 Spiritus
772 877 989 930 autem
1021 864 1366 947 manifeste
1392 862 1555 926 dicit
1589 861 1898 945 quoniam
1931 861 2000 925 in
2031 859 2410 924 nouissimis
2439 858 2733 943 tempori-

313 972 432 1037 bus
488 971 807 1035 discedent
860 970 1133 1052 quidam
1176 989 1221 1030 a
1262 966 1421 1050 fide,
1479 965 1891 1029 adtendentes
1946 964 2289 1048 spiritibus
2358 965 2604 1029 erroris
2673 975 2736 1031 et

312 1073 626 1137 doctrinis
677 1071 1159 1134 daemoniorum
1223 1068 1291 1131 in
1350 1068 1711 1149 hypocrisin
1772 1066 2472 1151 mendac21loqu]orum,
2525 1078 2734 1132 caute-
2807 1074 2838 1142 5

313 1175 560 1238 riatam
602 1173 973 1237 habentium
1016 1191 1207 1235 suam
1251 1170 1720 1249 conscientiam,
1735 1169 2220 1253 prohibentium
2263 1168 2508 1246 nubere,
2537 1168 2736 1233 absti-

314 1300 460 1342 nere
487 1301 531 1344 a
559 1278 733 1343 cibis.

445 1426 722 1490 euidens
757 1424 1028 1508 quidem
1067 1424 1386 1507 quoniam
1424 1421 1592 1486 haec
1633 1421 1797 1487 dicit
1843 1421 2079 1486 beatus
2126 1418 2371 1485 Paulus
2412 1440 2546 1485 non
2578 1419 2736 1502 quia

315 1535 477 1592 tunc
508 1526 639 1590 iam
671 1527 849 1610 apud
897 1526 1158 1610 aliquos
1199 1517 1558 1609 coeperant
1598 1525 1728 1589 ista
1764 1523 2075 1608 profiteri,
2109 1525 2224 1589 sed
2272 1526 2453 1607 quod
2500 1531 2735 1607 postea

319 1630 446 1694 ista
505 1638 695 1693 erant
754 1629 842 1693 ab
900 1628 1283 1692 hominibus
1343 1628 1741 1710 principium
1817 1612 2181 1708 sumptura.
2270 1633 2554 1690 namet
2608 1627 2737 1690 ista
2771 1636 2849 1684 10

317 1753 401 1797 eo
433 1732 685 1815 Spiritu
726 1733 1122 1816 cognouisse
1153 1732 1551 1815 designauit,
1590 1741 1658 1795 et
1689 1732 1870 1814 quod
1906 1732 1971 1794 in
2006 1730 2384 1795 nouissimis
2422 1734 2739 1816 tempori-

319 1835 444 1898 bus
475 1835 608 1897 sint
639 1833 861 1898 futura
891 1835 1368 1918 pronuntiauit.
1421 1833 1827 1918 †coniunxit
1858 1854 2017 1897 uero
2050 1854 2130 1897 ea
2162 1833 2292 1897 illis
2323 1836 2739 1899 sermonibus

317 1957 490 2022 quae
535 1936 621 1999 de
667 1935 934 2001 Christo
980 1935 1240 2001 fuerant
1283 1937 1481 2014 dicta,
1514 1956 1650 1999 non
1694 1935 2018 2012 absolute,
2064 1937 2180 2000 sed
2226 1937 2542 2019 quoniam
2591 1935 2741 2000 illos

320 2043 502 2126 ipsos
553 2042 805 2106 sciebat
863 2041 1030 2105 tales
1090 2061 1235 2105 esse
1282 2041 1538 2105 futuros
1582 2040 1697 2124 qui
1757 2050 1824 2104 et
1884 2040 2153 2123 nuptias
2204 2050 2272 2104 et
2319 2061 2505 2105 escas
2552 2049 2742 2105 erant

319 2146 714 2228 adempturi‚
759 2146 954 2209 simul
1002 2155 1325 2228 negantes
1368 2155 1437 2208 et
1484 2144 1666 2227 quod
1716 2152 2024 2224 suscepta
2069 2142 2262 2206 suerit
2307 2164 2461 2207 caro
2506 2164 2547 2207 a
2589 2144 2741 2206 Deo
2775 2152 2844 2219 15

319 2249 585 2328 Verbo;
633 2250 888 2332 optime
923 2269 1083 2332 ergo
1120 2270 1201 2313 ea
1245 2269 1398 2312 cum
1438 2248 1570 2311 illis
1618 2246 2020 2331 complexus
2065 2246 2229 2325 θεῖ’,
2279 2256 2354 2312 ut
2403 2249 2743 2313 uideretur

318 2351 617 2416 insistere
649 2370 738 2413 ex
762 2358 1043 2434 utroque
1066 2349 1269 2413 latere
1297 2351 1487 2435 quasi
1518 2351 1836 2414 aduersus
1866 2369 2073 2413 unum
2105 2350 2537 2432 propositum.
2585 2371 2741 2415 nam

321 2463 392 2519 et
439 2453 878 2518 Manichaeos
924 2462 992 2515 et
1038 2452 1509 2517 Marcionistas
1549 2461 1617 2515 et
1664 2472 1780 2515 eos
1821 2451 2052 2534 quide
2081 2450 2558 2515 Valentiniana
2589 2462 2745 2517 sunt

454 2622 880 2710 ἐπισυνῆψεν
915 2622 1129 2687 ταῦτα
1164 2626 1301 2692 τοῖς
1345 2619 1499 2706 περὶ
1540 2626 1660 2687 τοῦ
1703 2623 2006 2707 Χριστοῦ
2046 2618 2293 2703 λόγοις,
2323 2617 2450 2710 οὐχ
2494 2618 2745 2701 ἅπλῶς,

322 2723 479 2791 ἀλλ’
534 2726 761 2807 ἐπειδὴ
812 2726 960 2798 τοῦς
1008 2725 1247 2796 αὐτοῦς
1297 2725 1640 2807 ἠπίστατο
1686 2723 1964 2791 ἔσεσθαι
2007 2721 2160 2794 τοὺς
2204 2721 2365 2810 περί
2396 2749 2471 2789 τε
2516 2723 2746 2808 «γάμων
2769 2738 2855 2786 20

323 2828 437 2893 καὶ
463 2827 842 2915 βρωμάτων
873 2830 1089 2895 ἐκεῖνα
1124 2828 1572 2916 ἀναιροῦντας,
1602 2824 1716 2893 καὶ
1757 2824 1834 2892 τὸ
1877 2823 2279 2912 ἀνειλῆφθαι
2309 2823 2530 2912 σάρκα
2559 2824 2749 2913 παρὰ

322 2936 441 2996 τοῦ
492 2931 644 2997 θεοῦ
693 2929 899 3017 λόγου
947 2930 1316 3015 μέλλοντας
1362 2928 1672 3018 ἀναιρεῖν,
1715 2926 1979 3000 εἰκότως
2023 2925 2195 2993 αὐτὰ
2241 2926 2507 2998 ἐκείνοις
2558 2927 2747 2995 συνέ-

321 3036 580 3119 πλεξεν.

428 3187 447 3221 1
487 3171 715 3222 obsolute
750 3172 821 3223 H
1098 3188 1126 3223 α
1161 3171 1345 3221 adiecit
1380 3179 1431 3222 et
1466 3171 1603 3221 aliud
1642 3187 1722 3221 om
1758 3187 1790 3219 r
2061 3187 2091 3236 3
2125 3171 2212 3221 dat
2251 3168 2368 3236 (sor
2401 3171 2545 3233 dicit)
2586 3171 2664 3222 C*
2688 3173 2759 3223 H

320 3269 352 3313 4
386 3252 678 3303 discendent
705 3251 783 3302 C*
998 3266 1026 3316 5
1061 3254 1282 3303 doctoris
1309 3254 1350 3303 C
1359 3252 1387 3278 ¹*
1420 3250 1430 3315 Ι
1456 3252 1750 3318 hipocrisint
1774 3252 1883 3314 (sic)
1910 3253 1955 3304 C
2005 3253 2254 3318 hypocrisi
2278 3270 2310 3302 r
2336 3251 2345 3318 Ι
2371 3256 2747 3306 mendaciorum

331 3336 447 3385 CH
495 3334 806 3400 loquentium
828 3336 1147 3385 mendacium
1171 3351 1205 3384 r
1407 3333 1440 3385 6
1485 3350 1627 3385 suam
1653 3350 1730 3384 om
1753 3351 1788 3383 r
2015 3346 2041 3397 7
2081 3344 2131 3385 et
2154 3335 2344 3400 reliqua
2368 3336 2463 3402 (ast
2481 3337 2626 3400 cibis)
2649 3338 2754 3387 add

332 3419 376 3468 C
388 3418 453 3467 H
511 3426 559 3467 et
583 3424 748 3467 cetera
768 3433 802 3466 r
994 3419 1025 3468 8
1059 3426 1108 3467 et
1129 3417 1308 3467 uidens
1331 3414 1444 3482 (sor
1463 3414 1686 3481 euidens)
1718 3416 1761 3466 C
1776 3415 1804 3441 ¹*
1997 3431 2054 3466 η
2088 3432 2150 3467 ex
2188 3416 2302 3482 (sor
2326 3419 2407 3479 ea)
2428 3419 2499 3469 H
2688 3420 2746 3470 18

328 3498 675 3549 Marcianistas
704 3498 827 3549 CH
844 3495 855 3564 Ι
884 3497 1227 3548 Valentiniani
1256 3498 1377 3548 CH
1388 3514 1421 3546 r
1655 3512 1714 3564 ¹9
1736 3514 1813 3564 sq.
1838 3496 1996 3549 Coisl.
2026 3514 2138 3561 204,
2163 3496 2197 3549 s.
2228 3512 2318 3547 201
2348 3498 2382 3547 b
2404 3500 2511 3562 [Cr.
2549 3499 2631 3549 vii.
2661 3500 2747 3564 32]

325 3582 641 3645 ἐτισυυῆψεν,
663 3584 804 3631 κ.τ.λ.
1052 3597 1114 3632 22
1137 3583 1288 3643 λόγον
1302 3581 1388 3633 Cr.

399 3722 442 3760 1.
511 3707 776 3769 dimanet-2]
809 3707 892 3758 Sc.
920 3707 1102 3758 debeat
1124 3707 1480 3770 [Timotheus1.
1587 3706 1756 3757 unless
1783 3724 1833 3758 co
1861 3714 2140 3772 represents
2171 3707 2258 3757 the
2290 3706 2463 3757 article
2494 3706 2740 3770 (Ronsch,

395 3802 443 3852 5.
510 3788 1061 3854 mendaczIquuJomm]
1109 3790 1484 3839 Mendaaorum
1585 3786 1742 3848 Itala,
1769 3803 1819 3852 p.
1849 3786 1984 3851 4²3)-

327 3868 429 3935 (see
452 3886 532 3919 vv.
557 3869 634 3931 11.)
665 3873 708 3920 is
741 3869 990 3935 probably
1021 3886 1053 3919 a
1083 3870 1318 3935 copyist’s
1350 3885 1487 3919 error
1659 3884 1732 3920 12.
1804 3868 2067 3918 cmtiunxit
2102 3883 2203 3917 non
2240 3868 2469 3932 absolute]
2535 3869 2648 3919 The
2693 3870 2747 3920 δέ

326 3952 405 4002 for
438 3952 930 4017 mendaciloquorum,
974 3951 1141 4002 which
1180 3952 1205 4001 Ι
1244 3952 1372 4001 have
1412 3968 1483 4001 re·
1587 3949 1647 3999 os
1680 3965 1723 4000 c.
1769 3949 1833 3999 iv.
1885 3964 1926 3998 1.
1966 3948 2100 3997 links
2140 3948 2238 3997 this
2272 3949 2531 4014 prophecy
2563 3958 2620 4000 to
2656 3950 2745 4002 the

327 4036 495 4089 stored
528 4035 659 4084 from
704 4036 791 4085 the
829 4036 888 4086 0.
911 4036 975 4085 L.
1044 4036 1155 4084 The
1179 4034 1350 4099 vag.
1396 4016 1487 4084 ha}
1587 4033 1719 4081 tom
1750 4032 1974 4080 classem
2004 4045 2071 4080 on
2105 4031 2191 4079 the
2223 4032 2545 4081 lucamation
2578 4032 2744 4083 which

329 4116 688 4180 “loquentium
725 4115 1093 4166 mendacium.”
1159 4116 1244 4166 On
1278 4115 1483 4165 cauteri—
1584 4112 1677 4162 has
1687 4111 1790 4175 just
1814 4111 2075 4176 preceded.
2147 4112 2340 4162 ‘Here
2357 4112 2399 4161 is
2420 4128 2451 4161 a
2472 4114 2606 4163 close
2628 4128 2742 4164 con·

326 4205 483 4255 atam,
506 4214 589 4248 see
604 4198 825 4260 Ronsch‚
848 4199 1001 4258 Itala,
1031 4214 1081 4263 p.
1114 4212 1222 4259 145.
1585 4194 1770 4244 nexion
1799 4195 2026 4244 between
2061 4195 2149 4246 the
2177 4194 2345 4245 denial
2380 4196 2440 4245 os
2464 4197 2550 4246 the
2575 4197 2741 4247 Incar-

392 4280 442 4330 8.
509 4296 611 4330 non
645 4282 769 4345 quia
802 4286 936 4341 tunc,
977 4280 1096 4341 &c.]
1162 4279 1341 4343 Chrys.
1365 4296 1379 4328 ε
1431 4280 1485 4327 οὔ
1586 4277 1758 4326 nation
1790 4278 1891 4327 and
1922 4277 2008 4327 the
2030 4277 2153 4329 salse
2174 4278 2451 4329 asceticism
2473 4280 2639 4330 which
2655 4279 2741 4330 the

328 4366 439 4428 περὶ
474 4363 720 4415 Ἰουδαίων
756 4366 892 4426 λέγει
926 4365 1100 4412 ταῦτα·
1152 4364 1254 4411 πῶς
1290 4362 1391 4424 γὰρ
1428 4363 1484 4411 τὸ
1585 4357 1800 4421 Apostle
1822 4355 2069 4407 soreseoess

335 4449 409 4497 ’ἐν
432 4446 644 4508 ὑστέροις
669 4443 895 4507 παροῦς’
929 4443 1090 4507 Profi,
1119 4442 1332 4508 passive.
1656 4440 1732 4488 18.
1804 4437 2144 4500 Manichaeos]
2211 4439 2291 4489 Cf.
2335 4451 2373 4488 1.
2409 4455 2461 4504 p.
2498 4452 2543 4502 5,
2584 4440 2620 4489 l.
2661 4456 2738 4497 11,

403 4542 478 4579 ιι.
544 4543 596 4576 eo
631 4526 855 4592 Spiritu]
923 4527 1040 4576 For.
1063 4526 1161 4589 leg.
1184 4532 1230 4574 et
1252 4524 1452 4589 Spiritu
1460 4539 1485 4583 ,·
1585 4528 1721 4571 note.
1790 4521 1968 4586 Chrys.
2007 4522 2082 4571 ad
2112 4522 2161 4573 le.
2191 4522 2253 4571 l.:
2307 4523 2414 4584 περὶ
2453 4522 2740 4584 Μυιχαίων
