3221 5116
537 404 625 472 74

1208 403 1667 454 THEODORUS
1714 403 2299 456 MOPSUESTENUS

2792 392 2871 477 [Ι.
2911 407 2964 474 5.

538 584 813 663 scendit‚
844 604 978 648 non
1010 593 1235 649 tamen
1267 604 1386 666 per
1416 583 1599 648 illam
1634 585 1849 668 ipsam
1895 585 2394 668 generationem
2440 606 2480 651 a
2526 586 2753 651 Dauid
2804 588 2967 653 utri-

537 711 671 772 que
715 697 1075 767 uenerunt;
1120 688 1237 752 sed
1286 688 1680 753 Matthaeus
1725 690 1812 753 ad
1860 690 2061 754 aliam
2108 690 2573 773 genealogiam
2613 713 2702 755 ex
2737 691 2965 757 Dauid

539 793 964 857 descendisse
1016 793 1295 868 uidetur,
1349 792 1569 857 Lucas
1630 814 1790 857 uero
1851 794 1938 858 ad
1999 794 2204 860 aliam
2256 806 2527 861 coactus
2589 806 2690 861 est
2739 798 2967 860 uenire

453 982 457 986 .
540 895 1007 970 narrationem,
1069 898 1155 961 ab
1216 897 1345 961 illis
1419 899 1922 980 quaestionibus
1997 920 2169 982 quae
2245 909 2404 964 tunc
2479 898 2587 963 uel
2664 902 2968 964 maxime

478 1002 795 1072 Smoueri
845 1002 1261 1066 uidebantur.
1349 1003 1529 1084 quod
1591 1003 1795 1066 etiam
1858 1003 2243 1066 cautissime
2302 1005 2452 1087 quis
2505 1004 2671 1067 scire
2721 1005 2969 1086 poterit

542 1105 1157 1187 interpretationem
1192 1117 1489 1171 nostram
1524 1108 1897 1181 decurrens
1931 1127 2135 1190 quam
2168 1109 2254 1172 de
2286 1108 2652 1190 euangeliis
2684 1127 2964 1190 expres-

543 1209 707 1272 sisse
751 1209 877 1272 uisi
923 1229 1168 1273 sumus,

1279 1219 1348 1273 et
1393 1208 1622 1272 dicens
1669 1209 1782 1273 illa
1827 1230 2000 1292 quae
2045 1212 2537 1275 conueniebant
2583 1212 2965 1295 praecipere

543 1312 657 1387 εἰς,
697 1320 765 1375 et
812 1331 851 1374 a
900 1313 1142 1394 quibus
1188 1333 1260 1376 se
1305 1311 1613 1375 cohibere
1660 1311 1998 1389 deberent,
2039 1313 2204 1378 dicit
2257 1315 2733 1397 compendiose
2791 1334 2966 1398 quae

544 1414 900 1478 emendare
932 1434 1085 1478 eum
1122 1412 1244 1500 [in]
1281 1413 1588 1479 fidelibus
1621 1414 1991 1494 uidebatur,
2025 1415 2120 1480 ita
2150 1426 2224 1481 ut
2269 1417 2687 1499 diligentiam
2733 1438 2963 1482 eorum

440 1528 519 1576 10
544 1516 925 1583 adhiberet:

655 1670 829 1755 finis
858 1670 1126 1754 (inquit)
1146 1672 1473 1755 praecepti
1493 1683 1591 1737 est
1617 1673 1877 1750 caritas,
1907 1694 1987 1737 ex
2015 1673 2256 1736 mundo
2283 1672 2465 1738 corde
2492 1682 2556 1737 et
2579 1672 2963 1739 commentia

545 1773 707 1837 bona
727 1773 943 1858 etfide
971 1793 1095 1851 uon
1108 1773 1298 1856 ficta.

677 1900 1092 1982 ‘praecipere
1136 1909 1362 1963 autem
1410 1909 1478 1964 te
1521 1898 1629 1963 uel
1676 1898 1975 1965 maxime
2027 1900 2226 1983 cupio
2275 1899 2420 1978 illis,
2468 1901 2649 1984 quod
2696 1911 2766 1965 et
2810 1899 2965 1965 finis

547 2012 650 2067 est
703 2013 968 2067 nostrae
1019 2003 1379 2080 doctrinae,
1435 2013 1508 2067 ut
1559 2002 1912 2068 discedant
1958 2003 2046 2066 ab
2094 2004 2277 2066 omni
2331 2004 2722 2086 quaestione
2767 2023 2964 2081 uana,

444 2118 515 2184 15
548 2127 682 2171 non
714 2107 1065 2172 intendant
1095 2128 1252 2171 uero
1294 2107 1424 2171 illis
1464 2109 1577 2192 qui
1610 2107 1916 2172 sabulosa
1956 2109 2290 2192 quaedam
2337 2128 2601 2172 narrare
2642 2109 2966 2190 cupiunt;

547 2210 802 2275 saluam
846 2232 1004 2300 uero
1044 2223 1246 2295 atque
1288 2213 1617 2296 integram
1659 2214 2004 2277 caritatem
2051 2234 2209 2296 erga
2254 2232 2675 2277 communem
2727 2213 2967 2276 Domi-

549 2333 708 2377 num
741 2316 1139 2392 custodiant,
1171 2316 1423 2380 mundo
1454 2317 1654 2379 corde
1686 2326 1753 2379 et
1782 2315 2080 2398 perfecta
2115 2315 2559 2383 conscientia.'
2641 2325 2711 2382 et
2740 2326 2966 2380 osten·

650 2527 672 2563 ι
709 2528 800 2579 per
820 2513 908 2565 illa
928 2514 1037 2580 ipsa
1057 2515 1376 2580 generatione
1404 2515 1522 2567 CH
1574 2531 1668 2582 pro
1691 2516 1778 2568 Sec.
1809 2533 1842 2567 r
1865 2514 1874 2582 Ι
1903 2517 1968 2567 ad
1992 2517 2059 2567 D.
2086 2516 2259 2584 utique
2282 2535 2315 2568 r

2492 2532 2525 2584 9
2557 2517 2825 2569 emendare
2847 2532 2965 2568 eum

548 2596 634 2646 fid.
659 2596 864 2646 uidebat
891 2597 933 2647 C
950 2597 1019 2647 H
1075 2612 1171 2647 ern.
1200 2613 1313 2648 cum
1338 2596 1426 2647 fid.
1449 2598 1552 2648 uid.
1582 2612 1642 2647 r:
1677 2605 1755 2647 txt
1775 2599 1903 2662 conj.
1925 2600 2103 2665 Jacabi

621 2805 661 2839 ι.
753 2794 851 2853 per
871 2787 1015 2836 illam
1035 2788 1191 2852 tspsam
1208 2788 1593 2852 gtnerationem]
1614 2788 1711 2838 See

550 2885 631 2919 vv.
657 2868 710 2920 ll.
780 2869 894 2919 The
918 2869 1017 2920 Gk.
1048 2886 1209 2920 seems
1231 2878 1284 2920 to
1312 2871 1441 2921 have
1462 2872 1621 2922 been:
1656 2868 1710 2919 οὐ

548 2949 716 3013 μέντοι
748 2955 829 3002 διὰ
858 2957 944 3002 τοῦ
991 2952 1134 3003 αὐτοῦ
1172 2953 1280 3016 [the
1312 2955 1578 3004 translator
1617 2953 1710 3003 has

549 3037 765 3086 misread
791 3054 849 3087 or
877 3037 1246 3088 mistranslated
1285 3037 1373 3088 the
1409 3054 1619 3104 passage
1654 3052 1711 3086 as

550 3117 596 3166 if
623 3119 662 3167 it
683 3118 784 3168 had
807 3119 953 3168 stood
976 3116 1124 3169 αὐτοῦ
1154 3119 1265 3182 τοῦ]
1301 3118 1466 3183 γένους
1499 3118 1596 3168 ἀπὸ
1624 3114 1713 3168 τοῦ

551 3196 722 3258 napta,
752 3196 899 3243 ma.

619 3294 666 3341 3.
732 3277 804 3326 ad
829 3278 984 3326 aliam
1017 3282 1209 3327 coactus
1238 3284 1322 3337 est,
1349 3275 1464 3339 δια]
1519 3275 1704 3338 Comp.

552 3359 759 3408 Cramer
782 3358 835 3407 ii.
869 3374 958 3422 3²²
994 3357 1331 3421 προσηκόντως
1368 3359 1419 3407 δὲ
1450 3358 1477 3406 ὁ
1502 3359 1591 3416 μὲν
1624 3353 1715 3405 τοῦ

553 3442 682 3490 κατὰ
717 3441 881 3500 φύσιν,
921 3436 949 3489 ὁ
979 3441 1031 3490 δὲ
1065 3437 1154 3488 τοῦ
1188 3441 1316 3489 κατὰ
1354 3437 1501 3498 νόμον
1529 3440 1712 3502 πατρὸς

549 3518 812 3580 μέμνηται,
851 3521 928 3569 ἵνα
964 3521 1179 3580 δείξωσιν
1213 3519 1291 3569 ὅτι
1322 3522 1375 3581 ἐξ
1417 3517 1709 3583 ἀμφοτέρων

550 3600 647 3653 τῶν
671 3603 1026 3665 πατέρων...εἱς
1048 3605 1133 3653 τὸν
1169 3605 1327 3666 Δαβὶδ
1361 3600 1621 3665 ἀνατρέχει
1654 3600 1709 3651 ra

549 3689 705 3748 γένος·
756 3683 865 3736 ὅθεν
903 3686 999 3735 τῶν
1035 3687 1117 3734 δύο
1153 3688 1376 3749 πατέρων
1411 3687 1475 3734 εἰς
1511 3683 1599 3734 τόν
1647 3685 1706 3735 Δ.

548 3766 927 3831 ἀνατρεχόντων,
953 3768 1034 3817 καὶ
1065 3765 1314 3816 Ἰουδαίων
1352 3767 1433 3816 καὶ
1459 3763 1710 3825 Ἐλλήνων

551 3849 699 3899 πᾶσιν
720 3848 1005 3912 περιῄρηται
1028 3848 1139 3910 [Cr.
1170 3844 1490 3909 περιείρηται]
1526 3842 1708 3908 ἀμφισ-

550 3926 755 3992 βήτησις
779 3931 859 3978 καὶ
881 3927 1015 3978 ἅπαν
1033 3926 1328 3977 σκάνδαλον.

617 4008 667 4061 6.
732 4025 886 4075 quam
917 4010 975 4060 de
1005 4025 1185 4076 evang.
1215 4017 1350 4075 apr.
1378 4009 1480 4059 αἰεί
1508 4009 1573 4072 3.]
1624 4009 1708 4060 On

553 4092 639 4141 the
659 4091 890 4156 question
911 4091 1136 4142 whether
1159 4091 1255 4142 Th.
1277 4099 1432 4142 wrote
1446 4107 1515 4141 on
1531 4091 1599 4140 all
1623 4090 1709 4141 the

552 4171 663 4222 four
679 4171 909 4237 Gospels,
938 4187 1020 4222 see
1057 4172 1309 4222 Fritzsche
1340 4172 1399 4222 de
1443 4173 1538 4223 Th.
1574 4189 1627 4224 u.
1663 4179 1711 4221 et

551 4266 663 4310 scr..
685 4267 771 4318 pp.
796 4250 974 4316 63—4‚
1003 4254 1084 4317 84.

620 4346 665 4396 7.
733 4333 1201 4396 dz‘cerzs...deberent]
1270 4333 1422 4385 Cited
1464 4334 1533 4399 by
1571 4333 1705 4384 Lan-

550 4416 705 4473 frane,
746 4414 863 4464 who
905 4414 1138 4466 however
1186 4416 1478 4466 substitutas
1525 4420 1558 4445 ⁸⁴
1577 4415 1703 4466 diui·

551 4493 719 4546 dens”
757 4494 833 4545 sor
867 4496 1043 4555 dicens,
1072 4497 1172 4546 and
1215 4497 1251 4522 ‘⁴
1269 4493 1587 4546 debuerant”
1631 4495 1706 4545 sor

1805 2789 2048 2843 deberent.

1872 2888 1920 2939 9.
1987 2889 2113 2937 quae
2138 2873 2411 2930 emendare,
2436 2871 2549 2934 δια]
2595 2871 2748 2922 Some
2774 2885 2961 2921 correc-

1807 2950 1913 2999 tion
1936 2950 1979 2999 is
2001 2951 2185 3016 clearly
2206 2967 2479 3016 necessary.
2543 2951 2568 3000 1
2592 2952 2721 3000 have
2741 2951 2964 3017 adopted

1806 3033 1915 3082 that
1971 3033 2220 3097 proposed
2276 3032 2344 3095 by
2389 3032 2467 3082 Dr
2506 3032 2702 3097 Jacobi,
2752 3032 2963 3081 without

1807 3113 1959 3177 being
1996 3115 2136 3179 quite
2170 3112 2391 3162 satisfied
2430 3113 2497 3178 by
2535 3112 2590 3163 it.
2664 3113 2888 3176 Perhaps
2918 3110 2968 3162 ei

1809 3192 1929 3257 inf.
1952 3192 2135 3243 should
2157 3193 2222 3243 be
2244 3194 2365 3243 read
2386 3192 2463 3243 sor
2483 3193 2657 3257 cums:

1878 3293 1954 3327 11.
2031 3294 2094 3328 ex
2126 3271 2313 3326 mun'do
2350 3276 2512 3340 corde]
2581 3276 2745 3333 0.L.,
2779 3275 2957 3341 vulg„

1812 3358 1849 3383 “
1866 3359 1930 3407 de
1952 3358 2101 3408 corde
2125 3355 2303 3423 puro.''

1877 3451 1895 3485 ι
1905 3453 1952 3501 3.
2004 3436 2139 3501 finis
2172 3443 2245 3487 est
2289 3443 2484 3486 nostrae
2525 3435 2700 3498 docta]
2755 3436 2831 3500 By
2875 3433 2964 3495 τῆς

1807 3515 2145 3584 παραγγὲλίας
2182 3520 2279 3570 Th.
2321 3519 2507 3584 rightly
2534 3516 2865 3569 understands
2903 3519 2955 3569 S.

1809 3605 1932 3654 Paul
1961 3613 2014 3654 to
2046 3618 2195 3653 mean
2228 3602 2315 3652 the
2347 3601 2583 3665 teaching
2604 3599 2663 3650 os
2686 3600 2772 3650 the
2795 3600 2962 3664 Apos-

1806 3686 1899 3735 tles
1934 3684 1986 3733 in
2023 3682 2243 3749 general,
2287 3681 2480 3746 though
2514 3687 2605 3731 not
2648 3679 2861 3730 without
2894 3694 2960 3729 an

1805 3766 2019 3817 allusion
2058 3773 2112 3816 to
2146 3764 2232 3815 the
2269 3779 2358 3814 use
2401 3762 2460 3813 os
2497 3759 2863 3825 παραγγέλλειν
2906 3760 2960 3810 in

1804 3865 1854 3899 v.
1880 3865 1926 3913 3.
1999 3849 2015 3875 ‘
2035 3849 2060 3898 1
2084 3848 2210 3898 wish
2232 3847 2349 3897 thee
2382 3853 2435 3896 to
2458 3844 2628 3910 enjoin
2660 3844 2768 3893 that
2795 3842 2961 3893 which

1802 3928 1846 3979 is
1868 3929 1954 3979 the
1976 3928 2074 3978 end
2092 3927 2192 3977 and
2215 3927 2316 3976 aim
2339 3926 2398 3976 os
2424 3924 2492 3975 all
2517 3923 2770 3974 Christian
2793 3923 2959 3973 tench-

1804 4008 1907 4074 ing,
1944 4007 2075 4068 love,
2116 4006 2320 4070 flowing
2352 4005 2481 4055 from
2525 4003 2693 4069 purity
2734 4002 2795 4054 os
2818 4002 2962 4053 beart

1803 4092 1904 4142 and
1921 4107 1952 4140 a
1967 4090 2100 4155 good
2124 4088 2449 4139 conscience-³
2503 4087 2590 4144 Se,
2605 4086 2658 4136 in
2676 4086 2955 4144 substance,

1803 4174 1889 4224 the
1926 4172 2071 4223 other
2106 4170 2207 4221 Gk.
2239 4174 2661 4228 commentatorsg
2709 4166 2956 4230 Pelagius,

1804 4269 1870 4302 on
1900 4252 1987 4301 the
2022 4249 2167 4301 other
2187 4248 2344 4305 hand,
2368 4247 2541 4297 thinks
2574 4244 2757 4309 chiefly
2787 4244 2847 4296 os
2875 4246 2962 4297 the

1805 4334 2002 4383 Mosaic
2022 4332 2136 4393 law,
2169 4329 2335 4379 which
2360 4328 2445 4379 the
2463 4327 2721 4392 Judaizers
2741 4327 2962 4378 abused:

1807 4409 2482 4477 “finispraecepti...caritas
2515 4408 2614 4457 Dei
2644 4413 2694 4457 et
2724 4406 2955 4473 proximi,

1803 4494 1854 4543 in
1879 4508 1977 4558 qua
1998 4497 2105 4542 tota
2127 4489 2207 4541 lex
2230 4489 2415 4556 pendet
2439 4496 2487 4539 et
2511 4483 2841 4553 prophetae.”
