3221 5116
521 378 642 457 156
1183 391 1641 443 THEODORUS
1690 390 2276 442 MOPSUESTENUS
2635 376 2745 460 [V.
2786 390 2837 456 5,
2870 375 2929 439 6.

508 564 909 644 properabat
982 566 1160 629 enim
1222 568 1459 631 docere
1519 566 1838 650 quoniam
1901 565 2051 628 illae
2111 564 2292 628 solae
2346 564 2596 627 debent
2656 574 2930 647 sumptu

508 669 957 734 ecclesiastico
990 669 1238 744 nutriri,
1276 689 1448 751 quae
1480 670 1751 733 aliunde
1791 667 2177 731 alimoniam
2204 668 2450 730 habere
2475 668 2748 730 minime
2779 688 2938 750 pos-

510 772 659 836 sint.
706 774 761 835 si
793 774 991 856 igitur
1021 774 1224 836 uidua
1256 772 1427 835 filios
1457 782 1573 836 aut
1606 782 1884 854 nepotes
1905 770 2126 847 habet,
2161 772 2423 833 discant
2456 771 2548 833 illi
2582 772 2694 853 qui
2728 792 2817 835 ex
2850 794 2932 835 ea

512 876 649 938 nati
693 885 847 939 sunt
888 876 1063 940 alere
1107 884 1386 938 matrem
1434 876 1574 937 siue
1616 875 1839 937 auiam
1865 871 1925 951 ς*
1971 874 2128 955 quia
2164 872 2292 936 hoc
2340 874 2554 956 magis
2606 874 2927 956 placitum

448 989 611 1063 5est
659 979 808 1043 Deo
852 990 927 1044 ut
970 981 1056 1043 ab
1102 979 1230 1042 illis
1276 981 1667 1056 nutriantur,
1707 987 1775 1041 et
1829 998 1961 1041 non
2013 978 2530 1042 ecclesiasticum
2586 979 2930 1060 indigeant

510 1082 838 1146 solatium.
929 1084 1171 1146 deinde
1231 1083 1393 1145 dicit
1452 1084 1537 1145 de
1597 1081 1728 1144 illis
1787 1081 2008 1144 uiduis
2068 1100 2236 1162 quas
2289 1101 2443 1144 uere
2496 1081 2734 1145 uiduas
2784 1102 2930 1144 esse

511 1188 873 1265 existimat,
908 1189 1134 1252 dicens
1164 1209 1179 1250 ε

641 1377 806 1439 quae
858 1368 1075 1421 autem
1136 1378 1282 1420 uere
1338 1356 1548 1419 uidua
1604 1365 1700 1418 est
1754 1364 1818 1418 et
1873 1353 2178 1430 desolata,
2221 1364 2432 1436 speret
2476 1353 2546 1417 in
2600 1353 2817 1416 Deum
2867 1362 2934 1415 et

496 1469 883 1540 permaneat
912 1462 980 1524 in
1009 1461 1296 1525 oratione
1323 1470 1387 1524 et
1413 1461 1840 1543 deprecatione
1871 1468 2042 1523 nocte
2068 1468 2134 1523 et
2159 1459 2280 1522 die.

409 1620 488 1667 10
642 1599 917 1662 euidens
948 1608 1050 1662 est
1081 1602 1259 1682 quod
1304 1621 1530 1663 ueram
1573 1601 1847 1664 uiduam
1890 1602 2152 1665 duobus
2197 1601 2283 1663 ab
2328 1599 2544 1662 causis
2591 1598 2932 1661 ecclesias-

512 1700 646 1762 tico
696 1711 967 1783 sumptu
1011 1702 1156 1764 uult
1205 1703 1475 1780 nutriri;
1524 1724 1752 1778 unum,
1801 1713 1875 1765 ut
1914 1710 1982 1765 et
2034 1703 2326 1765 moribus
2374 1702 2460 1764 sit
2518 1702 2824 1764 ordinata
2863 1709 2941 1765 et-

511 1806 868 1868 uirtutibus
916 1805 1314 1881 inlustrata3
1378 1805 1681 1880 alterum,
1741 1826 1821 1868 eo
1882 1807 2061 1887 quod
2118 1807 2202 1869 ad
2268 1805 2541 1887 plenum
2591 1799 2930 1871 neminem

512 1910 777 1972 uidetur
827 1909 1071 1972 habere
1123 1911 1235 1991 qui
1297 1910 1714 1992 diligentiam
1776 1910 1835 1973 ei
1897 1910 2233 1974 adhibeat.
2322 1910 2486 1974 haec
2546 1921 2769 1974 autem
2831 1922 2935 1975 est

512 2031 658 2074 uere
700 2012 922 2087 uidua,
976 2032 1148 2093 quae
1202 2013 1648 2095 propinquum
1700 2035 1834 2076 non
1883 2012 2086 2076 habet
2133 2023 2200 2076 et
2246 2034 2364 2095 per
2409 2035 2608 2077 omne
2664 2023 2933 2097 tempus

410 2139 480 2203 15
513 2116 693 2179 uitae
724 2138 882 2180 suae
916 2117 1073 2179 solis
1104 2127 1300 2181 uacat
1331 2118 1761 2182 orationibus

643 2299 804 2360 quae
831 2288 1045 2341 autem
1078 2278 1147 2342 in
1179 2276 1425 2341 deliciis·
1468 2286 1576 2354 est,
1610 2276 1772 2339 uiua
1815 2286 2078 2339 mortua
2106 2286 2220 2340 est.

645 2414 732 2476 ‘si
776 2414 998 2497 aliqua
1035 2415 1279 2477 amisso
1322 2414 1464 2477 uiro
1505 2414 1572 2476 in
1610 2414 1939 2476 uiduitate
1980 2433 2051 2475 se
2089 2412 2440 2495 persistere
2485 2413 2815 2495 promittit
2867 2424 2939 2477 et

513 2519 897 2583 deliciosam
938 2528 1207 2583 exercet
1247 2520 1475 2597 uitam,
1511 2528 1774 2582 mortua
1815 2528 1917 2581 est
1957 2517 2168 2601 magis
2196 2538 2398 2600 quam
2446 2519 2622 2597 uiua,
2668 2518 2821 2581 licet
2877 2518 2933 2580 si

513 2703 740 2790 χῆραι.
851 2700 1103 2773 σκοπὸς
1150 2701 1280 2788 «γὰρ
1321 2702 1500 2790 αὐτῷ
1553 2700 1814 2786 διδάξαι
1861 2699 1967 2767 ὅτι
2018 2702 2259 2766 ἐκεῖναι
2301 2698 2498 2784 μόναι
2541 2704 2656 2782 τῆς
2701 2703 2937 2782 ἐκκλη-

404 2822 490 2868 20
517 2807 869 2884 σιαστικῆς
907 2803 1282 2889 ἐπιμελείας
1324 2804 1677 2889 ἀξιοῦσθαι
1716 2803 2126 2891 ὀφείλουσιν,
2158 2803 2264 2875 αῖς
2302 2803 2509 2875 οὐδεὶς
2553 2804 2937 2888 κηδεμονίας

517 2906 827 2993 ἑτέρωθεν
861 2906 1349 2973 ὑπολέλειπται
1387 2906 1648 2993 τρόπος.
1751 2905 1868 2972 εἰὶν
1899 2906 2119 2972 τοίνυν
2153 2904 2413 2992 (φησὶν)
2457 2906 2499 2992 ᾗ
2530 2907 2712 2997 χήρα
2741 2906 2939 2974 τέκνα

1829 3007 1846 3031 Ο
1909 3008 1924 3031 9
1984 3006 2000 3029 ἳ
2059 3010 2077 3033 1

513 3112 786 3179 λεῖα-θαι
831 3115 946 3194 τῆς
987 3112 1233 3200 μητρὸς
1277 3114 1423 3195 ἤτοι
1468 3116 1588 3195 τῆς
1629 3111 1916 3196 μάμμκης.

621 3292 639 3325 1
678 3276 764 3325 ille
787 3275 894 3325 sole
932 3276 975 3325 C
985 3274 1010 3300 ‘
1037 3275 1105 3324 H
1270 3292 1299 3341 3
1332 3284 1418 3325 aut
1445 3275 1553 3340 (bes
1564 3275 1654 3337 fil.)
1678 3275 1789 3324 add
1804 3275 1847 3325 C
1867 3292 1900 3324 r
2062 3290 2089 3339 5
2125 3275 2407 3325 nutrientur
2432 3274 2508 3326 C‘
2540 3273 2551 3340 Ι
2579 3276 2934 3335 ecclesiastico,

515 3358 695 3409 solatio
718 3376 751 3408 r
1019 3360 1049 3407 8
1083 3367 1249 3423 sperat
1274 3376 1305 3408 r
1562 3375 1594 3424 9
1629 3361 1781 3409 instat
1803 3360 2230 3409 obsecrationibus
2252 3368 2301 3410 et
2323 3359 2630 3410 orationibus
2653 3377 2684 3409 r
2708 3359 2715 3424 Ι
2745 3376 2805 3410 ac
2828 3359 2943 3425 (fhr

515 3448 565 3490 et
589 3438 703 3504 [2⁰])
729 3456 762 3489 r
950 3456 1009 3489 10
1041 3441 1237 3489 duobus
1260 3440 1326 3490 ob
1349 3456 1402 3490 c.
1420 3440 1568 3490 CUI
1624 3441 1818 3490 duabus
1841 3441 1909 3490 ob
1930 3457 1976 3490 e.
2006 3442 2050 3490 C
2070 3442 2219 3503 (corr)
2285 3441 2480 3490 duabus
2502 3457 2564 3491 ex
2586 3458 2631 3493 c.
2658 3458 2691 3491 r
2878 3457 2937 3506 ¹4

516 3538 635 3572 uera
656 3523 725 3572 H
915 3524 973 3572 18
1006 3521 1100 3571 etsi
1124 3522 1239 3586 (for
1257 3522 1301 3571 si
1321 3525 1391 3585 et)
1415 3524 1484 3572 H

514 3656 623 3714 μεῖν
644 3654 828 3715 μητέρα
850 3650 882 3713 ἦ
905 3654 1118 3714 μάμμην,
1151 3653 1383 3718 Thpht.].
1452 3659 1466 3681 ‘
1481 3657 1559 3703 καὶ
1577 3657 1677 3705 τοῖς

516 3738 801 3802 προγόνοις,’
826 3740 1078 3788 τουτέστιν
1129 3738 1194 3799 τῇ
1226 3740 1413 3800 μάμμῃ.
1477 3741 1674 3801 προστί-

517 3824 658 3880 θησιν
680 3822 758 3869 καὶ
779 3820 1033 3881 λογισμόν·
1079 3823 1093 3846 ⁴
1112 3816 1185 3867 ὅτι
1205 3821 1285 3866 καὶ
1306 3819 1377 3879 τῷ
1412 3818 1506 3878 θεῷ
1534 3821 1676 3868 τοῦτο

517 3899 822 3950 ἀποδεκτόν]
890 3901 1141 3950 Lansranc
1164 3901 1287 3949 cites
1308 3901 1366 3949 de
1375 3900 1523 3963 filiis,
1548 3902 1640 3951 διο.

583 3999 631 4032 2.
710 3984 1031 4045 alimoniam]
1085 3983 1305 4043 R'o‘nsch,
1336 3984 1485 4042 Itala,
1511 3999 1559 4047 p.
1594 3985 1674 4032 28.

583 4066 630 4114 8.
718 4071 885 4127 speret,
952 4065 1266 4127 permaneat]
1366 4065 1436 4115 So
1492 4065 1670 4114 Ambr.

519 4144 576 4209 (“
594 4153 776 4209 speret,
803 4144 1034 4205 instet’')‚
1052 4146 1151 4194 and
1177 4145 1346 4196 Sedul.
1371 4146 1505 4195 Scot.
1537 4145 1677 4207 (“in-

517 4234 613 4275 stet
634 4225 707 4286 '’);
734 4227 999 4286 Ambrstr.‚
1035 4228 1071 4253 “
1089 4235 1269 4291 sperat,
1298 4225 1674 4291 instat‚”Aug.,

519 4308 804 4371 “sperauit,
850 4307 1123 4372 persistit,”
1165 4309 1334 4371 Vulg„
1386 4312 1416 4335 ‘⁸
1438 4310 1672 4373 sperauit,

518 4387 723 4438 instat.’‘
790 4389 857 4437 In
879 4390 1097 4438 oratione
1124 4397 1171 4437 et
1200 4391 1335 4452 depr.
1363 4391 1487 4448 (ταῖς
1511 4388 1678 4448 δεήσε-

518 4488 594 4521 σιν
621 4472 701 4519 καὶ
722 4472 823 4519 ταῖς
848 4471 1182 4532 προσευχαῖς).
1241 4472 1310 4519 So
1335 4471 1507 4521 Sedul.
1534 4473 1674 4521 Scot.

1779 3650 2155 3714 (“orationi’');
2183 3653 2355 3716 Vulg„
2380 3653 2855 3704 “observationibus
2887 3664 2937 3706 et

1777 3733 2138 3784 orationibus.’'
2236 3735 2348 3784 The
2402 3751 2587 3784 comm.
2642 3736 2804 3787 shews
2870 3754 2938 3789 no

1777 3824 1912 3865 traee
1936 3816 1994 3865 os
2019 3816 2179 3866 either
2200 3815 2259 3864 of
2286 3815 2371 3864 the
2403 3817 2739 3879 peculiarities
2772 3818 2938 3868 which
2995 3832 3000 3837 ·

1777 3899 1906 3948 have
1929 3899 2083 3948 found
2108 3899 2237 3948 their
2259 3913 2369 3962 way
2391 3899 2499 3948 into
2528 3900 2615 3948 the
2641 3900 2938 3950 translation

1777 3981 1836 4028 of
1853 3981 1938 4030 the
1962 3987 2101 4040 text3
2137 3979 2202 4028 cf.
2239 3978 2401 4043 infra,
2425 3979 2480 4027 ll.
2503 3995 2586 4042 14,
2617 3994 2693 4039 15.

1849 4076 1921 4112 10.
1993 4063 2180 4112 duobus
2200 4063 2262 4111 ab
2282 4063 2466 4124 causis]
2534 4064 2755 4125 Romen,
2783 4066 2938 4123 Itala,

1778 4160 1829 4209 P·
1857 4157 1970 4207 277·

1850 4226 1925 4277 16.
1992 4244 2120 4291 quae
2140 4228 2326 4289 autem]
2363 4228 2433 4277 So
2454 4228 2519 4277 Ο.
2550 4229 2629 4289 Ι,.,
2656 4229 2783 4279 aster
2806 4229 2934 4289 Gk.;

1781 4306 2047 4366 Ambrstr.,
2077 4307 2245 4371 Vulg.‚
2281 4310 2446 4357 “nam
2471 4325 2612 4372 quae.
2625 4307 2654 4329 '⁹
2691 4310 2792 4359 For
2809 4313 2937 4360 uiua

1781 4388 1970 4448 (ζῶσα),
2006 4389 2091 4438 the
2127 4391 2275 4439 Latin
2310 4391 2534 4441 versions
2568 4409 2709 4443 more
2743 4395 2940 4460 exactly

1776 4473 1956 4521 render
1979 4478 1991 4499 ⁸
2003 4476 2016 4499 ‘
2035 4472 2266 4524 m'uens.''
