3221 5116
305 371 434 438 111.
465 371 685 458 4--7.]
873 388 957 439 m
1006 389 1112 443 ΕΡ.
1159 389 1262 440 AD
1308 388 2059 442 THESSALomcENssss
2107 388 2186 440 11.
2638 371 2720 439 δι

432 578 591 623 nam
637 559 800 623 dum
840 560 1021 637 dicit,
1073 581 1147 624 se
1187 560 1275 625 de
1318 560 1415 625 eis
1459 561 1710 625 bonam
1754 559 2002 625 habere
2044 558 2533 651 confidentiam·
2563 580 2729 643 quo-

301 664 484 729 niam
525 683 795 728 omnem
827 665 969 728 eius
1000 664 1371 728 doctrinam
1404 683 1556 728 cum
1587 662 2033 729 sollicitudine
2064 664 2368 741 efficient,
2400 663 2729 727 sufficiens

301 778 404 832 est
453 777 523 832 et
571 767 929 833 exhortare
974 768 1143 843 illos,
1191 779 1266 833 ut
1318 769 1702 852 opinionem
1764 789 1955 834 suam
2013 789 2216 853 opere
2265 768 2525 833 firmam
2583 788 2730 832 esse

300 871 684 937 ostendant.
774 881 844 937 et
875 874 1115 937 iterum
1150 880 1299 937 orat
1323 892 1445 956 pro
1476 872 1608 936 illis
1638 873 1908 938 dicens:

430 993 762 1058 Dominus
817 1001 1034 1057 autem
1094 991 1352 1075 dirigat
1397 991 1590 1057 corda
1642 1001 1862 1058 uestra
1913 992 1986 1058 in
2031 993 2303 1059 caritate
2346 994 2494 1073 Dei,
2544 1006 2608 1062 et
2657 995 2728 1061 in
2803 1007 2835 1076 5

282 1098 618 1182 patientia
656 1098 920 1165 Christi.

435 1214 451 1245 ‘
478 1212 826 1294 contingat
874 1211 1066 1275 uobis
1115 1210 1183 1274 in
1233 1231 1312 1275 ea
1364 1229 1756 1293 permanere
1809 1209 2088 1276 caritate
2138 1230 2314 1294 quae
2366 1231 2525 1296 erga
2572 1231 2727 1276 eum

299 1321 424 1389 est,
468 1314 830 1379 tolerantes
876 1315 1138 1380 etiamsi
1185 1323 1254 1378 et
1299 1314 1557 1399 aliquid
1607 1315 1966 1408 con-ueniat
2009 1335 2132 1399 pro
2176 1337 2259 1381 eo
2307 1312 2488 1399 pati.’
2571 1337 2726 1381 nam

300 1419 485 1500 quod
526 1417 703 1482 dixit
730 1418 866 1483 Dei
890 1427 955 1482 et
985 1418 1251 1495 Christi,
1298 1419 1366 1482 in
1407 1439 1764 1484 commune
1806 1420 1873 1485 id
1915 1422 2207 1504 positum
2256 1441 2402 1486 esse
2443 1422 2727 1502 uidetur,

298 1520 371 1583 id
404 1529 528 1596 est,
562 1530 577 1557 ‘
601 1521 669 1584 in
700 1523 981 1586 caritate
1011 1529 1080 1585 et
1110 1521 1473 1604 patientia!
2763 1546 2841 1595 10

414 1639 854 1724 praecipimus
909 1650 1127 1705 autem
1185 1641 1381 1720 uobis,
1426 1641 1706 1726 fratrer,
1763 1641 1834 1708 in
1886 1643 2144 1709 nomine
2199 1642 2457 1709 domini
2521 1644 2734 1709 nostri

294 1741 450 1806 Iesu
484 1742 747 1821 Ckrzkti,
780 1753 857 1807 ut
887 1742 1295 1808 subtrahatis
1330 1764 1447 1808 uos
1485 1745 1568 1810 ab
1608 1743 1794 1810 omni
1814 1746 2049 1828 fratre
2089 1746 2460 1811 inordinate
2499 1747 2727 1812 ambu-

296 1847 489 1934 lante,
519 1857 583 1911 et
609 1867 734 1910 non
762 1846 1109 1911 secundum
1142 1839 1555 1913 traditionem
1584 1871 1784 1931 quam
1814 1861 2181 1935 acceperunt
2204 1872 2249 1915 α
2278 1851 2478 1917 nobiS.

431 1958 823 2024 manifestus
869 1967 970 2022 est
1017 1957 1126 2022 hic
1178 1961 1526 2024 euidenter
1578 1960 1665 2024 de
1710 1962 2221 2045 indisciplinatis
2266 1964 2507 2043 dicere,
2558 1983 2726 2047 quos

296 2073 369 2128 et
416 2062 846 2128 uehementer
888 2062 1174 2145 corripit,
1206 2064 1620 2146 praecipiens
1661 2065 1866 2131 etiam
1910 2074 1982 2129 ut
2026 2086 2066 2129 a
2107 2065 2463 2149 conloquio
2494 2086 2722 2129 eorum
2761 2082 2831 2149 15

299 2188 449 2231 sese
493 2167 865 2232 cohibeant.
954 2166 1084 2230 hoc
1130 2168 1309 2231 enim
1352 2176 1457 2231 est
1500 2168 1684 2250 quod
1732 2169 1941 2234 dicit:
1984 2181 2274 2253 separate
2313 2169 2419 2234 uel
2466 2170 2727 2235 subtra-

296 2271 433 2336 hite
481 2293 641 2347 uos,·
701 2270 829 2336 hoc
882 2279 1001 2344 est,
1059 2271 1472 2336 ‘adcelerate
1516 2292 1862 2338 secernere
1906 2294 2028 2337 uos
2079 2274 2168 2338 ab
2214 2273 2345 2338 illis
2389 2274 2504 2358 qui
2557 2273 2726 2338 tales

295 2377 490 2440 sunt?
579 2385 646 2440 et
679 2385 752 2439 ut
784 2396 869 2440 ne
902 2376 1244 2441 uideretur
1276 2377 1481 2440 uerbo
1516 2385 1782 2441 tantum
1815 2378 1884 2441 id
1915 2378 2219 2443 tradere:

432 2488 565 2572 ipsi
586 2488 758 2552 enim
787 2489 969 2553 scitis·
1003 2489 1545 2572 quemadmodum
1590 2500 1870 2575 oporteat
1913 2489 2175 2555 imitari
2211 2510 2327 2554 nos
2342 2513 2374 2570 ,·
2419 2488 2726 2575 quoniam

296 2613 426 2657 non
458 2592 736 2675 inquieti
742 2592 1019 2672 suimus
1050 2593 1119 2658 in
1150 2592 1348 2660 uobis.
2753 2614 2840 2661 20

404 2751 425 2787 r
463 2742 514 2787 et
548 2737 656 2802 (bes
672 2737 931 2803 quoniam)
963 2736 1069 2786 add
1090 2737 1180 2786 Cr
1449 2751 1478 2786 ο
1513 2737 1735 2789 efficiens
1767 2739 1882 2804 (sor
1912 2737 2149 2800 efficient)
2179 2737 2251 2789 C‘
2265 2738 2328 2789 H
2340 2754 2373 2789 r
2436 2738 2656 2790 efficiant
2684 2739 2730 2789 C

298 2819 449 2887 (corr)
658 2836 687 2885 3
722 2821 973 2872 exhortari
1001 2822 1047 2872 C
1065 2820 1215 2882 (corr)
1416 2819 1449 2870 6
1481 2821 1535 2872 in
1557 2822 1665 2886 (bes
1677 2828 1782 2887 pat.
1812 2819 1959 2886 Chr.)
1980 2821 2086 2871 add
2101 2839 2134 2871 r
2334 2833 2361 2885 7
2395 2837 2553 2887 perm.
2583 2820 2637 2872 in
2666 2837 2727 2871 ea

299 2918 402 2954 car.
430 2904 476 2954 C
488 2920 521 2952 r
581 2919 741 2968 perm.
767 2904 820 2953 in
842 2904 930 2954 illa
951 2921 993 2955 c.
1020 2905 1047 2954 l
1192 2921 1244 2956 11
1284 2905 1638 2956 denuntiamus
1664 2903 1779 2967 (for
1796 2904 2150 2969 praecipimus)
2175 2919 2208 2953 r
2341 2919 2400 2966 14
2436 2903 2728 2953 manifestus

297 2991 377 3036 est
396 2985 516 3036 hinc
543 2985 615 3036 C*
681 2987 999 3038 manifestum
1038 2995 1113 3038 est
1155 2987 1240 3037 hic
1284 2989 1328 3038 C
1365 2990 1515 3049 (corr)
1580 2986 1902 3037 manifestum
1924 2994 1999 3036 est
2021 2987 2139 3035 hinc
2162 2986 2265 3036 Ην
2480 2998 2540 3048 15
2573 2986 2725 3038 etiam

299 3074 352 3118 et
376 3065 475 3133 (afl
493 3066 564 3130 ut)
588 3067 696 3117 add
717 3068 841 3119 CH
1047 3067 1108 3117 16
1139 3068 1237 3118 hoc
1259 3075 1334 3119 est
1357 3069 1492 3120 enim
1515 3084 1551 3117 r
1747 3070 1807 3119 18
1840 3068 1910 3118 ait
1936 3068 2031 3133 (ast
2051 3064 2266 3132 tradere)
2289 3067 2396 3116 add
2413 3083 2447 3117 r

368 3197 416 3231 ιι.
481 3180 721 3246 sufficiens
740 3187 822 3243 est,
858 3181 975 3243 δια]
1040 3181 1216 3231 Thdt.=
1252 3182 1319 3231 εἰς
1347 3199 1462 3245 προ-
1564 3181 1707 3232 takes
1729 3197 1797 3231 no
1819 3181 1986 3232 notice
2007 3180 2068 3230 of
2083 3180 2181 3231 this
2195 3180 2471 3232 somewhat
2492 3180 2727 3232 doubtful

299 3262 487 3324 τροπὴν
519 3260 678 3312 αὐτῶν
708 3266 932 3325 τέθεικεν,
976 3265 1057 3312 ἵνα
1093 3265 1327 3322 μαθόντες
1364 3266 1466 3315 οἵας
1565 3265 1832 3316 reference.

300 3345 408 3406 ἔχει
430 3343 571 3405 δόξας
591 3347 703 3409 περὶ
739 3342 895 3395 αὐτῶν
927 3348 1026 3397 τοῖς
1061 3350 1218 3411 ἔργοις
1252 3348 1461 3410 βεβαιῶ·
1636 3360 1710 3397 12.
1776 3344 2081 3406 inordinate]
2127 3345 2198 3397 So
2218 3346 2266 3394 Α
2273 3359 2367 3403 m.;
2402 3345 2572 3406 field„
2599 3344 2726 3394 aster

302 3441 455 3475 cww
467 3428 663 3477 ταύτας.
1563 3428 1720 3492 Aug„
1755 3426 2077 3494 “inquiete.”
2139 3426 2728 3492 Acceperunt=raptss>xoe=

371 3517 416 3568 7.
483 3506 1030 3570 contingat...uidetur]
1085 3507 1237 3557 Cited
1253 3508 1462 3572 byLan-

302 3585 455 3636 franc.

368 3681 415 3732 9.
482 3668 619 3732 quod
664 3669 713 3719 d.
766 3673 778 3697 ⁴
798 3670 904 3719 Dei
954 3676 1003 3720 et
1060 3668 1292 3730 Christi)
1347 3669 1463 3732 &c.]

300 3753 414 3803 The
448 3755 685 3816 meaning
716 3768 877 3802 seems
900 3760 954 3801 to
977 3753 1041 3802 be
1073 3753 1179 3802 that
1218 3753 1272 3803 S.
1299 3753 1464 3802 Paul's

302 3836 469 3884 words
492 3850 577 3884 are
607 3835 661 3884 in
684 3834 831 3884 effect
855 3835 938 3884 the
962 3851 1099 3884 same
1130 3851 1184 3884 as
1209 3836 1251 3884 if
1276 3835 1342 3885 he
1363 3834 1465 3884 had

301 3915 501 3966 written
534 3918 600 3966 εἰς
638 3914 728 3975 τήν
757 3914 956 3977 ἀγάπην
984 3918 1064 3964 καὶ
1100 3915 1341 3975 ὑπομονὴν
1377 3914 1468 3965 τοῦ

302 4000 414 4047 θεοῦ
449 4001 528 4047 καὶ
558 4001 647 4048 τοῦ
667 3998 899 4061 Χριστοῦ.
971 3999 1051 4048 Cf.
1077 3998 1219 4048 Th.’s
1242 3998 1464 4049 remarks

301 4095 369 4129 on
416 4080 532 4130 Gal.
579 4080 614 4128 i.
654 4094 702 4130 α.
774 4081 913 4129 Most
958 4080 1016 4130 os
1054 4081 1139 4130 the
1184 4080 1286 4130 Gk.
1328 4097 1461 4130 com-

301 4168 593 4218 mentator&
617 4161 875 4225 following
900 4161 985 4211 the
1014 4162 1130 4212 lead
1161 4162 1219 4212 of
1248 4163 1301 4212 S.
1326 4164 1464 4212 Basil

303 4244 380 4304 (de
424 4245 510 4308 Sp.
551 4260 591 4292 s.
635 4243 735 4307 αι),
785 4246 960 4309 regard
1008 4245 1108 4294 this
1153 4261 1290 4295 verse
1334 4262 1390 4295 as
1433 4261 1465 4296 a

303 4341 480 4390 prayer
509 4334 562 4375 to
585 4324 671 4375 the
698 4325 839 4390 Holy
862 4326 1043 4390 Spirit3
1078 4328 1197 4386 Th„
1226 4328 1460 4377 notwith-

301 4405 539 4468 standing
581 4405 661 4454 his
704 4415 899 4455 earnest
946 4406 1236 4470 opposition
1281 4414 1334 4456 to
1380 4407 1465 4456 the

306 4485 757 4536 Pneumatomachi
804 4484 863 4548 (1.
906 4502 957 4551 p.
1000 4502 1108 4552 ¹9⁴·
1154 4488 1187 4537 l.
1227 4485 1275 4546 6,
1308 4487 1465 4551 note),

1561 3512 1669 3573 βου,
1700 3510 1785 3560 the
1817 3510 2024 3574 reading
2052 3510 2112 3559 os
2138 3510 2317 3574 Chrys.
2349 3508 2450 3558 and
2480 3509 2540 3557 os
2567 3508 2724 3556 Thdt.

1562 3589 1636 3638 ad
1652 3590 1702 3639 Ιι.
1723 3589 1762 3637 l.
1831 3589 1903 3640 So
1927 3590 1992 3640 O.
2024 3591 2083 3639 L.
2109 3589 2403 3656 (generally)
2422 3589 2522 3638 and
2541 3588 2688 3652 Vulg.
2710 3606 2726 3649 ς

1566 3671 1842 3732 Ambrstr.‚
1872 3676 1903 3700 ‘⁸
1921 3670 2235 3737 accepistis.”

1638 3751 1711 3803 16.
1783 3754 1870 3803 hoc
1897 3755 2029 3803 enim
2069 3760 2142 3803 est
2176 3753 2312 3817 quod
2337 3751 2385 3801 d.
2430 3753 2675 3815 ‘separate
2690 3752 2724 3814 ’]

1564 3833 1692 3882 This
1712 3833 1981 3898 rendering
2002 3832 2061 3882 of
2086 3834 2385 3882 στέλλεσθαι
2414 3834 2728 3882 occurs'also

1563 3913 1615 3964 in
1639 3915 1726 3965 the
1749 3916 1948 3965 treatise
1968 3917 2027 3964 de
2045 3915 2229 3978 singul.
2246 3916 2403 3963 cleric.
2427 3916 2653 3964 ascribed
2673 3925 2727 3965 to

1564 4001 1620 4050 S.
1641 4000 1862 4063 Cyprian
1881 3997 2100 4058 (Hartel,
2123 4009 2212 4046 111.
2231 4012 2281 4060 p.
2306 3996 2452 4060 212);
2470 3997 2718 4047 Ambrstr.

1562 4081 1704 4144 gives
1743 4079 1984 4128 “secerni
2007 4075 2154 4127 uos.''
2212 4077 2356 4126 With
2388 4076 2535 4127 Th.'s
2557 4078 2727 4143 expla-

1564 4161 1738 4210 nation
1777 4158 1841 4209 cs.
1883 4158 2060 4208 Thdt.:
2095 4160 2152 4207 τὸ
2183 4159 2478 4207 στέλλεσθαι
2509 4157 2613 4208 ἀντὶ
2641 4151 2730 4208 τοῦ

1564 4244 1856 4306 χωρίζεσθαι
1878 4243 2104 4301 τέθεικεν,
2126 4242 2226 4299 and
2248 4257 2415 4306 comp.
2441 4241 2553 4290 Gal.
2582 4243 2631 4291 ii.
2667 4258 2723 4292 12

1562 4320 1880 4384 (ὑπέστελλεν
1902 4321 2071 4370 ἑαυτόν
2083 4342 2126 4363 =
2136 4321 2447 4369 subtrahebat
2465 4322 2709 4384 sapsam).

1634 4420 1713 4455 20.
1783 4405 1840 4454 in
1864 4404 2020 4465 uobis]
2043 4404 2110 4454 O.
2138 4405 2197 4454 L.
2221 4404 2321 4453 and
2345 4402 2518 4466 Vulg„
2548 4408 2579 4432 ‘⁴
2600 4403 2729 4453 inter

1573 4484 1718 4536 u08.”
