3221 5116
335 363 424 428 11.
470 381 564 442 11,
606 363 724 447 12.]
1046 378 1127 427 1N
1178 378 1282 428 ΕΡ.
1329 377 1431 427 AD
1478 377 1942 429 TIMOTHEUM
1993 378 2038 427 1.
2663 379 2746 446 93

332 545 615 610 multam
660 546 977 611 habentia
1019 548 1460 611 differentiam
1508 547 1594 611 ad
1644 546 1757 611 illa
1803 557 2218 626 ornamenta,
2265 547 2595 631 siquidem
2635 545 2754 609 illa

330 660 724 715 ornamenta
769 653 1258 735 uituperatione
1303 652 1519 735 magis
1563 652 1770 736 digna
1811 660 1985 728 sunt,
2027 652 2156 715 hoc
2196 672 2355 715 uero
2400 670 2751 715 ornamen-

329 763 492 817 tum·
544 757 914 820 necessario
963 756 1228 819 laudem
1282 756 1591 839 adquirit.
1697 755 2179 819 intendendum
2238 765 2343 820 est
2403 763 2628 818 autem
2684 753 2752 816 in

331 859 620 940 apostoli
652 861 1068 924 sermonibus
1100 860 1417 943 quoniam
1444 861 1509 923 in
1548 859 2043 923 abdicationem
2075 861 2552 923 contrariorum
2586 856 2750 920 illud

332 962 513 1043 quod
548 962 837 1027 deterius
869 974 1013 1028 erat
1044 966 1333 1047 primum
1368 964 1609 1047 posuit,
1643 964 1873 1027 dicens
1910 984 2034 1026 non
2073 964 2144 1027 in
2187 963 2376 1027 tortis
2420 961 2528 1025 uel
2541 960 2755 1043 plexis
2828 975 2860 1042 5

331 1064 656 1141 crinibus;
701 1076 769 1129 et
810 1075 969 1129 tunc
1012 1067 1271 1142 adiecit,
1305 1078 1523 1132 cetera
1569 1066 1815 1142 dicens,
1846 1087 2009 1130 auro
2048 1077 2170 1129 aut
2209 1065 2599 1149 margaritis
2636 1073 2758 1127 aut

332 1178 502 1230 ueste
527 1171 828 1249 pretiosa.
917 1170 1045 1234 hoc
1076 1181 1302 1234 autem
1340 1180 1410 1234 et
1449 1179 1726 1253 propter
1770 1171 2350 1234 inconuenientem
2383 1172 2752 1235 uanitatem

333 1271 587 1336 interea
634 1275 858 1337 euenit
901 1273 1059 1353 fieri,
1098 1274 1266 1338 illud
1321 1295 1480 1338 uero
1534 1283 1809 1356 propter
1843 1275 2059 1338 solum
2110 1284 2437 1339 ornatum.
2526 1275 2755 1338 dicens

331 1396 492 1439 uero
521 1374 649 1439 hoc
678 1378 858 1459 quod
891 1376 997 1440 uel
1031 1379 1328 1440 maxime
1360 1380 1626 1461 proprie
1658 1377 1743 1440 ad
1792 1377 2330 1455 exhortationem
2367 1377 2753 1441 mulieribus

332 1481 661 1562 pertinere
702 1482 1153 1559 existimabat,
1185 1483 1389 1546 adicit
1435 1491 1503 1545 et
1549 1482 1729 1546 aliud
1778 1482 1959 1564 quod
2008 1482 2137 1546 illis
2182 1483 2453 1566 quidem
2487 1489 2752 1566 poterat
2788 1495 2867 1546 10

331 1584 568 1659 dicere,
601 1585 758 1648 uiris
789 1595 1012 1649 autem
1048 1607 1472 1672 nequaquam
1506 1588 1573 1650 in
1606 1608 1835 1651 earum
1868 1588 2415 1652 similitudinem:

466 1739 702 1804 mulier
730 1740 797 1804 in
829 1741 1082 1804 silentio
1110 1740 1320 1803 discat
1345 1760 1488 1803 cum
1519 1740 1703 1803 omni
1732 1740 2123 1804 subiectione.

465 1867 533 1921 et
564 1860 937 1923 euidentius
967 1860 1222 1924 dictum
1254 1879 1448 1922 suum
1483 1860 1948 1943 interpretanS,
1983 1860 2187 1925 adicit
2214 1884 2227 1924 :

466 2007 798 2072 mulierem
857 2020 1073 2073 autem
1132 2010 1342 2073 docere
1400 2030 1525 2072 non
1569 2011 1879 2093 permitto
1930 2032 2124 2094 neque
2182 2011 2516 2076 dominari
2567 2024 2758 2096 super

335 2115 563 2178 uirum
592 2135 804 2190 suum,
832 2114 950 2177 sed
968 2135 1098 2177 esse
1128 2113 1197 2176 in
1226 2114 1496 2177 silentia
2788 2139 2858 2204 15

464 2231 793 2315 †euidens
826 2243 926 2298 est
958 2237 1271 2317 quoniam
1304 2233 1431 2297 hoc
1464 2235 1550 2298 de
1580 2244 1760 2299 statu
1796 2236 1911 2299 illo
1936 2237 2140 2300 adicit
2166 2238 2278 2320 qui
2306 2239 2371 2300 in
2396 2257 2752 2301 commune

334 2338 559 2414 fiebat,
586 2359 665 2401 eo
696 2339 876 2420 quod
911 2358 1042 2402 non
1076 2340 1431 2402 conueniat
1462 2359 1575 2401 eas
1608 2338 1673 2401 in
1708 2338 1986 2403 ecclesia
2017 2338 2312 2404 docere!
2387 2339 2754 2404 necessaria

333 2453 558 2508 autem
621 2449 761 2504 erat
821 2440 934 2504 illo
995 2442 1062 2504 in
1110 2451 1413 2524 tempore
1472 2437 1855 2503 huiusmodi
1912 2444 2312 2525 praeceptiO,
2360 2442 2630 2526 quando
2683 2450 2753 2505 et

329 2544 763 2631 prophetasse
815 2545 1082 2609 diuinae
1128 2546 1384 2628 gratiae
1438 2544 1641 2629 digne
1691 2544 2291 2626 existimabantur3
2357 2568 2447 2610 ex
2508 2547 2751 2629 quibus

464 2698 765 2779 δηλονότι
802 2700 957 2788 περὶ
992 2699 1109 2781 τῆς
1149 2700 1218 2766 ἐν
1258 2701 1452 2787 κοινῷ
1492 2698 1970 2770 καταπόσεως
2009 2697 2211 2783 λέγει,
2260 2697 2344 2769 ὥς
2386 2698 2467 2762 ἂν
2497 2696 2570 2763 οὕ
2611 2696 2752 2764 δέον
2780 2723 2866 2773 20

332 2804 400 2870 ἐν
445 2806 766 2891 ἐκκλησίᾳ
809 2803 1007 2873 αὐτὸς
1051 2801 1398 2869 διδάσκειν.

440 2963 461 2997 1
498 2948 765 2998 habentem
795 2948 840 2997 C
847 2947 916 2996 H
922 2963 936 2997 ε
972 2954 1051 2996 αἱ
1072 2963 1105 2996 r
1277 2968 1309 3012 4
1343 2948 1661 2999 abdicatione
1706 2949 1774 2998 H
1969 2958 1996 3009 5
2035 2946 2265 3013 plexibus
2287 2947 2356 2996 H
2520 2958 2551 3009 9
2585 2946 2648 2995 ad
2671 2961 2751 2995 om

334 3029 436 3080 H*
715 3042 774 3095 19
808 3030 1107 3094 prophetase
1140 3030 1189 3079 d.
1213 3047 1287 3095 gr.
1315 3031 1468 3095 digne
1501 3031 1545 3080 C
1558 3030 1586 3057 ⁴*
1606 3032 1676 3080 H
1719 3030 2061 3096 prophetissae
2085 3031 2110 3079 l
2126 3031 2153 3078 b
2178 3030 2268 3089 (see
2295 3028 2419 3089 note)
2458 3029 2752 3094 prophetiae

334 3110 506 3161 diuina
526 3111 685 3174 gratia
707 3111 889 3175 dignae
911 3127 943 3159 r
1072 3128 1137 3162 20
1171 3113 1330 3162 Coisl.
1360 3128 1470 3174 204,
1499 3112 1533 3163 f.
1570 3126 1657 3178 195
1674 3113 1710 3161 b
1734 3113 1842 3175 [Cr.
1859 3112 1946 3161 vii.
1973 3128 2052 3172 20,
2081 3111 2166 3160 Fr.
2192 3110 2304 3172 150]
2328 3110 2572 3171 θεόδωρος.
2604 3108 2751 3161 ἄλλος

332 3194 386 3242 δὲ
408 3195 473 3242 εἰς
494 3194 552 3242 τὸ
579 3194 593 3216 ‘
607 3195 798 3253 ’γυναικὶ
822 3195 872 3241 δὲ
895 3193 1137 3242 διδάσκειν
1161 3195 1210 3243 ἐν
1232 3195 1467 3255 ἐκκλησίᾳ
1493 3195 1600 3255 (sic)
1628 3197 1712 3243 οὐκ
1734 3195 1979 3256 ἐπιτρέπω
1999 3192 2012 3215 ’
2034 3194 2200 3254 φησιν·
2224 3192 2461 3252 δηλονότι,
2486 3193 2639 3241 ear-R.

409 3339 453 3373 1.
537 3324 750 3373 multam
813 3324 925 3375 hab.
984 3324 1330 3390 differentiam,
1380 3324 1495 3386 δια]
1590 3326 1699 3374 Our
1722 3326 1987 3375 translator
2006 3325 2098 3374 has
2120 3323 2281 3374 either
2300 3323 2420 3373 read
2453 3324 2556 3371 τοῦ
2584 3320 2750 3387 ἀνδρός

344 3406 591 3464 -επολλὴν
644 3407 824 3466 ἔχοντα
868 3407 1006 3469 πρὸς
1061 3407 1217 3455 ἐκεῖνα,
1258 3404 1348 3466 τὴν
1394 3407 1491 3455 δια·

334 3486 506 3549 φοράν.

400 3570 448 3617 8.
527 3567 733 3628 interea]
756 3588 801 3608 =
825 3566 1090 3628 interdum,
1151 3583 1183 3616 a
1236 3567 1337 3617 late
1391 3568 1493 3617 and

333 3648 551 3713 poetical
572 3664 688 3708 use;
730 3664 813 3697 see
834 3649 920 3698 the
946 3648 1073 3698 lexx.
1095 3665 1135 3697 s.
1154 3665 1203 3698 v.

405 3748 476 3795 ¹4·
546 3733 795 3781 mulcerem
817 3740 977 3782 autem
998 3733 1177 3795 docere]
1209 3733 1308 3782 Th.
1332 3748 1493 3784 seems

334 3819 388 3861 to
410 3811 538 3861 have
560 3813 741 3877 agreed
764 3813 887 3863 with
918 3814 1096 3876 Chrys.
1127 3814 1228 3863 and
1254 3814 1410 3865 Thdt.
1438 3815 1491 3864 in

336 3897 543 3959 reading
596 3897 785 3956 γυναικὶ
842 3896 905 3945 δὲ
954 3893 1207 3946 διδάσκειν.
1297 3895 1494 3947 Tisch.⁸

334 3976 459 4026 cites
481 3975 565 4025 the
589 3983 765 4025 catena
788 3975 839 4024 in
862 3963 1015 4039 proof
1040 3976 1101 4025 of
1123 3976 1248 4036 this3
1282 3977 1372 4026 but
1406 3978 1490 4027 the

336 4064 441 4107 text
464 4055 523 4105 of
547 4055 633 4105 the
664 4064 841 4106 catena
875 4073 992 4121 may
1021 4057 1150 4106 have
1178 4057 1307 4106 been
1330 4058 1491 4107 deter-

334 4136 504 4185 mined
526 4137 595 4199 by
628 4151 692 4185 an
719 4143 907 4186 extract
944 4136 1073 4186 from
1107 4137 1286 4201 Chrys.
1326 4139 1490 4188 which

334 4217 677 4279 immediately
720 4217 972 4281 precedeS.
1055 4218 1165 4267 The
1206 4219 1356 4269 Latin
1388 4235 1493 4270 ver·

334 4297 464 4353 sion.
480 4296 728 4357 however,
749 4297 916 4348 leaves
931 4298 1060 4348 little
1077 4299 1235 4349 doubt
1258 4315 1314 4349 as
1331 4307 1383 4349 to
1407 4300 1493 4351 the

333 4378 480 4427 order
503 4377 667 4426 which
692 4378 786 4428 Th.
815 4378 1067 4428 followed.
1133 4380 1297 4444 Super
1315 4381 1489 4429 uirum

334 4475 519 4515 susem:
554 4459 615 4509 O.
650 4458 708 4507 L.
754 4460 853 4509 and
900 4458 1071 4524 Vulg.,
1130 4462 1230 4510 “in
1271 4462 1488 4514 uirum.”

1595 3405 1646 3470 (a
1667 3407 1939 3456 variantes
1955 3407 2118 3456 which
2152 3405 2292 3456 there
2315 3407 2358 3455 is
2380 3421 2446 3454 no
2468 3412 2602 3455 trace
2623 3405 2749 3456 else-

1591 3486 1795 3550 where).
1820 3504 1877 3537 or
1909 3488 1974 3537 he
2006 3488 2098 3536 has
2129 3487 2258 3536 been
2295 3486 2473 3535 misled
2503 3473 2571 3549 by
2602 3484 2748 3536 Th.’s

1591 3576 1845 3616 comment
1868 3570 1936 3632 (p.
1968 3581 2046 3631 94,
2076 3566 2108 3615 l.
2133 3566 2204 3627 6).

1666 3663 1740 3711 17.
1810 3650 1868 3697 in
1911 3648 2098 3697 ecclesia
2147 3646 2325 3708 docere]
2391 3645 2567 3709 Chrys.
2625 3645 2748 3695 cites

1596 3745 1617 3780 1
1647 3731 1761 3780 Cor.
1788 3731 1888 3780 xiv.
1919 3745 1996 3792 34,
2032 3743 2113 3792 35.

1664 3814 1738 3861 18.
1805 3811 2004 3876 quando
2035 3817 2080 3859 et
2109 3808 2441 3874 prophetasse]
2497 3806 2749 3860 Lansranc

1590 3895 1690 3943 and
1727 3895 1789 3943 R.
1819 3893 1877 3942 os
1907 3894 1965 3942 B.
1992 3899 2143 3957 quote
2177 3890 2278 3941 this
2311 3898 2548 3939 sentence
2578 3889 2631 3939 in
2661 3890 2747 3940 the

1589 3975 1747 4023 form:
1784 3978 1815 4000 “
1834 3973 2110 4023 necessaria
2139 3980 2242 4022 erat
2270 3971 2361 4021 illo
2389 3970 2529 4033 [÷in
2551 3970 2602 4032 b]
2623 3978 2745 4020 tem·

1589 4073 1711 4123 pore
1735 4058 1804 4120 [-
1820 4057 1944 4106 haec
1967 4057 2015 4117 b]
2046 4055 2346 4121 praeceptiO,
2370 4053 2574 4119 quando
2603 4054 2746 4119 [quo-

1591 4139 1728 4188 niam
1753 4139 1802 4201 b]
1839 4138 2267 4203 prophetissae
2300 4132 2503 4195 erant;”
2537 4136 2638 4183 and
2659 4134 2746 4184 the

1588 4220 1797 4284 reading
1818 4219 1876 4269 of
1906 4219 2034 4269 Rab.
2072 4219 2241 4284 points
2262 4226 2317 4268 to
2348 4218 2435 4267 the
2468 4232 2605 4266 same
2640 4231 2748 4266 cor-

1592 4302 1782 4352 rection
1828 4303 1885 4352 os
1911 4302 2236 4367 prophetasse.
2328 4300 2444 4350 The
2481 4299 2751 4348 translator

1589 4382 1806 4447 perhaps
1848 4391 2031 4432 wrote:
2086 4381 2285 4447 quando
2333 4385 2380 4429 et
2420 4376 2751 4443 prophetissae

1586 4465 1791 4514 diuinae
1803 4466 2001 4528 gratias
2019 4465 2198 4527 drgnae
2217 4461 2641 4512 existimabantur.
