3221 5116
534 357 662 423 320
738 356 741 357 f

1500 356 1884 410 APPENDIX
1931 359 1996 411 A.

642 546 717 588 ex
742 527 836 588 his
863 525 1040 589 insert
1068 528 1236 606 quod
1264 525 1511 590 necesse
1539 541 1632 590 est
1655 539 1715 590 et
1744 526 1862 591 hoc
1888 530 2054 607 quod
2082 529 2144 591 in
2173 528 2398 592 ultimis
2426 540 2518 592 est
2544 542 2686 594 ante
2715 531 2960 594 saecula

522 645 669 702 esse,
718 637 778 688 et
818 637 1058 688 accusat
1099 646 1204 689 eos
1246 628 1349 705 qui
1399 647 1523 689 non
1572 627 1779 689 omnia
1823 628 2090 690 similiter
2130 650 2272 690 cum
2320 629 2679 693 obuersione
2722 630 2954 706 dicunt,

520 728 693 805 quasi
733 726 796 788 hi
837 729 942 805 qui
983 747 1171 790 unum
1212 749 1344 790 esse
1389 728 1603 789 Filium
1646 730 2010 790 confitentur
2051 730 2468 792 necessitatem
2507 732 2770 792 habeant
2810 751 2954 792 cum

521 824 878 889 obuersione
906 825 1112 888 omnia
1144 826 1359 889 dicere.
1448 837 1508 887 et
1549 825 1683 905 quis
1725 844 1851 888 non
1893 826 2194 889 beatificet
2235 840 2498 890 uestram
2535 827 2954 891 dementiam?

459 943 492 1004 5
522 925 655 1002 quis
703 935 905 985 autem
953 943 1078 985 non
1126 935 1298 1002 optet
1346 925 1493 985 tales
1541 924 1863 1002 impetrare
1911 927 2209 998 doctoreS,
2257 935 2488 986 tantam
2532 925 2952 988 confusionem

519 1023 735 1084 rationi
782 1021 1022 1101 pietatis
1070 1022 1517 1084 Introducentes
1566 1034 1635 1084 ut
1683 1023 1952 1084 dicerent
2004 1024 2120 1085 hoc
2164 1024 2333 1101 quod
2381 1036 2523 1086 ante
2571 1026 2814 1085 saecula
2855 1036 2951 1086 est

518 1121 741 1181 factum
771 1140 901 1182 esse
929 1119 993 1180 in
1022 1119 1260 1195 ultimiS,
1298 1132 1356 1181 et
1383 1121 1501 1181 hoc
1529 1120 1857 1181 alienarent
1888 1140 1998 1181 sua
2029 1134 2243 1182 natura
2270 1133 2330 1183 et
2359 1122 2440 1182 ad
2467 1121 2730 1183 deterius
2757 1121 2950 1181 dedu·

518 1228 738 1291 cerent,
769 1216 989 1279 deinde
1016 1219 1399 1278 obuerterent
1426 1218 1592 1295 quod
1621 1228 1683 1279 et
1710 1217 1828 1279 hoc
1855 1220 2024 1296 quod
2054 1230 2143 1279 est
2170 1217 2232 1278 in
2276 1217 2500 1280 ultimis
2532 1231 2673 1280 ante
2711 1219 2952 1280 saecula

520 1324 645 1390 est3
686 1335 826 1376 cum
853 1326 1154 1394 oporteret
1181 1317 1331 1377 forte
1371 1316 1568 1378 dicere
1606 1316 1748 1393 quia
1786 1317 1954 1394 quod
1990 1328 2131 1378 ante
2169 1319 2411 1378 saecula
2445 1328 2571 1379 erat
2609 1315 2951 1397 adsumpsit

422 1431 495 1470 ιο
520 1412 681 1473 hunc
708 1412 810 1490 qui
837 1411 898 1473 in
928 1411 1152 1474 ultimis
1180 1424 1306 1473 erat
1333 1412 1667 1474 secundum
1700 1413 1860 1475 beati
1892 1416 2143 1475 Paulum
2171 1434 2390 1477 uocem
2401 1414 2457 1474 ’ἢ

601 1525 807 1588 οὐκοῦν
838 1531 959 1591 τοῖς
990 1525 1282 1606 ῦμετέροις
1308 1525 1572 1605 ἑπόμενοι
1599 1525 1686 1589 νό-

517 1650 648 1702 μοις
686 1624 780 1684 καὶ
813 1622 920 1702 τήν
948 1622 1062 1684 timi
1098 1627 1201 1701 τῆς
1231 1626 1343 1701 σ’ἢς
1381 1622 1686 1707 ἀγχινοίας

519 1721 999 1800 νομοθετουμένην
1019 1719 1430 1801 ἅντιστροφήν,
1451 1724 1686 1799 μᾶλλον

517 1818 580 1879 δὲ
617 1815 1044 1898 καταστροφήν,
1085 1818 1395 1897 δεξάμενοι,
1435 1820 1576 1899 φέρε
1615 1818 1685 1897 δή

420 1936 442 1974 1
455 1933 487 1994 5
517 1913 706 1976 πάντα
740 1919 816 1980 εἷς
851 1914 1026 1977 adrev
1062 1917 1413 1999 συγχέωμεν,
1459 1917 1552 1976 καὶ
1581 1942 1684 1995 μη-

520 2013 683 2092 δεμία
710 2013 919 2074 λοιπόν
944 2014 1092 2074 ἔστω
1116 2011 1413 2094 διάκρισις,
1440 2012 1521 2092 μή
1551 2014 1685 2075 θεοῦ

515 2114 762 2189 μορφῆς,
790 2110 873 2190 μῆ
906 2110 1114 2171 δούλου
1137 2113 1388 2189 μορφῆς·
1424 2110 1507 2188 μή
1546 2113 1684 2171 ναοῦ

517 2207 858 2284 ληφθέντος,
885 2205 967 2285 μή
1003 2208 1106 2268 τοῦ
1137 2208 1486 2270 ἐνοικοῦντος
1512 2209 1575 2266 ἐν
1605 2208 1684 2285 τῷ

517 2308 647 2385 ναῷ·
686 2304 767 2383 μὴ
808 2307 911 2366 τοῦ
949 2305 1237 2377 λυθέντος,
1277 2303 1359 2382 μή
1397 2307 1500 2365 τσῦ
1543 2304 1682 2387 ἐγεί-

410 2430 487 2468 20
512 2425 738 2483 ραντος·
775 2404 859 2482 μή
898 2407 1000 2465 τοῦ
1039 2404 1437 2468 τελειωθέντος
1477 2407 1538 2465 έν
1576 2401 1681 2462 πά-

516 2503 696 2578 θεσιν,
733 2501 816 2581 μή
848 2506 951 2565 τοῦ
984 2501 1417 2568 τελειόσαντος·
1455 2502 1538 2582 μή
1578 2505 1681 2566 τοῦ

512 2599 1010 2678 μνημονεοθέντος,
1070 2599 1154 2678 μή
1214 2603 1317 2661 τοῦ
1371 2624 1681 2676 μνημονευ-

512 2698 743 2764 σάντος·
802 2697 885 2777 μή
931 2701 1034 2759 τοῦ
1082 2697 1547 2775 ἔπισκεφθέντος,
1595 2696 1679 2776 μή

510 2799 615 2857 τοῦ
641 2798 1116 2876 ἑπισκεψαμένου·
1154 2794 1236 2877 μή
1262 2797 1365 2858 τοῦ
1388 2794 1590 2876 βραχύ
1621 2821 1680 2857 τι

409 2919 482 2979 25
512 2894 646 2975 παρ’
680 2894 971 2979 &navve
1007 2894 1427 2976 ἤλοπομένου,
1460 2894 1543 2972 μή
1575 2902 1678 2956 τοῦ

513 2992 959 3058 ἐλαττώσαντος·
997 2992 1078 3072 μή
1106 2997 1207 3054 τοῦ
1241 2991 1377 3072 δόξῃ
1412 2993 1506 3052 καὶ
1539 2996 1680 3073 τιμῇ

513 3093 993 3172 ἐστεφανωμένου,
1021 3090 1104 3170 μὴ
1137 3093 1241 3154 τοῦ
1274 3088 1678 3170 στεφανώσαν-

512 3211 630 3255 τος·
666 3189 749 3268 μή
776 3193 878 3252 τοῦ
906 3186 1292 3253 καταστάντος
1319 3188 1412 3248 ἐπὶ
1438 3186 1511 3249 τὰ
1541 3187 1678 3269 ᾢγα

511 3289 624 3349 τιῦν
647 3288 871 3367 χειρῶν,
901 3285 1032 3369 [μή]
1057 3288 1160 3347 τοῦ
1188 3283 1677 3363 καταστήσαντος·

406 3406 486 3462 3ο
511 3382 593 3464 μή
636 3389 738 3446 τοῦ
782 3382 1071 3462 λαβόντος
1106 3380 1252 3445 adv-ol
1294 3387 1356 3444 ἓν
1393 3380 1673 3466 ὖποταγῇ,

511 3479 593 3561 μή
619 3484 721 3542 τοῦ
749 3480 1032 3545 δείσαντος
1057 3479 1164 3558 τὴν
1189 3478 1497 3563 ῦποταγήν.

1866 1540 2091 1591 uestras
2121 1529 2295 1607 igitur
2320 1530 2482 1608 leges
2519 1539 2856 1606 sequenteS‚
2886 1542 2951 1594 et

1782 1645 1821 1685 a
1858 1639 1960 1687 tua
1986 1624 2280 1703 sapientia
2315 1625 2698 1688 constitutam
2734 1628 2948 1691 obuer-

1783 1722 2034 1797 sionem‚
2058 1723 2246 1785 immo
2266 1725 2456 1802 magis
2476 1724 2949 1802 subuersioner'n,

1782 1839 1893 1897 age
1932 1820 2138 1881 omnia
2179 1818 2356 1881 simul
2397 1821 2853 1896 confundamus,
2887 1834 2951 1884 et

1783 1920 1948 1980 nulla
2001 1918 2122 1980 iam
2177 1918 2254 1981 sit
2316 1918 2595 1981 discretio
2658 1939 2772 1980 nec
2824 1919 2947 1981 Dei

1781 2019 2008 2078 formae
2036 2037 2150 2078 nec
2177 2015 2334 2078 serui
2372 2019 2615 2091 ferinae,
2646 2037 2760 2079 nec
2793 2028 2947 2079 tem-

1781 2113 1867 2191 pli
1904 2112 2125 2192 sumpti
2160 2133 2277 2175 nec
2313 2113 2442 2175 eius
2478 2113 2581 2191 qui
2618 2114 2681 2174 in
2717 2115 2948 2194 templo

1780 2208 2091 2285 habitauit,
2129 2230 2245 2271 nec
2280 2209 2410 2271 eius
2445 2210 2549 2288 qui
2584 2213 2812 2272 solutus
2853 2224 2948 2273 est

1782 2327 1896 2369 nec
1944 2308 2072 2371 eius
2119 2308 2225 2386 qui
2274 2308 2600 2382 suscitauit‚
2652 2328 2768 2370 nec
2813 2308 2944 2370 eius

1780 2406 1885 2485 qui
1949 2408 2245 2485 perfectus
2299 2418 2391 2468 est
2444 2405 2508 2467 in
2561 2406 2946 2484 passionibus

1779 2523 1896 2565 nec
1922 2504 2049 2566 eius
2086 2505 2188 2583 qui
2227 2505 2491 2584 perfecit,
2523 2524 2638 2567 nec
2672 2504 2802 2568 eius
2836 2505 2943 2582 qui

1780 2602 2130 2665 memoriam
2185 2602 2430 2664 meritus
2486 2614 2578 2665 est
2632 2622 2748 2665 nec
2811 2603 2943 2664 eius

1777 2700 1881 2778 qui
1907 2720 2138 2762 memor
2171 2702 2363 2762 factus
2399 2713 2507 2775 est,
2536 2720 2651 2761 nec
2682 2701 2809 2763 eius
2836 2702 2942 2780 qui

1775 2796 2049 2858 uisitatus
2085 2809 2175 2859 est
2209 2817 2324 2858 nec
2359 2798 2485 2858 eius
2519 2797 2624 2876 qui
2659 2797 2940 2871 uisitauit,

1776 2915 1892 2956 nec
1919 2895 2046 2957 eius
2073 2896 2177 2974 qui
2212 2898 2396 2974 paulo
2433 2895 2632 2957 minus
2657 2899 2737 2958 ab
2762 2917 2943 2976 ange-

1775 2989 1849 3052 lis
1885 2991 2216 3052 minoratus
2253 3003 2343 3053 est
2378 3012 2493 3053 nec
2530 2992 2658 3054 eius
2695 2993 2797 3071 qui
2833 2994 2941 3055 mi-

1774 3087 2026 3164 norauit,
2056 3109 2170 3152 nec
2197 3089 2325 3151 eius
2365 3088 2469 3168 qui
2508 3090 2695 3169 gloria
2736 3104 2795 3153 et
2835 3093 2943 3153 ho-

1775 3207 1923 3250 nore
1976 3201 2297 3251 coronatus
2352 3201 2443 3251 est
2497 3210 2610 3252 nec
2666 3191 2793 3254 eius
2833 3192 2943 3270 qui

1774 3286 2103 3363 coronauit,
2133 3308 2246 3348 nec
2274 3288 2403 3349 eius
2439 3288 2543 3366 qui
2579 3289 2942 3352 constitutus

1774 3395 1866 3445 est
1895 3403 2071 3463 super
2111 3403 2294 3463 opera
2333 3404 2622 3446 manuum
2664 3385 2785 3448 Dei
2823 3407 2944 3449 nec

1773 3480 1901 3542 eius
1956 3480 2059 3558 qui
2114 3479 2438 3554 constituit,
2481 3500 2598 3543 nec
2651 3481 2779 3545 eius
2832 3484 2941 3562 qui

1770 3577 2006 3656 accepit
2050 3577 2162 3638 ista
2202 3579 2284 3638 ad
2324 3578 2777 3658 subiectionem,
2820 3600 2940 3644 nec

1773 3674 1900 3737 eius
1928 3675 2030 3753 qui
2058 3674 2226 3736 dedit
2253 3674 2703 3739 subiectionem.

512 3836 568 3892 4.
654 3816 895 3899 [Justin.
926 3820 962 3879 l.
984 3839 1024 3879 c.
1057 3819 1146 3900 (έν
1171 3821 1248 3898 τῷ
1274 3815 1522 3898 τετάρτῳ
1549 3814 1706 3899 λόγῳ
1732 3819 1809 3897 τῷ
1837 3816 1979 3877 κατὰ
2004 3812 2454 3896 Ἀπολιναρίου).
2537 3821 2748 3880 Leont.
2781 3822 2820 3879 l.
2838 3816 2926 3901 a]

633 3933 734 3993 τὸν
769 3932 829 3993 δὲ
869 3931 1166 4012 ἄνθρακι-ον
1203 3932 1336 4011 περὶ
1377 3930 1445 3993 οὗ
1485 3930 1664 3993 ταῦτα’,
1705 3937 1888 4009 φησιν
1923 3928 1957 3991 ὁ
1997 3930 2299 4010 προφήτης
2335 3939 2538 4010 σαφῶς
2578 3932 2614 3993 ὁ
2649 3932 2932 4014 μακάριος

404 4054 440 4112 3
448 4051 480 4113 5
513 4030 683 4108 δηλοῖ
715 4033 951 4094 Παῦλος
985 4030 1085 4093 τόν
1110 4028 1221 4090 {md
1255 4035 1359 4092 τοῦ
1393 4032 1738 4113 μονογενοῦς
1764 4028 2107 4106 εἰλημμένον
2130 4028 2428 4108 ἄνθρωπον
2457 4028 2609 4091 εἶναι.
2699 4033 2931 4110 clpam-35

510 4133 623 4217 γὰρ
661 4133 757 4195 ὅτι
794 4134 1226 4217 Διεμαρτῆρατο
1265 4133 1335 4195 Ae
1373 4132 1492 4204 ποτ’
1533 4153 1621 4194 τις
1669 4132 1893 4202 λέΓωΝ·
1938 4124 1994 4191 τί
2040 4125 2201 4192 &criu
2256 4128 2596 4215 ἅκθρωποε
2641 4130 2733 4196 ὅτι
2781 4154 2924 4196 um-

514 4236 712 4319 κι-ίοκῌ
774 4230 974 4310 αῨτοῨ,
1036 4230 1080 4298 ti
1137 4230 1262 4309 γῖὀε
1322 4231 1664 4319 ἂκθρώπογ
1722 4233 1811 4295 ὅτι
1871 4231 2203 4328 &nient-§mis
2264 4231 2488 4307 Αἰτόκς
2563 4233 2922 4300 ἦλὰττωοαε

512 4335 700 4410 afron
767 4340 942 4423 Βραχῆ
990 4360 1042 4401 τι
1102 4337 1238 4422 παρ’
1299 4336 1606 4412 ἇΓι-ἑλογε,
1660 4338 1808 4421 Adi*
1858 4333 1949 4401 καὶ
2007 4338 2154 4420 τιμῇ
2214 4334 2655 4412 ἑοτεφάκωωο
2714 4338 2924 4417 airon,

1356 4471 1437 4520 3²·
1462 4470 1525 4519 33
1548 4453 1942 4505 subleuationem
1964 4453 2070 4504 edd.

1517 4535 1544 4561 ⁴*
1580 4535 1743 4598 [Heh.
1771 4534 1802 4585 i.
1835 4534 1903 4596 ²]-
