3221 5116
516 408 638 493 ¹78
1180 419 1639 475 ‘runononus
1701 419 2291 477 MOPSUESTENUS

2593 409 2750 497 [VI.
2789 425 2843 493 5,
2904 411 2950 473 6

641 591 889 662 dtlrcede
914 587 1000 660 ab
1025 592 1362 662 eiusmodi.

645 753 1007 831 postquam
1050 756 1277 813 autem
1314 748 1612 814 ostendit
1648 736 2054 833 prauitatem
2101 745 2453 814 hominum
2491 756 2561 815 et
2601 747 2719 813 illa
2765 766 2940 832 quae

515 846 868 914 inhonesta
926 851 1016 916 ab
1075 851 1206 915 illis
1262 851 1652 931 efficiuntur,
1703 852 2070 917 sufficiebat
2123 861 2199 917 ut
2258 861 2526 917 tantum
2588 851 2938 916 consilium

517 957 709 1021 daret
736 974 1042 1038 separare
1071 953 1159 1018 ab
1189 954 1309 1018 eis,
1395 954 1641 1019 deinde
1671 954 2051 1038 relinquens
2081 964 2302 1020 cetera
2335 955 2425 1019 ad
2456 954 2643 1020 illam
2674 962 2937 1037 partem

457 1059 706 1136 Sredit‚
737 1068 941 1142 atque
992 1058 1236 1122 insistit
1281 1079 1417 1141 qua
1463 1059 1780 1142 pecunias
1827 1058 2136 1142 colligere
2177 1058 2691 1138 adcelerabant;
2740 1059 2940 1141 inque

517 1162 644 1229 hac
674 1172 864 1247 parte
893 1161 1002 1228 uel
1033 1163 1329 1227 maxime
1358 1183 1552 1227 suum
1584 1183 1961 1228 sermonem
1995 1163 2192 1229 latius
2224 1171 2609 1248 exaggerat,
2642 1183 2724 1226 eo
2754 1160 2936 1244 quod

520 1285 645 1331 nec
703 1264 919 1331 facile
954 1285 1155 1349 posse
1206 1265 1646 1331 existimabat
1693 1285 1812 1330 eos
1869 1266 2213 1351 despicere
2274 1269 2611 1351 pecunias,
2722 1269 2938 1332 sciens

520 1389 682 1433 uero
730 1375 800 1434 et
843 1366 1006 1433 illud
1046 1368 1206 1452 quia
1250 1367 1584 1451 cupiditas
1635 1368 2018 1452 pecuniaria
2062 1369 2224 1433 nihil
2271 1390 2362 1434 ex
2407 1369 2537 1434 illis
2582 1392 2756 1454 quae
2799 1370 2940 1434 fieri

520 1473 926 1539 conueniunt
966 1472 1182 1537 facere
1216 1473 1562 1557 permittit,
1595 1472 1954 1557 despectus
1989 1474 2239 1538 etenim
2281 1475 2700 1558 pecuniarius
2748 1471 2941 1538 facile

417 1585 501 1638 10
523 1576 638 1643 illa
668 1576 990 1662 expedire
1020 1575 1181 1642 facit
1210 1595 1386 1661 quae
1413 1577 1696 1642 meliora
1721 1583 1903 1658 sunt,
1935 1577 2072 1644 ait}

651 1764 750 1822 est
772 1764 991 1821 autem
1021 1753 1291 1841 (inquit)
1319 1765 1623 1839 quaestus
1650 1776 1932 1841 magnus
1938 1755 2157 1842 pietas
2182 1777 2330 1822 cum
2360 1753 2757 1841 suffiae-ntia.

655 1908 676 1943 ‘
695 1924 1018 1991 magnum
1095 1904 1372 1985 lucrum,
1442 1926 1734 1991 magnae
1806 1901 2098 1985 diuitiae,
2173 1907 2500 1973 lucratiua
2574 1908 2944 1992 negotiatio

524 2011 745 2096 pietas
801 2018 923 2089 est,
982 2016 1057 2075 ut
1110 2029 1269 2094 erga
1321 2030 1471 2076 eam
1502 2009 1801 2077 ‘solliciti
1853 2013 2083 2093 simuS,
2136 2014 2642 2079 necessitatibus
2703 2012 2947 2076 nostris

525 2112 960 2180 sui-‘ficientes'
1047 2112 1223 2179 bene
1270 2135 1432 2178 uero
1490 2114 1778 2180 adiecit:
1821 2115 2037 2199 pietas
2082 2137 2227 2180 cum
2276 2115 2674 2200 sufficientia,
2722 2117 2817 2181 ita
2870 2127 2946 2181 ut

424 2232 497 2302 15
529 2218 992 2283 necessitatem
1054 2235 1191 2283 non
1257 2217 1595 2284 uideretur
1655 2218 2060 2304 intercipere,
2115 2230 2185 2286 et
2246 2222 2608 2287 nimietatis
2647 2222 2947 2287 studium

529 2321 942 2403 excluderet,
995 2330 1064 2387 et
1116 2322 1298 2387 omni
1344 2344 1435 2387 ex
1494 2330 1689 2407 parte
1734 2324 2253 2390 sollicitudinem
2311 2327 2743 2410 pecuniarum
2805 2324 2949 2390 adi-

528 2433 762 2494 meret.

633 2647 652 2683 ι
691 2631 979 2686 huiusmodi
1010 2634 1082 2686 H
1309 2650 1339 2702 3
1372 2635 1652 2688 ofliciantur
1693 2638 1772 2689 C·
1810 2637 1881 2689 H
1928 2638 2210 2692 officiuntur
2247 2640 2293 2692 C
2327 2639 2506 2702 (συνῆς
2539 2643 2620 2688 zxt
2650 2655 2684 2689 r
2918 2649 2948 2700 5

530 2730 660 2781 quae
680 2717 749 2766 H
760 2733 794 2767 r
1066 2720 1100 2769 8
1131 2718 1373 2784 pemmiae
1396 2719 1514 2784 (sor
1542 2720 1848 2785 pecuniaria)
1871 2721 1940 2770 H
2199 2737 2230 2788 9
2262 2723 2542 2788 despectos,
2577 2718 2885 2786 pecuniarios
2920 2734 2954 2767 r

538 2811 559 2847 ι
573 2813 593 2848 1
630 2806 892 2863 quaestum
918 2797 1034 2863 (sor
1050 2807 1125 2850 est
1147 2798 1336 2866 autem)
1366 2802 1411 2852 C
1430 2802 1499 2852 H
1551 2809 1788 2868 quaestus
1810 2810 1884 2853 est
1905 2818 2119 2868 magnus
2142 2803 2259 2868 (sor
2277 2804 2647 2869 oet...magnus)
2672 2818 2706 2852 r
2888 2813 2950 2862 13

532 2896 596 2932 ea
614 2881 708 2931 Ην
902 2895 961 2944 14
994 2880 1150 2931 adicit
1176 2881 1222 2932 C
1239 2898 1273 2932 r
1428 2949 1434 2955 Ἰ
1486 2881 1547 2934 16
1581 2883 1848 2934 excludere
1868 2890 1920 2933 et
1941 2892 1996 2934 ut
2018 2885 2087 2934 H
2105 2882 2115 2951 Ι
2144 2884 2367 2935 adimere
2388 2900 2422 2934 r

532 3075 661 3129 with
704 3076 884 3143 Chrys.
928 3073 1032 3126 and
1069 3074 1247 3137 Thdt„
1285 3076 1389 3126 Th.
1428 3076 1546 3126 read
1582 3073 1700 3138 ἀφί-

535 3175 694 3208 στασο
738 3154 837 3206 ἀπὸ
879 3157 981 3205 τῶν
1017 3153 1242 3205 τοιούτων
1271 3156 1399 3207 aster
1434 3154 1698 3221 εὐσέβειαν.

536 3238 651 3288 The
682 3238 848 3288 words
875 3254 960 3288 are
980 3238 1204 3303 wanting
1224 3238 1277 3287 in
1300 3238 1387 3290 the
1408 3239 1581 3303 Vulg.,
1606 3240 1732 3311 but„

1796 3076 1899 3127 and
1920 3082 1997 3127 set
2028 3091 2089 3127 us
2121 3076 2224 3128 free
2256 3076 2335 3127 for
2363 3076 2529 3128 works
2558 3077 2623 3128 of
2647 3074 2814 3144 piety.'
2881 3076 2956 3128 So

1800 3157 1998 3222 Pelag.:
2049 3158 2206 3207 “cum
2237 3157 2544 3221 sufficientia,
2584 3174 2687 3209 non
2730 3158 2955 3209 luxuriae

1796 3240 1886 3289 sed
1908 3237 2152 3290 naturae”
2165 3256 2183 3300 3
2216 3239 2450 3291 Sedulius
2470 3240 2613 3298 adds,
2638 3244 2672 3269 ‘⁸
2688 3240 2806 3305 quia
2826 3256 2958 3307 quae

537 3321 688 3386 given
721 3320 790 3385 by
828 3335 967 3370 some
1001 3319 1061 3370 of
1089 3320 1178 3369 the
1213 3319 1280 3369 0.
1300 3321 1359 3370 L.
1403 3320 1699 3371 authorities

541 3403 740 3468 (Cypr.,
788 3401 1056 3464 Ambrstr.,
1111 3402 1364 3452 “discede
1410 3403 1477 3453 ab
1528 3402 1698 3454 huius·

541 3484 681 3534 modi
696 3481 750 3543 ;”
772 3499 856 3535 see
877 3499 959 3532 vv.
977 3484 1074 3544 lt).

612 3580 692 3616 ιι.
743 3570 816 3614 est
843 3563 1033 3625 autem]
1099 3562 1198 3614 See
1235 3577 1315 3612 vv.
1338 3562 1392 3613 ll.
1476 3563 1580 3614 For
1614 3565 1701 3615 the

541 3645 830 3713 impossible
871 3652 1125 3711 quaestum
1170 3646 1197 3696 1
1232 3647 1361 3699 have
1399 3649 1701 3700 substituted

543 3729 632 3779 the
652 3727 920 3791 rendering
931 3727 989 3777 os
1004 3727 1091 3779 the
1109 3728 1261 3779 Latin
1276 3733 1515 3791 versione,
1535 3731 1702 3782 which

542 3809 730 3875 closely
753 3809 951 3860 follows
984 3811 1071 3861 the
1103 3808 1204 3862 Gk.
1277 3810 1388 3861 The
1420 3827 1555 3862 error
1586 3827 1704 3877 may

542 3891 775 3942 however
812 3890 940 3942 have
982 3891 1146 3942 arisen
1189 3890 1319 3941 from
1362 3907 1394 3941 a
1435 3893 1705 3958 rendering

544 3975 579 4000 ‘⁸
595 3978 829 4036 quaestus
866 3978 942 4021 est
984 3979 1153 4021 autem
1193 3969 1444 4035 magnus’'
1481 3970 1585 4035 (see
1617 3971 1704 4023 the

540 4054 753 4118 reading
796 4052 855 4103 of
892 4053 1045 4117 Rab.)
1088 4054 1169 4116 [or
1213 4068 1339 4104 even
1392 4054 1428 4079 “
1442 4062 1702 4119 quaestum

547 4142 622 4184 est
677 4150 724 4184 a.
778 4133 1083 4199 magnum;’'
1140 4134 1205 4186 cf.
1263 4135 1488 4194 Ronsch‚
1543 4136 1698 4198 Itala,

549 4233 602 4283 p.
644 4214 740 4281 269
777 4217 881 4282 sq.]
918 4232 976 4267 or
1009 4217 1137 4267 from
1182 4219 1346 4283 “quia
1379 4226 1453 4268 est
1492 4217 1706 4281 [autem]

550 4310 636 4359 qu.
658 4292 765 4345 m.”

620 4391 696 4439 13.
747 4389 846 4424 nec.
869 4375 1048 4425 nostris
1069 4375 1210 4440 suff]
1266 4375 1500 4440 ‘Having
1521 4393 1552 4426 a
1568 4392 1702 4426 com-

550 4466 762 4523 petency
794 4456 1047 4507 'sufficient
1088 4465 1141 4507 to
1179 4457 1361 4523 supply
1399 4474 1490 4508 our
1527 4468 1706 4516 wants.

1796 3327 1992 3370 tantum
2024 3326 2230 3370 naturae
2264 3319 2512 3371 sufficiunt
2544 3321 2706 3386 pietas
2737 3321 2890 3386 exigit
2906 3320 2957 3371 '’-

1798 3401 1878 3452 Cf,
1919 3417 1946 3451 α
1984 3402 2103 3452 Cor.
2140 3401 2209 3451 ix.
2243 3403 2293 3452 8.
2369 3400 2527 3451 Thdt.
2560 3402 2868 3453 endeavours
2899 3410 2957 3452 to

1797 3479 2031 3530 combine
2064 3481 2151 3530 the
2185 3480 2323 3531 ideas
2351 3480 2410 3531 of
2447 3480 2818 3547 ‘competency’
2852 3483 2956 3532 and

1805 3560 2208 3619 ‘contentment,'
2231 3562 2308 3612 sor
2339 3562 2405 3613 he
2435 3563 2686 3613 remarks:
2723 3565 2959 3627 προσήκει

1801 3639 1906 3702 τὴν
1962 3638 2316 3706 αὐτάρκειαν
2370 3644 2664 3707 στέργειν.
2761 3644 2959 3709 Thpht.

1800 3726 2010 3777 inclines
2053 3734 2107 3777 to
2150 3727 2238 3778 the
2279 3727 2454 3777 latter:
2505 3724 2763 3789 αὐτάρκεια
2804 3727 2961 3786 μέγας

1802 3806 2009 3858 πλοῦτος
2078 3810 2161 3859 καὶ
2223 3806 2434 3869 μόνιμος.
2527 3808 2598 3860 So
2664 3809 2914 3859 Ambrstr.
2946 3827 2961 3859 ι

1805 3893 2056 3954 “magnas
2112 3889 2314 3940 diuitias
2370 3897 2420 3939 et
2474 3888 2854 3955 acquisitionem
2905 3889 2960 3939 in

1803 3986 1866 4020 eo
1907 3971 2045 4031 dicit,
2097 3970 2138 4020 si
2187 3971 2301 4036 quis
2346 3970 2508 4021 fidelis
2557 3986 2649 4021 suo
2697 3979 2963 4021 contentus

1804 4049 1920 4102 sit.”
1987 4053 2123 4115 Aug.
2176 4067 2243 4101 on
2287 4049 2375 4101 the
2417 4049 2562 4100 other
2604 4050 2741 4100 hand
2789 4067 2964 4116 agrees

1803 4131 1926 4181 with
1993 4131 2092 4181 Th.
2158 4129 2323 4196 (serm.
2383 4133 2483 4192 85:
2560 4134 2596 4158 “
2614 4131 2964 4183 sufficientiam

1806 4212 2046 4277 quaerite,
2107 4214 2245 4279 quod
2290 4213 2470 4264 sufficit
2525 4215 2784 4280 quaerite3
2851 4216 2966 4281 plus

1809 4294 1967 4346 nolite
1982 4295 2057 4357 ”.)

1880 4393 1954 4441 15·
2016 4378 2304 4441 nimietatis]
2372 4378 2594 4436 Ronsch.
2620 4379 2772 4440 Itala,
2803 4395 2855 4444 p.
2881 4394 2960 4443 52.

1809 4461 1951 4510 Nina.
1977 4461 2357 4523 studiumarnn
2379 4463 2677 4521 πλεονεξίαν.
