3221 5116
481 371 604 437 170
1148 372 1559 423 THEODORU
1569 373 1603 424 S
1654 372 2139 425 MOPSUESTEN
2149 375 2195 426 U
2204 375 2240 427 S

2660 362 2764 446 [V.
2807 379 2901 445 19.

476 546 727 610 interea
759 566 861 609 res
893 546 1142 628 patitur
1173 556 1246 609 ut
1277 556 1345 609 et
1381 546 1573 609 aliter
1617 546 1704 611 de
1745 547 2017 630 negotio
2061 547 2388 611 iudicetur
2417 569 2432 626 ;
2478 547 2608 612 hoc
2639 568 2798 612 uero
2830 547 2897 610 in

478 650 625 712 loco
665 669 800 712 non
843 650 1090 715 debere
1128 650 1223 714 ita
1267 649 1406 714 fieri
1450 651 1541 715 ob
1571 652 1741 715 duas
1786 653 2012 733 posuit
2058 672 2309 716 causas,
2398 672 2550 727 una,
2582 653 2899 735 quoniam

479 772 748 817 necesse
779 765 880 818 est
909 754 1376 838 presbyterum
1409 766 1648 839 utpote
1678 777 2104 822 communem
2139 766 2398 840 patrem
2431 766 2574 821 tam
2608 758 2899 820 uirorum

476 875 679 938 quam
727 857 1077 921 mulierum
1118 879 1344 922 curam
1388 858 1750 937 adhibere;
1784 880 1864 923 eo
1904 860 2086 944 quod
2121 869 2188 924 et
2225 859 2531 924 similiter
2560 861 2903 943 utriusque

415 971 683 1038 5sexus
743 960 1255 1026 sollicitudinem
1333 964 1620 1047 implens
1696 965 2050 1028 indiscrete
2127 974 2194 1029 et
2257 964 2567 1029 mulieres
2640 966 2903 1048 cogitur

480 1062 705 1126 uidere
735 1075 803 1130 et
837 1065 1015 1149 loqui
1050 1087 1203 1131 cum
1238 1068 1382 1146 illis,
1414 1079 1612 1152 prout
1644 1071 1816 1133 ratio
1862 1070 2078 1152 exigit
2116 1070 2403 1152 pietatis,
2493 1069 2704 1132 altera
2743 1089 2904 1133 uero

479 1190 697 1246 causa,
728 1190 809 1233 eo
844 1170 1026 1252 quod
1075 1172 1301 1236 multis
1341 1183 1409 1236 et
1447 1174 1646 1237 uariis
1688 1173 2150 1237 occasionibus
2204 1173 2465 1236 diuerse
2511 1182 2743 1236 contra
2788 1193 2904 1236 eos

481 1274 982 1352 exercebantur,
1032 1297 1109 1340 ea
1164 1279 1422 1342 ratione
1474 1299 1608 1361 qua
1664 1278 1842 1342 idern
1894 1278 2264 1361 presbyteri
2307 1278 2518 1341 coacti
2570 1277 2901 1340 interdum

482 1377 826 1460 increpant
874 1380 1206 1446 obnoxios
1266 1403 1387 1465 pro
1448 1384 1757 1447 admissis
1805 1384 2113 1467 peccatiS,
2165 1391 2234 1446 et
2279 1391 2569 1464 arguunt
2614 1401 2730 1445 eos
2783 1400 2904 1463 pro

264 1515 273 1524 ·
380 1497 456 1543 10
481 1481 725 1561 quibus
767 1503 900 1547 non
944 1495 1404 1568 competenter
1448 1497 1676 1570 agunt.
1765 1487 2115 1570 prospexit
2156 1506 2316 1569 ergo
2361 1484 2707 1567 apostolus
2742 1504 2907 1567 quo-

483 1583 663 1646 niam
707 1583 898 1650 facile
945 1587 1263 1653 aduersus
1316 1590 1743 1673 presbyteros
1795 1591 1883 1654 ab
1927 1589 2310 1653 huiusmodi
2364 1588 2748 1652 hominibus
2797 1607 2906 1651 ac·

484 1689 860 1753 cusationes
919 1691 1190 1756 adnasci
1245 1695 1522 1775 possint,
1570 1693 1947 1777 opitula'nte
1992 1694 2087 1757 eis
2134 1714 2335 1776 opere
2381 1693 2675 1775 ipsorum
2718 1701 2792 1755 ut
2838 1693 2930 1755 id·

485 1793 666 1877 quod
700 1792 935 1857 uolunt
967 1796 1288 1859 aduersus
1319 1818 1434 1860 eos
1465 1800 1685 1862 dicere
1717 1798 2139 1861 uerissimum
2165 1797 2609 1870 existimetur,
2636 1806 2910 1878 propter

487 1896 668 1981 quod
724 1897 998 1961 licenter
1049 1899 1155 1962 uel
1194 1900 1470 1964 uideant
1515 1902 1624 1965 uel
1666 1900 2027 1984 loquantur
2066 1920 2218 1964 cum
2262 1899 2688 1978 mulieribus;
2731 1920 2909 1982 quae

384 2015 456 2081 15
489 2020 593 2063 res
639 1999 951 2083 malignis
995 2000 1378 2066 hominibus
1429 2005 1852 2067 occasionem
1901 2004 2343 2067 accusationis
2404 2003 2564 2066 dare
2626 2003 2909 2066 uidetur.

488 2102 648 2187 quid
698 2123 857 2187 ergo
897 2103 1233 2169 obseruari
1270 2096 1615 2171 decernit?
1704 2107 1937 2171 ‘aliter
1985 2105 2256 2190 (inquit)
2301 2104 2437 2168 noli
2486 2106 2734 2182 audire,
2783 2107 2908 2170 nisi

488 2208 626 2272 duo
675 2217 792 2271 aut
845 2217 979 2272 tres
1008 2209 1362 2274 uideantur
1410 2220 1619 2274 testes
1662 2231 1808 2274 esse
1850 2211 2101 2293 negotii
2135 2210 2341 2293 ipsius
2378 2210 2464 2273 de
2517 2210 2760 2292 quibus
2809 2211 2909 2273 in-

488 2315 788 2381 tenditur
816 2312 1186 2377 accusatio.'
1276 2321 1345 2377 et
1377 2322 1449 2377 ut
1482 2335 1566 2378 ne
1596 2314 1933 2378 uideretur
1962 2313 2090 2376 ista
2121 2313 2350 2376 dicens
2381 2313 2909 2396 delinquentium

491 2428 766 2504 peccata
797 2416 970 2480 uelle
1001 2426 1372 2500 contegere,
1403 2417 1687 2481 adiecit:
2631 2398 2651 2416 ⁹

592 2625 622 2674 3
655 2622 922 2659 commune
943 2607 1013 2657 Η
2403 2617 2435 2668 9
2469 2602 2667 2653 delictis
2700 2602 2915 2665 [deliciis

490 2692 589 2755 ed.]
613 2690 725 2758 (sor
744 2689 978 2758 peccatis)
1003 2692 1029 2741 l
2157 2702 2209 2737 11
2249 2685 2314 2735 ad
2350 2683 2464 2750 (χόν
2482 2684 2566 2748 ab)
2593 2685 2659 2734 H
2849 2698 2906 2734 12

493 2791 700 2842 operum
721 2776 791 2825 Η
916 2791 974 2840 13
1005 2774 1263 2825 uerissima
1291 2773 1599 2824 existimatur
1641 2770 1718 2821 C*
1742 2771 1808 2820 Η
1863 2770 2118 2821 uerissime
2148 2767 2457 2818 existimetur
2495 2767 2538 2816 C
2557 2767 2707 2827 (corr)
2765 2765 2914 2815 ueris·

492 2858 621 2908 sima
641 2857 950 2907 existimatur
971 2856 1220 2906 accusatio
1243 2872 1276 2904 r
1452 2870 1511 2917 ¹4
1543 2854 1648 2902 uid.
1671 2852 1793 2902 mul.
1818 2851 1897 2901 uel
1921 2851 2188 2916 loquantur
2210 2864 2322 2899 cum
2348 2847 2420 2898 eis
2442 2864 2474 2895 r
2647 2861 2703 2909 15
2738 2861 2916 2896 occan-

493 2941 685 2990 sionem
707 2938 1019 2989 occansionis
1047 2939 1090 2988 C
1140 2938 1454 2988 occasionem
1477 2935 1791 2985 occasionem
1815 2935 1904 2984 H:
1936 2940 2015 2982 txt
2033 2949 2067 2981 r
2320 2929 2380 2981 16
2413 2930 2520 2980 sine
2543 2930 2659 2993 (sor
2679 2929 2794 2991 nisi)
2818 2930 2883 2978 Η
2888 2928 2914 2951 “

500 3035 559 3085 ¹9
591 3020 744 3070 adicit
773 3021 818 3070 C
833 3035 867 3068 r

1233 2619 1259 2671 7
1295 2606 1522 2657 diuersae
1545 2605 1929 2669 [accusationes]
1949 2622 1983 2654 r
2004 2603 2138 2670 (edd)

1230 2706 1291 2742 10
1322 2707 1474 2755 quam
1500 2689 1615 2753 (sor
1633 2689 1890 2755 quoniam)
1915 2689 1939 2737 l

497 3183 681 3255 laicum
735 3185 1104 3235 accusationem
1156 3184 1412 3250 recipereg
1467 3190 1661 3250 quanto

498 3268 659 3333 magis
680 3268 919 3318 aduersus
944 3267 1154 3317 Domini
1177 3265 1540 3317 sacerdotem.’'

575 3366 618 3401 1.
676 3349 1227 3410 intereaJ=interdum3
1261 3348 1324 3398 cf.
1351 3360 1413 3397 11.
1438 3363 1487 3413 p.
1517 3362 1598 3412 93,
1621 3347 1659 3396 l.

500 3435 550 3495 8,
578 3439 713 3482 note.

568 3531 613 3581 3.
681 3518 843 3579 utpote
895 3527 1199 3562 communem
1250 3510 1470 3576 patrem]
1562 3511 1661 3562 See

501 3596 691 3656 Suicer,
717 3611 814 3646 av.
859 3591 1021 3657 πατήρ
1061 3590 1107 3657 (2
1131 3592 1204 3649 b).
1273 3592 1452 3657 Chrys.
1487 3592 1663 3643 denies

502 3680 611 3730 that
648 3678 733 3729 the
769 3679 871 3743 Ap.
908 3677 1060 3727 refers
1094 3683 1148 3727 to
1178 3674 1264 3725 the
1294 3674 1473 3725 official
1515 3692 1662 3736 πρεσ·

499 3760 701 3827 βότερος
718 3759 752 3826 (⁸
768 3755 861 3823 tp!
899 3746 997 3822 γὰῤ
1032 3754 1239 3808 ἐνταῦθα
1275 3759 1424 3819 φησὶν
1465 3754 1573 3819 οὐχὶ
1607 3750 1664 3806 τὸ

504 3844 706 3903 ἀξίωμα,
731 3839 862 3890 ἀλλὰ
882 3841 971 3900 τὴν
993 3836 1221 3903 ἠλικίαν),
1249 3839 1347 3889 and
1382 3838 1436 3888 in
1473 3838 1573 3888 this
1596 3837 1663 3888 he

504 3929 547 3980 is
568 3926 802 3979 followed
824 3927 891 3988 by
916 3924 1047 3975 Oce-¹
1066 3922 1164 3972 and
1189 3922 1382 3987 Thpht.

572 4022 619 4072 5.
688 4007 915 4057 mulieres
933 4005 1128 4070 cogitur
1142 4004 1320 4064 ut'ciere,
1360 4004 1476 4065 δια]
1553 4004 1667 4053 The

505 4089 650 4140 office
681 4087 741 4138 os
765 4085 1096 4153 penitentias-y
1132 4084 1284 4151 priest
1318 4084 1504 4149 having
1534 4084 1666 4134 been

506 4169 725 4233 recently
748 4166 1025 4226 abolished‚
1053 4174 1141 4216 not
1157 4167 1276 4230 only
1298 4173 1348 4215 at
1374 4164 1662 4215 Constanti·

508 4252 674 4318 nople‚
700 4251 791 4300 but
812 4248 1067 4314 generally
1089 4247 1394 4314 throughout
1417 4248 1504 4297 the
1538 4248 1662 4297 East

1760 3184 1994 3233 τέθεσανε
2030 3182 2229 3233 Sozom.
2268 3192 2367 3230 vn.
2402 3177 2479 3241 16,
2518 3180 2924 3238 ἐπηκολούθησαν

1762 3266 1816 3313 δὲ
1864 3266 2045 3325 σχεδὸν
2082 3265 2126 3312 ol
2171 3264 2429 3324 πανταχοῦ
2476 3260 2772 3321 ἐπίσκοποι),
2815 3258 2915 3309 Th.

1761 3358 1892 3398 must
1915 3347 1979 3396 be
2002 3345 2253 3412 supposed
2278 3353 2332 3394 to
2354 3343 2482 3394 refer
2502 3350 2557 3392 to
2580 3342 2664 3391 the
2686 3342 2922 3405 ordinary

1760 3429 1980 3495 pastoral
2005 3430 2308 3477 intercourse
2331 3424 2391 3473 os
2406 3424 2491 3473 the
2515 3423 2772 3489 presbyter
2794 3420 2918 3470 with

1762 3512 1841 3562 his
1870 3510 2019 3560 flock.
2092 3509 2204 3559 The
2225 3507 2471 3558 seclusion
2493 3506 2545 3554 in
2580 3501 2747 3553 which
2775 3503 2921 3553 East-

1762 3609 1852 3643 ern
1908 3605 2107 3640 women
2162 3589 2263 3639 live
2323 3603 2441 3651 may
2496 3584 2625 3635 have
2682 3583 2925 3633 rendered

1764 3674 1863 3725 this
1895 3674 2198 3724 intercourse
2242 3668 2515 3736 peculiarly
2554 3682 2688 3732 open
2723 3673 2777 3715 to
2810 3681 2915 3715 sus-

1765 3756 1967 3823 picion;
2014 3755 2103 3805 but
2136 3753 2182 3804 if
2220 3768 2297 3802 we
2335 3767 2451 3814 may
2479 3749 2674 3799 believe
2699 3748 2923 3813 Jerome,

1767 3838 1906 3888 there
1929 3851 2032 3885 was
2063 3834 2347 3886 sometimes
2362 3832 2465 3896 just
2504 3846 2653 3881 cause
2683 3829 2761 3879 sor
2787 3843 2923 3878 com·

1769 3919 1928 3985 plaint
1944 3916 2035 3982 (ep.
2065 3932 2155 3967 ἠε
2195 3917 2359 3965 “sunt
2373 3912 2590 3962 alii...de
2612 3909 2711 3960 mei
2735 3909 2926 3959 ordinis

1766 4001 2055 4052 hominibus
2086 3996 2417 4065 loquor—qui
2456 3995 2571 4044 ideo
2615 3993 2925 4059 presbytera·

1767 4091 1874 4134 tum
1907 4090 1957 4133 et
1979 4083 2301 4132 diaconatum
2325 4077 2571 4137 ambiunt,
2602 4081 2656 4126 ut
2691 4074 2927 4125 mulieres

1767 4164 1999 4216 licentius
2022 4163 2226 4213 uideant
2242 4159 2309 4225 ’').

1837 4262 1912 4297 ιο.
1969 4242 2229 4309 prospexit
2278 4256 2400 4305 ergo,
2464 4238 2578 4300 Sec-J
2644 4238 2757 4288 The
2810 4236 2926 4286 sub·

510 4333 671 4395 (Socr.
708 4343 763 4380 v·
807 4345 884 4396 19,
930 4331 974 4378 ol
1019 4331 1071 4379 δὲ
1115 4325 1200 4377 νῦν
1244 4327 1342 4378 τῶν
1388 4329 1659 4387 ἐκκλησιῶν
1762 4335 1933 4378 stance
1960 4326 2018 4375 of
2035 4323 2134 4374 this
2156 4321 2438 4389 paragraph
2461 4321 2503 4371 is
2524 4320 2676 4387 given
2698 4319 2767 4385 by
2792 4318 2927 4368 Lan·

509 4411 794 4479 κρατοῦντες
841 4414 930 4464 ἕως
982 4409 1170 4462 πολλοῦ
1223 4413 1525 4474 φυλάξαντες
1578 4411 1662 4460 ἐπὶ
1763 4408 1933 4468 ἴωπες
1965 4422 2050 4458 see
2071 4422 2153 4454 vv.
2179 4405 2234 4455 ll.

509 4499 778 4561 ummo-2
820 4491 906 4546 τοῦ
943 4489 1214 4545 ἐπισκόπου
1258 4495 1392 4558 [Α.1>.
1433 4493 1551 4558 391]
1582 4510 1664 4553 με·
