3221 5116
189 423 271 486 V.
318 418 617 503 11—13.]
816 430 899 482 IN
948 432 1052 483 ΕΡ.
1098 431 1202 481 AD
1247 423 1998 483 THESSALONICENSES
2047 429 2089 479 1.
2541 428 2616 496 35

190 609 323 673 hoc
361 609 543 672 enim
586 606 749 672 dicit
794 605 1492 690 ungilemus—etiamsi
1547 607 1793 689 egressi
1842 605 2160 670 fuerimus
2208 626 2249 669 a
2301 606 2442 670 uita
2495 604 2619 668 hac

189 708 412 773 —hoc
455 709 632 773 enirn
679 708 842 773 dicit
882 709 1289 772 dormiamus
1334 708 1507 793 (uult
1549 710 1729 773 enim
1771 711 2008 786 dicere,
2040 718 2114 773 ut
2157 707 2250 772 illi
2302 708 2415 790 qui
2458 716 2618 773 tunc

192 813 437 876 uiuunt
469 813 536 874 in
571 811 817 877 Christi
861 812 1156 875 aduentu
1203 819 1271 876 et
1303 811 1416 893 qui
1449 812 1582 874 iam
1625 821 1780 876 sunt
1824 810 2115 889 mortui),
2148 830 2381 874 omnes
2412 817 2621 873 aeter-

191 934 352 978 nam
404 914 617 978 uitam
663 924 730 978 et
777 914 1228 996 incorruptam
1277 913 1709 997 adquiramus
1734 933 1751 991 3
1814 915 1976 978 dum
2020 912 2113 976 illi
2160 913 2273 996 qui
2320 931 2619 994 praeces-

190 1026 427 1082 serunt
458 1017 714 1081 dudum
748 1019 816 1082 in
849 1025 1137 1081 mortem
1169 1018 1264 1082 ita
1295 1027 1664 1101 resurgunt,
1704 1027 1773 1083 et
1805 1019 1896 1083 illi
1943 1018 2058 1102 qui
2091 1026 2249 1082 tunc
2282 1019 2518 1082 uiuunt
2550 1019 2617 1081 in
2693 1034 2724 1099 5

188 1121 889 1204 incorruptibilitatem
940 1129 1301 1199 mutantur,
1344 1122 1515 1187 sicut
1561 1124 1741 1188 idem
1788 1123 2132 1209 apostolus
2178 1123 2309 1187 alio
2353 1123 2422 1188 in
2469 1122 2619 1187 loco

188 1223 356 1288 dicit
411 1225 734 1307 quoniam
778 1245 995 1288 omnes
1028 1223 1545 1291 immutabimur.
1636 1225 1838 1310 igitur
1881 1225 2043 1289 nihil
2090 1235 2193 1289 est
2237 1226 2417 1307 quod
2463 1245 2617 1307 pro-

186 1323 427 1389 hibeat
478 1326 762 1390 salutem
812 1347 935 1391 nos
987 1326 1110 1391 frui
1164 1327 1475 1403 futuram,
1521 1329 1576 1391 si
1627 1336 1853 1392 tamen
1905 1327 2021 1391 illa
2073 1346 2247 1410 quae
2292 1346 2381 1389 ex
2426 1327 2619 1390 nobis

186 1434 348 1489 sunt
380 1427 657 1491 minime
689 1429 880 1492 nobis
910 1429 1305 1494 obstiterint.
1395 1438 1463 1494 et
1493 1430 1648 1494 hinc
1678 1431 1906 1494 dicens
1936 1431 2140 1493 adicit
2168 1453 2182 1493 :

302 1607 579 1680 propter
614 1598 793 1680 quod
824 1599 1246 1663 consolamini
1283 1599 1356 1663 in
1399 1598 1689 1675 inuicem,
1721 1609 1785 1663 et
1822 1598 2154 1683 aedificate
2197 1620 2367 1663 uuus
2395 1619 2616 1673 unum,
2655 1617 2733 1664 10

188 1700 361 1766 sicut
384 1703 715 1785 etfacilis.
1556 1792 1561 1797 ,

323 1850 407 1894 eo
455 1831 640 1914 quod
693 1831 782 1895 ad
833 1832 1246 1914 propositam
1295 1842 1573 1895 exortus
1622 1839 1723 1895 est
1776 1830 2311 1897 exhortationem
2366 1834 2454 1898 ab
2503 1835 2620 1899 illo

192 1930 343 1996 loco
371 1952 512 2014 quo
544 1933 717 1997 dixit
749 1954 883 1997 non
915 1934 1157 1998 debere
1199 1954 1314 1997 eos
1350 1934 1437 1998 de
1478 1934 2054 1997 consummatione
2093 1935 2338 1998 saeculi
2381 1944 2448 2001 et
2479 1937 2618 2000 eius

194 2041 503 2118 tempore
547 2036 804 2099 curiose
845 2057 1057 2119 agere,
1090 2037 1457 2100 necessarie
1499 2035 1627 2100 hoc
1673 2038 1740 2100 in
1782 2036 1929 2099 loco
1973 2037 2150 2100 istud
2198 2035 2462 2113 adiecit,
2491 2037 2617 2101 hoc

197 2144 295 2199 est
324 2161 338 2201 ε
385 2144 401 2170 ‘
421 2138 879 2221 relinquentes
926 2138 1054 2213 illa,
1088 2137 1254 2202 haec
1285 2140 1467 2221 agite
1496 2148 1564 2203 et
1595 2140 1682 2202 de
1726 2137 1828 2202 his
1858 2147 2074 2202 estote
2105 2137 2385 2209 solliciti.
2419 2147 2489 2202 et
2532 2140 2619 2203 de
2656 2157 2725 2222 15

192 2240 319 2304 illis
364 2244 453 2307 ad
503 2242 893 2307 alterutrum
938 2242 1277 2325 disputate
1322 2264 1443 2326 pro
1484 2242 1823 2307 communi
1867 2242 2202 2307 utilitate!
2291 2250 2446 2325 post
2487 2243 2617 2310 hoc

197 2363 352 2408 uero
384 2344 786 2410 exhortatur
814 2367 929 2410 eos
960 2346 1186 2411 dicens
1213 2368 1227 2411 :

326 2533 640 2597 rogamus
680 2523 897 2578 autem
942 2534 1069 2592 uos,
1084 2513 1363 2597 fratres,
1393 2512 1556 2579 scire
1595 2535 1697 2578 eos
1738 2513 1856 2598 qui
1895 2515 2197 2580 laborant
2232 2514 2304 2580 in
2342 2516 2519 2581 uobis
2561 2525 2625 2581 et

182 2621 507 2693 praesunt
547 2615 727 2679 uobis
769 2616 839 2679 in
883 2616 1165 2680 Domino
1200 2628 1263 2681 et
1302 2617 1651 2681 admonent
1685 2638 1797 2680 uos
1813 2640 1846 2692 ‚·
1889 2617 2226 2682 aestimate
2262 2638 2363 2682 eos
2400 2630 2618 2701 super-

193 2717 441 2784 abunde
473 2719 545 2783 in
575 2719 846 2783 caritate
858 2730 1122 2802 propter
1146 2732 1301 2803 opus
1325 2741 1543 2784 eorum
1562 2744 1593 2796 ,·
1626 2732 1849 2803 pacem
1877 2720 2096 2786 habete
2125 2722 2194 2785 in
2221 2743 2336 2786 eos.
2647 2736 2732 2784 20

296 2919 324 2954 ο
357 2914 414 2957 ut
435 2913 491 2957 et
514 2905 588 2956 illi
613 2914 730 2956 tunc
753 2906 923 2956 uiuent
952 2907 997 2956 C
1016 2908 1165 2968 (corr)
1379 2927 1411 2971 4
1443 2907 1763 2972 adquiremus
1790 2907 1833 2956 C
1855 2905 2003 2971 (corr)
2232 2920 2259 2970 5
2295 2914 2550 2971 resurgent
2579 2909 2625 2956 C

203 2982 347 3052 (corr)
523 2988 557 3040 6
590 2990 1058 3054 incorruptibilitate
1080 2992 1148 3039 H
1168 2989 1176 3052 Ι
1204 2990 1526 3040 mutabuntur
1553 2990 1596 3039 C
1618 2990 1766 3050 (corr)
1950 2991 1982 3038 8
2014 2987 2190 3050 salute,
2217 2989 2382 3038 futura
2406 2991 2452 3038 C
2472 2988 2618 3053 (corr)

203 3081 235 3132 9
264 3070 410 3123 nobis
430 3088 515 3123 om
532 3072 602 3120 Η
793 3087 851 3121 ιο
884 3075 936 3121 in
957 3088 1035 3121 om
1058 3073 1125 3121 Η
1147 3070 1156 3136 Ι
1183 3073 1471 3121 alterutrum
1498 3069 1614 3136 (sor
1633 3087 1760 3120 unus
1783 3069 1855 3134 u.)
1880 3088 1913 3120 r
2143 3087 2196 3121 11
2236 3070 2361 3120 illud
2384 3070 2482 3135 (ast
2501 3070 2617 3134 fac.)

199 3150 303 3200 add
324 3152 369 3201 C
504 3169 561 3203 12
596 3169 658 3203 eo
680 3153 801 3219 quid
830 3152 907 3202 C*
932 3154 1002 3202 Η
1055 3153 1582 3203 e0...exhortatione1n
1603 3169 1682 3202 om
1705 3169 1738 3202 r
1871 3170 1930 3217 ¹4
1964 3152 2241 3202 necessario
2263 3168 2296 3201 r
2413 3152 2472 3204 16
2505 3163 2619 3220 post

200 3225 322 3280 haec
348 3231 392 3281 C
411 3232 565 3294 (corr)
732 3247 794 3283 20
828 3234 878 3283 in
901 3233 974 3283 eis
1001 3234 1044 3283 C
1065 3233 1214 3294 (corr)

205 3380 433 3438 fuerimus
466 3403 498 3438 e
524 3387 632 3437 uita
663 3387 774 3448 hac,
801 3403 976 3437 omnes
1008 3387 1164 3437 uitam
1198 3388 1358 3437 incor-

208 3472 398 3529 ruptam
421 3468 796 3534 adquiramus.”

278 3560 319 3594 1·
382 3549 469 3600 hoc
511 3550 647 3601 enim
685 3551 808 3600 duit
857 3551 1207 3617 ‘uigilemus’J
1286 3551 1358 3601 So

211 3624 406 3692 Chrys.:
442 3634 501 3682 ἄν
518 3650 576 3681 τε
598 3630 682 3682 οὖν
697 3635 1012 3693 ἀποθάνωμεν
1037 3635 1094 3682 ἄν
1109 3652 1165 3681 τε
1187 3635 1356 3693 ζῶμεν,

209 3707 312 3762 μετ’
345 3714 490 3763 αὐτοῦ
506 3714 766 3773 ζησόμεθα.
815 3714 991 3764 Thdt.:
1028 3714 1359 3776 ἐγρηγορότας

211 3787 305 3851 ’γὰρ
337 3792 567 3844 ἐκάλεσεν
607 3796 717 3845 τοὺς
760 3797 835 3844 ἔτι
878 3793 988 3843 κατ’
1040 3796 1222 3843 ἐκεῖνον
1274 3796 1357 3843 τὸν

215 3876 371 3936 Καιρὸν
421 3879 688 3942 περιόντας·
773 3881 1088 3930 καθεύδοντας
1145 3881 1199 3929 δὲ
1251 3881 1359 3931 τοὺς

215 3959 623 4022 τετελευτηκότας.
691 3963 876 4028 Comp.
915 3970 1072 4026 supra
1102 3978 1169 4013 on
1205 3978 1250 4011 c.
1288 3962 1350 4013 iv·

222 4046 293 4096 15.

281 4129 323 4179 7·
370 4138 531 4174 omnes
553 4124 959 4187 immutabimur]
998 4141 1018 4175 1
1040 4125 1156 4175 Cor.
1177 4141 1259 4174 xv.
1277 4137 1357 4189 51.

218 4194 322 4248 The
354 4202 500 4256 Latin
528 4208 768 4266 versions‚
802 4209 1075 4273 supported
1107 4209 1177 4272 by
1202 4224 1232 4258 a
1266 4208 1360 4257 few

218 4275 375 4331 Greek
388 4288 570 4353 copies,
605 4289 819 4340 inserted
843 4306 945 4339 non
960 4307 982 4347 ,·
1025 4305 1108 4339 see
1142 4291 1355 4340 Hieron.

220 4367 289 4422 sp·
326 4380 430 4434 119-
497 4372 605 4422 Our
638 4372 904 4423 translator
933 4372 1057 4424 with
1093 4373 1172 4422 his
1210 4373 1356 4423 usual

219 4435 398 4509 fidelity
448 4452 654 4502 adheres
708 4459 763 4501 to
819 4450 960 4502 Th.'s
1015 4459 1136 4502 text.
1212 4451 1356 4503 With

222 4516 354 4576 'fh-’s
373 4544 455 4581 use
486 4533 541 4583 of
569 4534 654 4585 the
690 4533 896 4586 citation
931 4533 994 4583 cr.
1024 4533 1180 4584 Thdt.
1208 4533 1356 4583 aaz:

1461 3389 1516 3437 οὒ
1557 3389 1658 3451 γὰρ
1695 3388 1838 3448 μόνον
1883 3390 1928 3439 οὶ
1971 3390 2363 3451 τετελευτηκότες
2406 3390 2617 3450 ἀναστή-

1459 3465 1630 3517 σονται
1652 3468 1910 3530 ἄφθαρτοι,
1944 3466 2076 3518 ἀλλὰ
2099 3471 2178 3518 καὶ
2201 3471 2245 3518 οὶ
2278 3474 2350 3518 ἔτι
2381 3468 2619 3533 περιόντες

1459 3555 1548 3612 τὴν
1570 3548 1849 3613 ἀφθαρσίαν
1871 3551 2160 3600 ἐνδύσονται.

1530 3650 1605 3684 10.
1673 3650 1810 3682 unus
1837 3634 2021 3695 unum]
2061 3635 2125 3684 εἷς
2160 3636 2244 3683 τὸν
2284 3633 2382 3682 ἕνα.
2450 3631 2517 3683 0.
2554 3631 2615 3680 L.

1457 3716 1559 3765 and
1583 3716 1754 3780 vulg„
1786 3714 2185 3766 “alterutrum.”

1533 3809 1606 3846 12.
1675 3798 1886 3861 eoquod
1913 3797 1985 3845 ad
2003 3804 2170 3860 prop„
2215 3794 2329 3856 δια]
2387 3796 2486 3846 Le.
2531 3797 2617 3847 the

1459 3885 1660 3943 present
1681 3894 1822 3929 verse
1845 3878 1957 3928 falls
1977 3879 2109 3928 back
2125 3893 2263 3942 upon
2287 3878 2372 3927 the
2388 3877 2617 3928 exhorta-

1459 3961 1567 4009 tion
1589 3961 1649 4009 of
1674 3977 1718 4011 c.
1744 3960 1810 4009 iv.
1841 3961 1925 4020 183
1960 3960 2046 4009 the
2069 3960 2283 4024 Apostle
2308 3959 2495 4024 having
2517 3962 2615 4010 dis-

1460 4042 1643 4092 missed
1666 4041 1738 4090 all
1759 4041 1861 4091 idle
1882 4042 2131 4106 enquiries
2157 4057 2213 4090 as
2235 4049 2290 4091 to
2312 4041 2398 4091 the
2421 4042 2542 4091 time
2564 4043 2624 4092 of

1460 4122 1546 4173 the
1583 4123 1807 4180 Advent,
1839 4131 1980 4173 turns
2017 4130 2072 4172 to
2109 4138 2141 4171 a
2179 4140 2317 4174 more
2350 4124 2616 4188 profitable

1459 4203 1668 4268 subject,
1707 4204 1824 4254 viz.=
1858 4205 1944 4255 the
1977 4205 2166 4270 pursuit
2196 4206 2256 4256 os
2287 4205 2478 4256 mutual
2513 4207 2615 4257 edi·

1458 4287 1680 4338 fication.

1528 4386 1605 4435 19.
1672 4372 1925 4421 aestimate
1941 4388 2015 4421 eos
2036 4371 2395 4436 superabunde]
2462 4372 2526 4423 Ο.
2550 4373 2606 4422 L.

1457 4453 1557 4501 and
1582 4452 1752 4516 Vulg„
1791 4455 1830 4480 ‘⁶
1846 4459 1902 4503 ut
1941 4453 2171 4504 habeatis
2207 4453 2322 4503 illos
2356 4453 2615 4503 abundan-

1457 4532 1605 4583 tius.”
1673 4534 1791 4593 Th„
1827 4550 1883 4585 or
1926 4534 2005 4584 his
2049 4535 2332 4592 translator,
2365 4533 2458 4584 bas
2496 4535 2614 4584 read

2274 4649 2437 4711 3—2·
