3221 5116
370 390 501 458 111.
543 409 594 468 1,
624 392 712 477 2.]

1087 407 1172 459 IN
1219 408 1325 462 ΕΡ.
1370 409 1473 460 AD
1520 409 1986 463 TIMOTHEUM
2034 411 2109 463 11.

2660 417 2788 484 213

367 575 672 642 uolentes
696 578 1066 662 suscipere.’
1111 579 1356 644 deinde
1378 589 1448 645 et
1470 579 1842 645 futurorum
1868 581 1935 643 in
1958 579 2339 644 nouissimis
2370 581 2786 663 temporibus

369 683 693 747 memoria
736 681 1122 748 consolatur
1163 683 1439 748 beatum
1476 682 1913 749 Timotheum
1956 691 2031 747 ut
2077 704 2208 747 non
2247 683 2475 749 animo
2516 683 2786 751 deficiat

367 805 489 869 pro
520 787 935 870 prauissimis
966 787 1379 872 temporibus
1413 787 1533 871 [et]
1565 786 1988 853 hominibus:

495 931 611 997 lcoc
647 933 916 1019 (inquit)
957 956 1242 1020 cognosce
1278 935 1585 1021 quoniam
1626 934 1695 999 in
1747 933 2125 1000 nouissimis
2169 934 2395 1000 diebus
2449 933 2789 1000 instabunt

368 1048 647 1124 tempora
661 1039 1039 1123 pmculosa.

498 1165 843 1230 consueuit
874 1186 1163 1249 namque
1208 1164 1610 1231 deteriorum
1656 1164 1978 1229 memoria
2022 1163 2370 1228 consolare
2412 1184 2530 1230 eos
2567 1163 2683 1248 qui
2716 1164 2783 1227 in

368 1269 663 1333 moribus
710 1268 904 1333 malis
943 1277 1116 1334 sunt.
1207 1277 1274 1334 et
1324 1288 1498 1351 quae
1547 1269 1685 1334 sint
1732 1275 2040 1352 tempora
2088 1266 2458 1351 periculosa
2506 1289 2785 1354 egerens

367 1371 610 1437 adiecit
630 1393 646 1437 :

494 1522 687 1577 erunt
715 1511 980 1598 (inquit)
1012 1512 1299 1578 homines
1324 1510 1610 1597 †seipsos
1637 1522 1948 1578 amantes.

494 1642 722 1706 omnia
752 1642 836 1707 ad
870 1662 1060 1706 suam
1094 1641 1412 1705 facientes
1442 1638 1804 1704 utilitatem
1836 1638 1943 1703 uel
1974 1638 2620 1721 modificationem*

494 1784 714 1869 cupidi
723 1785 1167 1869 pecuniarum.

496 1910 654 1996 quia
684 1922 751 1978 et
780 1912 1076 1978 studium
1109 1930 1307 1977 omne
1338 1909 1736 1994 expendunt
1766 1910 1834 1973 in
1865 1909 2258 1994 colligendis
2287 1912 2603 2001 pecuniis,

494 2047 717 2127 †elati.

493 2176 607 2260 qui
640 2177 890 2243 iactant
917 2198 990 2242 se
1020 2176 1134 2242 illa
1163 2175 1410 2244 habere
1441 2195 1615 2264 quae
1645 2195 1781 2240 non
1810 2174 2080 2244 habent.

490 2320 759 2403 superbi.

494 2443 607 2526 qui
638 2462 884 2525 magna
913 2442 1181 2526 sapiunt
1210 2462 1333 2526 pro
1364 2442 1491 2506 illis
1522 2417 1697 2526 quse
1725 2442 1972 2509 habere
2003 2444 2332 2510 uidentur.

493 2589 781 2668 Φίλαγτοῖ
823 2591 990 2659 εἰσιν
1027 2591 1094 2659 οἱ
1134 2592 1357 2659 πάντα
1392 2591 1558 2681 πρὸς
1594 2592 1717 2675 τὴν
1762 2592 2009 2661 ἑαυτῶν
2052 2592 2376 2681 ὠφέλειαν
2420 2598 2786 2669 ποιοῦντες·

359 2696 676 2775 ‹illudat-:Q
721 2694 1136 2786 καυχώμενοι
1194 2697 1376 2785 ἔχειν
1434 2694 1479 2761 ἃ
1534 2695 1629 2780 μὴ
1687 2695 1988 2786 ἔχουσιν·
2060 2700 2469 2786 Ῠπεριόφακοι,
2519 2699 2782 2785 μεγάλα

460 2861 490 2911 3
524 2848 736 2913 tempori
764 2849 809 2899 C
827 2847 977 2914 (corr)
1004 2848 1015 2914 Ι
1044 2858 1095 2900 et
1115 2866 1193 2903 om
1221 2850 1266 2900 C
1275 2850 1338 2901 H
1347 2866 1378 2899 r
1402 2846 1411 2915 Ι
1440 2849 1567 2901 sicut
1589 2850 1814 2915 sequitur
1834 2849 1886 2899 in
1909 2851 2133 2901 subiecto
2154 2849 2319 2915 eapite
2342 2805 2444 2915 (asi
2453 2849 2611 2913 bom.)
2631 2852 2738 2902 add
2751 2871 2785 2904 r

359 2931 393 2983 6
427 2931 719 2981 immoribus
753 2930 867 2996 (sor
893 2931 946 2988 in
980 2930 1127 2992 mor.)
1161 2932 1230 2981 H

361 3013 629 3064 ostendens
651 3029 684 3063 r
826 3014 857 3063 8
893 3013 1045 3065 adicit
1074 3016 1120 3065 C
1135 3029 1167 3062 r

359 3095 458 3147 H*

426 3234 474 3278 4.
543 3215 632 3265 hoc
661 3231 880 3280 cognosce
911 3215 1173 3281 quoniam]
1228 3214 1379 3265 Latin
1410 3229 1519 3264 ver·

359 3295 510 3357 sions,
539 3301 572 3325 ‘⁸
586 3297 683 3347 hoc
705 3304 874 3348 autem
896 3298 1023 3347 scito
1044 3294 1233 3362 quod.”

425 3377 475 3428 6.
539 3378 596 3428 in
619 3379 838 3428 moribus
856 3379 1028 3440 maltk]
1064 3379 1161 3429 See
1182 3394 1263 3429 vv,
1287 3378 1338 3433 11.
1395 3377 1514 3429 For.

358 3457 458 3524 leg.
482 3460 539 3509 in
561 3460 856 3525 temporibus
873 3460 1036 3510 maus.
1083 3459 1166 3509 Cf.
1183 3459 1362 3525 ChryS.
1376 3459 1518 3507 adh:

360 3537 592 3603 χαλεποί,
641 3543 911 3599 τουτέστιν,
957 3539 1082 3591 πάνυ
1128 3541 1344 3605 πονηροί.
1434 3540 1521 3590 He

360 3624 517 3676 adds:
563 3626 672 3686 οὐχὶ
717 3627 803 3676 τὰς
845 3625 1022 3689 ἡμέρας
1065 3624 1345 3688 διαβάλλων
1385 3624 1522 3683 λέγει

362 3707 469 3756 οὐδὲ
514 3707 623 3757 τούς
667 3708 871 3770 καιρούς,
921 3707 1054 3756 ἀλλὰ
1091 3708 1202 3757 τοὺς
1247 3707 1523 3769 ἀνθρώπους

360 3789 470 3838 τοὺς
489 3789 602 3837 τότε
623 3789 764 3840 ὄντας
787 3787 870 3854 (cs.
896 3801 935 3838 1.
959 3805 1009 3854 p.
1039 3803 1087 3850 5,
1114 3787 1148 3838 l.
1182 3802 1235 3838 1¹
1262 3786 1383 3853 sq.).

432 3883 510 3919 10.
565 3871 648 3919 uel
652 3871 1098 3936 prodificateonem]
1162 3871 1224 3919 In
1247 3871 1333 3920 the
1357 3871 1520 3919 Intro·

363 3944 569 3995 duction
594 3945 650 4010 (1.
678 3961 729 4010 p.
754 3945 923 4010 xxxvi)
950 3947 977 3995 I
998 3947 1127 3996 have
1148 3946 1399 4012 proposed
1421 3954 1522 4011 pro

362 4026 668 4075 delectatione
679 4044 699 4084 ,·
731 4027 824 4077 but
854 4028 940 4077 the
972 4027 1250 4078 correction
1280 4044 1397 4078 now
1429 4027 1518 4077 ad-

362 4105 538 4156 mitted
562 4105 605 4155 is
625 4106 750 4156 both
777 4107 982 4171 simplet
1014 4108 1114 4158 and
1146 4124 1286 4159 more
1319 4109 1373 4157 in
1404 4107 1519 4158 har-

363 4204 516 4254 mony
539 4189 659 4240 with
682 4189 768 4240 the
800 4189 902 4240 Gk.
973 4191 1076 4241 For
1094 4192 1407 4257 prodificum
1436 4208 1519 4242 see

366 4283 404 4320 1.
428 4287 479 4337 p.
511 4274 622 4334 287,
649 4271 684 4321 l.
716 4288 733 4321 ι
744 4286 789 4334 5,
819 4278 955 4321 note.

433 4366 453 4400 1
467 4367 507 4402 1.
567 4350 736 4416 cupHi
776 4350 1131 4415 pecuniarum]
1208 4353 1515 4418 φιλάργυροι.

362 4431 535 4496 Vulg„
578 4429 869 4499 “cupidi;''
901 4431 966 4482 cf.
1011 4444 1071 4482 11.
1107 4449 1160 4498 p.
1208 4436 1313 4494 180,
1356 4434 1389 4483 l.
1438 4440 1511 4495 18,

361 4522 495 4566 note.

1321 3029 1382 3064 10
1414 3028 1507 3078 pro
1529 3011 1810 3063 defectione
1834 3013 1947 3077 (jor
1966 3013 2170 3078 prodis.)
2199 3014 2318 3063 CH
2326 3030 2359 3062 r

639 3109 696 3160 17
731 3111 806 3161 sq.
832 3095 990 3146 Coisl.
1016 3112 1126 3160 204,
1153 3095 1191 3144 f.
1217 3096 1312 3146 218
1334 3110 1365 3144 a
1387 3094 1498 3158 [Cr.
1522 3093 1608 3143 vii.
1637 3106 1714 3157 71,
1744 3094 1829 3144 Fr.
1860 3092 1973 3156 156]
2008 3091 2253 3158 θεὸδωρος.
2321 3096 2564 3158 φίλαυτοι,
2594 3100 2746 3148 κ.τ.λ.

1449 2942 1475 2994 7
1509 2929 1629 2979 mali
1668 2928 1745 2996 Cl
1774 2946 1981 2996 egerens
2022 2930 2193 2982 CUI
2214 2947 2518 2996 exaggerans
2556 2933 2600 2983 C
2631 2933 2780 2995 (corr)

2500 3027 2560 3075 14
2593 3013 2680 3082 qui
2701 3032 2781 3066 om

1693 3228 1769 3277 ¹3·
1823 3214 1964 3276 elati]
2019 3213 2101 3265 Cs.
2146 3226 2208 3266 11.
2246 3231 2299 3281 p.
2336 3231 2444 3280 1¹3,
2484 3217 2521 3267 1.
2563 3234 2607 3275 1,
2643 3226 2780 3269 note.

1624 3293 1726 3344 For
1748 3293 1833 3345 the
1854 3294 2144 3345 distinction
2166 3295 2394 3347 between
2421 3294 2648 3357 ἀλαζόνες
2679 3299 2781 3348 and

1622 3373 1917 3440 ὑπερήφανοι
1950 3391 2113 3443 comp.
2151 3377 2305 3428 Thdt.
2343 3393 2412 3429 on
2446 3377 2598 3429 Rom.
2626 3379 2661 3428 i.
2688 3395 2780 3443 30:

1624 3457 2049 3523 ὑπερηφάνους,
2087 3460 2197 3512 τοὺς
2225 3457 2298 3525 ἐφ’
2328 3460 2395 3513 012
2417 3461 2612 3523 ἔχουσιν
2634 3464 2780 3512 πλεο-

1622 3542 1917 3601 νεκτήμασιν
1959 3543 2157 3610 μεγάλα
2201 3544 2510 3609 φρονοῦντακ·
2568 3544 2780 3605 ἅλαζό·

1623 3639 1750 3680 νας,
1784 3624 1896 3673 τοὺς
1929 3621 2155 3684 οὐδεμίαν
2186 3625 2275 3684 μὲν
2307 3625 2512 3686 ἔχοντας
2533 3625 2780 3689 πρόφασιν

1622 3708 1694 3756 εἰς
1719 3706 2021 3767 φρονήματος
2050 3707 2210 3767 ὄγκον,
2244 3703 2407 3766 μάτην
2439 3707 2492 3756 δὲ
2526 3709 2781 3769 φυσιουμέ-

1622 3803 1740 3839 vous.
1807 3786 1884 3835 As
1909 3786 2113 3849 regards
2145 3787 2353 3851 ἀλαζών,
2393 3786 2480 3836 the
2512 3786 2708 3837 remark
2739 3788 2782 3837 is

1621 3882 1678 3917 as
1698 3867 1785 3917 old
1806 3883 1863 3917 as
1884 3867 2128 3917 Aristotle
2151 3867 2296 3928 (Eth.
2312 3867 2430 3917 Nic.
2446 3867 2513 3917 iv.
2533 3882 2617 3933 13:
2652 3871 2786 3920 δοκεῖ

1623 3951 1685 4009 δὴ
1728 3950 1756 3999 ὁ
1798 3951 1992 4015 ἀλαζὼν
2033 3952 2407 4015 προσποιητικὸς
2443 3954 2540 4002 τῶν
2580 3951 2780 4015 ἐνδόξων

1623 4031 1757 4087 εἶναι,
1798 4032 1880 4080 καὶ
1910 4034 1982 4093 μὴ
2013 4026 2333 4095 ὑπαρχόντων
2370 4031 2450 4081 καὶ
2485 4032 2710 4092 μειζόνων
2749 4031 2784 4093 ἥ

1621 4110 1845 4175 ὑπάρχει.
1929 4114 2110 4180 Comp.
2162 4113 2379 4174 Trencb,
2429 4116 2552 4178 Syn.
2602 4115 2667 4179 qs
2699 4115 2780 4165 tlac

1619 4194 1694 4244 Ν.
1722 4196 1778 4245 T.
1809 4208 1847 4245 1.
1872 4212 1924 4260 p.
1954 4212 2063 4247 ιιι.
2131 4195 2778 4260 Lanfranchaspreserved

1621 4273 1707 4325 the
1744 4275 2010 4325 substance
2052 4274 2114 4324 of
2148 4273 2292 4324 Th.’s
2335 4274 2683 4339 explanatione.
2726 4275 2786 4325 of

1619 4354 1860 4421 ἅλαζύνα»
1888 4355 2205 4419 ὑπερήφανοι,
2222 4353 2525 4421 βλάσφημοι,
2543 4356 2776 4421 διάβολοι,

1617 4439 1963 4499 τετυφωμένοι.

2817 1652 2900 1700 10

2817 2363 2889 2431 15
