3221 5116
294 362 383 428 11.
413 379 475 446 9,
515 361 635 447 1o.]
1146 377 1229 427 IN
1278 378 1387 428 ΕΡ.
1435 377 1540 428 AD
1585 376 1851 429 TITUM.

2580 377 2710 440 249

420 548 439 576 ‘
463 545 530 606 in
583 544 894 608 omnibus
943 542 1209 628 (inquit)
1259 546 1453 610 bonis
1503 546 1818 630 operibus
1862 549 1948 612 de
1993 544 2235 630 quibus
2279 544 2446 610 alios
2488 545 2708 621 doces,

276 649 580 731 teipsum
643 649 926 712 sormam
1006 651 1268 731 praebe,
1330 670 1600 716 omnem
1670 652 2051 715 castitatem
2121 650 2282 734 ipsis
2350 647 2712 713 ostendens

290 751 620 836 operibu5‚
652 760 719 815 et
748 771 949 814 omne
979 753 1295 835 quicquid
1327 753 1579 818 bonum
1614 763 1716 818 est
1747 763 1814 818 et
1846 754 1932 817 ab
1978 753 2162 817 omni
2204 750 2709 835 reprehensione

291 864 397 918 est
442 856 730 918 alienum
783 875 1049 934 enarra3
1114 855 1207 919 ita
1261 865 1336 920 ut
1387 858 1528 922 uita
1581 866 1811 922 nostra
1860 857 2276 921 aduersarios
2328 856 2711 921 erubescere

294 956 527 1033 facere,
559 959 721 1021 dum
755 957 917 1021 nihil
949 958 1033 1021 de
1065 958 1258 1023 nobis
1289 970 1568 1043 possunt
1600 962 1817 1025 dicere
1848 957 2165 1044 prauum.'
2781 969 2815 1038 5

421 1112 640 1158 seruos
663 1091 806 1155 suis
832 1091 1118 1155 dominis
1143 1091 1432 1157 subditos
1458 1115 1602 1160 esse.

428 1212 615 1275 deest
646 1213 850 1276 etiam
883 1212 1010 1277 hoc
1042 1212 1109 1277 in
1142 1211 1291 1277 loco
1325 1212 1565 1277 ‘doce'

429 1356 499 1419 in
528 1356 837 1420 omnibus.

424 1476 619 1539 dicit:
674 1481 690 1509 ‘
714 1475 767 1538 si
819 1474 948 1538 hoc
997 1476 1288 1539 dominis
1342 1474 1604 1539 libitum
1653 1474 1888 1540 fuerit!
1995 1474 2177 1558 quod
2209 1474 2413 1538 etiam
2457 1475 2521 1539 in
2556 1476 2709 1541 sub-

294 1580 723 1662 sequentibus
754 1581 1165 1658 euidentius;
1209 1580 1279 1642 in
1321 1579 1618 1644 omnibns
1657 1580 1724 1644 id
1767 1580 1945 1656 dicit,
1976 1579 2142 1644 ‘illis
2172 1601 2345 1662 quae
2375 1582 2462 1646 ad
2492 1581 2707 1646 solum
2742 1594 2822 1642 10

295 1683 628 1766 pertinent
677 1683 1105 1766 obsequium.'
1197 1704 1317 1748 nec
1370 1692 1596 1750 autem
1650 1694 1725 1749 ut
1774 1687 1859 1749 ad
1909 1686 2323 1768 impietatem
2370 1694 2713 1751 uertantur

297 1786 680 1868 publicauit,
712 1788 937 1851 dicens
965 1812 979 1851 :

428 1941 552 1984 non
582 1922 1088 2002 contradicentes,
1121 1944 1247 1987 non
1262 1924 1683 2008 fraudantes.

428 2051 522 2115 ita
569 2058 643 2114 ut
694 2072 827 2115 non
880 2062 1200 2136 spernant
1257 2064 1617 2137 praecepta
1675 2053 2097 2120 dominorum
2161 2071 2450 2129 suorum,
2497 2070 2714 2134 neque

297 2156 599 2221 fraudem
679 2155 971 2238 aliquam
1048 2155 1367 2246 dominis·
1401 2158 1536 2221 suis
1610 2156 1897 2221 inferant
1968 2165 2086 2220 aut
2158 2154 2408 2238 aliquid
2484 2174 2710 2219 eorum
2747 2162 2819 2230 15

296 2257 613 2323 furentur.

427 2393 547 2458 sed
566 2394 777 2479 fidem
835 2395 1020 2472 omni
1070 2395 1458 2460 ostendentes
1514 2397 1761 2475 bonam,
1815 2406 1894 2460 ut
1947 2394 2308 2459 doctrinam
2365 2394 2718 2458 saluatoris

299 2498 511 2563 nostri
533 2497 669 2563 Dei
692 2509 921 2564 ornent
948 2500 1019 2565 in
1049 2500 1362 2566 omnibns.

429 2626 631 2689 ‘doce
666 2625 931 2709 (inquit)
976 2646 1092 2690 eos
1122 2635 1198 2690 ut
1239 2647 1511 2690 omnem
1553 2624 1756 2692 fidem
1801 2627 1938 2691 suis
1979 2624 2346 2691 exhibeant
2387 2625 2717 2708 dominis;

299 2728 393 2791 sic
454 2728 632 2790 enim
689 2728 816 2792 Dei
878 2730 1181 2795 doctrina
1234 2730 1552 2795 mirabilis
1597 2732 1947 2805 uidebitur,
2002 2751 2084 2795 eo
2131 2731 2312 2815 quod
2372 2737 2440 2793 et
2491 2750 2717 2795 seruos
2744 2743 2831 2792 20

298 2835 470 2898 tales
508 2854 666 2916 erga
710 2833 1019 2897 dominos
1065 2833 1386 2898 exhibeat
1432 2833 1627 2900 suos!
1716 2844 1784 2899 et
1826 2834 2186 2899 ostendens
2230 2833 2547 2917 quoniam
2578 2834 2719 2915 pie-

301 2940 426 3003 tati
486 2940 909 3004 studentibus
954 2939 1353 3002 conueniens
1399 2940 1485 3003 sit
1536 2940 1833 3003 maxime
1878 2939 2086 3002 uitam
2132 2959 2322 3001 suam
2365 2935 2720 3000 uirtutibus

303 3040 671 3119 inlustrare,
705 3043 846 3105 siue
876 3061 1067 3104 senes
1096 3042 1231 3106 sint
1267 3042 1409 3106 siue
1451 3042 1739 3119 iuueneS,
1771 3043 1911 3106 siue
1948 3042 2120 3105 serui
2164 3042 2305 3106 siue
2342 3040 2545 3119 liberi,
2578 3041 2720 3105 siue

308 3144 434 3207 uiri
467 3144 609 3208 siue
642 3143 985 3207 mulieres:

402 3285 433 3329 4
465 3265 630 3316 aliena
653 3265 721 3316 H
954 3278 982 3328 5
1019 3266 1099 3317 sac
1126 3267 1169 3316 C
1189 3266 1338 3331 (corr)
1623 3283 1683 3319 10
1714 3270 1800 3334 qui
1824 3269 1943 3333 (for
1960 3268 2059 3319 iuis
2082 3269 2231 3333 quae)
2255 3285 2288 3318 r
2464 3283 2522 3318 ια
2556 3266 2719 3334 pupli-

301 3349 435 3400 cauit
464 3350 509 3399 C
724 3363 779 3412 ¹3
814 3347 1099 3398 fraudentes
1126 3347 1205 3398 C*
1409 3362 1465 3412 17
1500 3350 1708 3400 omnino
1740 3348 1856 3416 (fir
1874 3350 2032 3416 omni)
2061 3351 2104 3401 C
2126 3350 2275 3413 (corr)
2472 3367 2531 3401 αι
2559 3366 2636 3416 sq.
2670 3357 2723 3399 et

301 3429 868 3479 ostendens...mulieres
889 3444 967 3477 om
990 3444 1023 3477 r
1046 3428 1055 3493 Ι
1085 3429 1271 3494 pietate
1298 3429 1342 3479 C
1359 3430 1426 3479 H
1647 3444 1711 3494 23
1744 3430 1849 3481 seni
1870 3431 1941 3481 II

299 3543 451 3603 Itala,
464 3543 671 3608 p.217);
696 3541 755 3592 of
772 3539 1046 3603 σεμνότητα
1064 3558 1156 3592 our
1169 3541 1466 3593 translation
1566 3544 1753 3595 iustum
1785 3543 1914 3595 est-'⁹
1990 3542 2072 3594 Cf.
2098 3544 2296 3608 Pelag.:
2353 3542 2457 3592 “in
2490 3542 2723 3591 omnibus

303 3625 466 3675 shews
500 3641 569 3674 no
605 3633 759 3686 trace,
782 3626 874 3675 but
907 3625 948 3674 it
982 3641 1099 3690 may
1131 3626 1199 3675 be
1231 3624 1465 3674 reflected

306 3707 372 3771 by
391 3706 663 3755 castitatem
694 3706 748 3755 in
779 3705 865 3756 the
898 3721 1082 3756 comm.
1106 3707 1163 3768 (1.
1197 3720 1258 3765 23
1291 3705 1357 3757 cs.
1398 3718 1459 3755 11.

305 3802 355 3851 p.
387 3786 495 3845 126,
535 3787 570 3837 l.
609 3786 686 3845 16,
723 3789 880 3850 note).
950 3787 1157 3852 Among
1192 3787 1279 3837 the
1313 3786 1465 3835 Latin

307 3869 600 3918 authorities
632 3871 753 3919 Am.
788 3870 879 3919 has
916 3873 948 3897 ‘⁶
965 3869 1322 3935 integritatem,
1357 3884 1467 3932 gra·

306 3941 579 4005 uitatem;''
614 3945 779 4005 Fuld„
808 3946 911 3995 “in
944 3946 1241 4011 integritate,
1270 3948 1322 3995 in
1355 3962 1465 4011 gra-

308 4025 515 4075 uitate.”

572 4028 752 4077 Dicere
761 4037 989 4093 prauum
1001 4047 1022 4087 ,-
1054 4029 1205 4083 Latin
1226 4029 1464 4088 versions,

314 4108 351 4132 “
367 4106 555 4155 malum
577 4104 663 4155 d.'’

374 4214 422 4258 4.
489 4195 563 4243 ita
597 4194 895 4259 ut...facere]
964 4196 1187 4256 R'onsch,
1222 4198 1376 4255 Itala,
1411 4213 1461 4261 p.

313 4292 426 4431 443.
494 4365 645 4414 dicit:
697 4365 776 4414 ‘si
820 4365 944 4425 ἤρα’
990 4365 1104 4428 &c.]
1173 4367 1473 4431 Something

309 4465 474 4501 seems
492 4457 546 4499 to
567 4449 631 4498 be
655 4449 784 4509 lost;
817 4448 998 4513 supply
1019 4449 1249 4515 perhaps,
1285 4452 1469 4515 “quod

1566 3642 1696 3691 quae
1730 3625 1977 3691 imperant
2015 3622 2200 3674 iusta.”
2265 3623 2418 3673 Thdt.
2459 3623 2600 3686 gives
2637 3622 2724 3672 the

1565 3708 1769 3772 general
1808 3723 1982 3757 sense:
2037 3709 2096 3756 τὸ
2145 3708 2231 3754 ’ἐν
2272 3703 2448 3754 πᾶσιν
2486 3703 2596 3752 ἀντὶ
2639 3700 2725 3753 τοῦ

1572 3792 1587 3816 ⁸
1606 3792 1705 3842 τοῖς
1737 3786 1805 3852 τῇ
1834 3786 2089 3850 σωματικῇ
2122 3788 2218 3838 τῶν
2256 3784 2506 3836 δεσποτῶν
2547 3783 2724 3849 ἁρμότ-

1566 3890 1731 3923 τουσιν
1756 3873 2009 3934 θεραπείᾳ·
2040 3874 2150 3920 οὔτε
2179 3871 2278 3933 γὰρ
2312 3872 2357 3917 εἰ
2392 3866 2576 3917 κελεύει
2612 3871 2719 3918 δεσ·

1567 3951 1720 4014 τότης
1789 3952 2055 4017 δυσσεβεΐν,
2125 3947 2380 3999 ὑπακούειν
2441 3946 2513 4012 τῷ
2566 3948 2723 4013 δούλῳ

1570 4032 1897 4097 προστάττει)

1641 4128 1716 4177 17.
1781 4114 1943 4177 fidem
1986 4112 2128 4162 omni
2162 4109 2271 4171 ost.]
2340 4110 2410 4160 So
2449 4125 2574 4160 even
2621 4112 2722 4161 Ra-

1572 4197 1749 4245 banuS.
1816 4194 1929 4243 The
1973 4191 2185 4257 original
2220 4206 2336 4254 may
2366 4191 2497 4240 have
2526 4192 2629 4241 had
2665 4193 2724 4242 in

1571 4303 1748 4347 omm;
1804 4286 1870 4337 cf.
1919 4286 2083 4345 Pesh„
2135 4256 2537 4361 Ῥώ.
2611 4287 2724 4337 The

1576 4370 1725 4419 Latin
1748 4368 1972 4419 versions
1994 4384 2133 4432 vary,
2164 4385 2207 4418 e.
2211 4384 2259 4432 g.
2294 4368 2532 4425 Claram„

1573 4450 1733 4511 nem;'
1738 4450 2059 4508 ’.,Ambrstr
2082 4450 2253 4515 Vulg„
2309 4449 2392 4498 ‘in
2416 4447 2701 4499 omnibus’'
