3221 5116
284 378 363 461 2.]
1018 391 1099 439 IN
1152 391 1255 439 ΕΡ.
1302 389 1402 437 At)
1454 387 1981 438 PHHAEMONEM.
2580 385 2698 452 271

284 560 351 622 in
405 560 547 641 ipsa
599 559 1009 642 praefatione
1061 560 1264 622 etiam
1320 579 1434 642 eos
1484 559 2063 622 connumerandos
2110 578 2253 621 esse
2301 555 2575 629 censuit,
2629 574 2709 615 eo

287 665 466 744 quod
501 673 569 727 et
603 663 861 728 illorum
897 666 982 726 sit
1015 673 1464 741 memoratu53
1510 663 1894 726 custodiens
1936 684 2096 726 uero
2138 671 2205 725 et
2236 663 2322 725 de
2356 660 2483 723 illis
2514 677 2708 720 suum

285 766 607 842 ordinem,
655 788 789 829 non
834 767 1051 830 solum
1106 767 1263 849 quia
1318 775 1472 848 post
1519 767 1668 829 illos
1718 767 2108 829 memoriam
2159 765 2333 843 fecit,
2388 764 2508 828 sed
2553 765 2711 846 quia

287 888 412 931 nec
473 871 868 934 nominatim
931 879 1185 933 ceteros
1257 869 1450 934 dixit.
1566 870 1686 934 sed
1748 891 1884 934 una
1943 891 2111 934 uoce
2166 890 2402 933 omnes
2463 868 2714 951 pariter

288 971 571 1036 credidit
630 972 1122 1056 significandOS,
1186 974 1483 1035 maxime
1559 994 1712 1037 cum
1775 975 2050 1037 euidens
2111 973 2199 1036 sit
2258 974 2416 1055 quia
2484 994 2620 1037 non
2674 995 2714 1038 a
2789 986 2820 1053 5

289 1079 545 1141 ratione
591 1097 725 1159 qua
770 1069 941 1138 serui
988 1085 1144 1138 sunt
1192 1074 1583 1139 infirmiores
1630 1077 1919 1139 dominis
1966 1076 2333 1140 secundum
2388 1078 2713 1140 rationem

289 1190 446 1244 sunt
499 1180 812 1262 pietatis;
879 1200 917 1241 e
967 1179 1301 1242 contrario
1351 1199 1511 1241 uero
1568 1178 1794 1241 multis
1848 1179 2136 1242 dominis
2191 1178 2361 1241 serui
2413 1177 2716 1243 meliores

288 1283 655 1346 secundum
688 1283 1105 1364 propositum
1139 1280 1294 1345 fidei
1327 1291 1483 1345 sunt
1517 1283 1774 1364 reperti.
1837 1283 1953 1345 sed
1989 1281 2290 1345 nonnihil
2324 1282 2426 1345 his
2459 1283 2722 1346 curiose<

290 1388 648 1450 dicendum
681 1406 825 1448 esse
857 1386 1289 1456 existimauit,
1323 1388 1707 1450 custodiens
1738 1407 1899 1449 uero
1931 1395 1998 1450 et
2032 1386 2160 1448 illis
2193 1407 2396 1469 quam
2432 1386 2716 1449 decebat

291 1489 708 1572 sequentiam
738 1508 753 1567 ;
802 1488 972 1551 sicut
1003 1488 1179 1551 enim
1216 1488 1526 1551 maritum
1572 1497 1731 1551 ante
1764 1510 2046 1553 uxorem
2087 1489 2266 1553 dixit
2304 1499 2374 1552 et
2406 1499 2715 1571 parentes
2754 1509 2832 1555 10

292 1602 451 1656 ante
499 1592 731 1671 filium,
778 1593 873 1656 sic
919 1602 1073 1675 post
1119 1594 1430 1656 dominos
1477 1594 1681 1656 etiam
1738 1603 2108 1658 ceterorum
2159 1601 2565 1657 memoratus
2617 1604 2718 1656 est

291 1696 405 1779 qui
454 1698 519 1759 in
567 1696 821 1760 familia
865 1697 1093 1761 haberi
1139 1697 1437 1780 qualibet
1483 1699 1740 1762 ratione
1792 1699 2367 1762 existimabantur.
2459 1706 2527 1759 et
2583 1717 2715 1759 non

294 1802 472 1865 dixit
502 1800 758 1864 ‘domui
806 1802 1001 1878 tuae‚’
1033 1802 1150 1864 sed
1181 1801 1466 1864 ecclesiae
1507 1822 1674 1883 quae
1713 1812 1808 1865 est
1852 1802 1919 1865 in
1966 1801 2150 1864 domo
2193 1811 2324 1877 tua,
2358 1800 2718 1863 ostendens

296 1906 612 1987 quoniam
646 1905 993 1968 ecclesiam
1037 1926 1181 1969 esse
1224 1907 1569 1969 existimat
1602 1905 1878 1970 domum
1929 1907 1993 1968 in
2043 1926 2178 1988 qua
2214 1925 2447 1968 omnes
2490 1902 2719 1966 fideles

294 2007 522 2071 haberi
583 2010 913 2086 uidentur,
975 2018 1042 2073 et
1103 2011 1196 2073 ita
1256 2011 1497 2093 dignos
1558 2032 1672 2074 eos
1733 2011 2170 2076 existimabat
2244 2029 2513 2072 suorum
2576 2028 2720 2071 esse
2757 2026 2826 2092 15

297 2112 689 2192 scriptorum
752 2113 940 2195 quasi
1002 2114 1114 2196 qui
1190 2113 1508 2178 ecclesiae
1585 2115 1808 2178 locum
1886 2115 2264 2179 retinerent.
2360 2137 2480 2179 nec
2540 2116 2717 2178 enirn

300 2213 794 2278 multitudinem
846 2216 1138 2278 uirorum
1205 2215 1449 2279 Paulus
1497 2217 1846 2282 ecclesiam
1903 2238 2047 2280 esse
2095 2218 2347 2295 definit,
2399 2219 2514 2281 sed
2570 2239 2722 2301 pro-

299 2318 589 2399 positum
655 2318 915 2380 illorum
970 2318 1082 2399 qui
1137 2318 1246 2399 pie
1299 2319 1363 2380 in
1420 2320 1709 2400 idipsum
1764 2321 2186 2384 conueniunt.
2308 2341 2462 2384 nam
2524 2332 2593 2384 et
2655 2323 2722 2384 in

297 2420 696 2483 circensibus
729 2429 795 2483 et
828 2422 892 2482 in
925 2418 1202 2483 theatris
1235 2429 1335 2483 est
1379 2420 1879 2484 multitudinem
1923 2422 2335 2502 praespicere
2374 2422 2720 2487 hominum

299 2523 799 2598 confluentium,
853 2522 969 2585 sed
1031 2531 1258 2585 tamen
1323 2543 1456 2585 non
1520 2524 1766 2605 poterit
1829 2523 1959 2587 dici
2021 2523 2136 2587 illa
2198 2525 2558 2588 multitudo
2619 2546 2722 2589 ec·
2753 2549 2837 2596 20

301 2626 502 2689 clesia
576 2625 723 2699 Dei,
789 2633 1063 2705 propter
1132 2625 1382 2687 arbitrii
1456 2626 1855 2706 prauitatem
1919 2648 2147 2691 eorum
2209 2629 2324 2709 qui
2390 2627 2506 2691 illo
2567 2650 2723 2691 con-

303 2727 662 2791 fluxerunt.
723 2726 998 2789 ecclesia
1031 2747 1189 2790 uero
1224 2727 1350 2790 Dei
1385 2737 1666 2790 uocatur
1694 2730 1955 2791 etiamsi
1987 2731 2123 2792 duo
2154 2729 2260 2793 uel
2293 2740 2425 2794 tres
2457 2739 2720 2793 tantum

397 2895 425 2942 3
460 2893 588 2942 quae
613 2875 729 2942 (χόν
748 2877 884 2942 quia)
915 2876 991 2926 C*
1076 2879 1213 2942 quod
1242 2878 1286 2928 C
1307 2876 1454 2941 (corr)

301 2961 415 3026 (sor
434 2960 1112 3024 custodiens-..sequentiam)
1135 2976 1198 3009 r:
1231 2961 1294 3023 cs.
1319 2959 1353 3010 l.
1386 2976 1412 3010 2
1437 2975 1512 3024 sq.

1705 2895 1738 2946 9
1783 2880 2005 2929 custodit
2043 2897 2165 2930 uero
2197 2882 2455 2946 apostolus
2493 2884 2721 2933 ordinem

1739 2975 1791 3010 11
1831 2961 2048 3010 dominis
2077 2964 2122 3011 C
2339 2978 2396 3014 12
2431 2980 2601 3014 eorum
2629 2965 2727 3028 (ast

299 3043 505 3099 familia)
526 3042 631 3091 add
647 3040 711 3107 r}
741 3041 925 3091 habere
954 3042 999 3090 C
1268 3054 1324 3103 15
1359 3041 1545 3091 habere
1573 3042 1619 3091 C
1636 3039 1702 3105 νΙ
1732 3044 1829 3091 ista
1853 3041 2074 3106 (sorita)
2106 3042 2183 3093 C*
2474 3045 2532 3096 16
2566 3048 2723 3097 eccle.

300 3124 425 3174 siam
456 3125 501 3174 C

301 3253 414 3303 Col.
453 3254 584 3302 l.c.:
645 3255 799 3301 “tam
844 3253 977 3301 enim
1023 3253 1209 3303 deuota
1263 3254 1461 3305 uidetur
1562 3252 1946 3314 δεσπότης]...τὸ
1989 3255 2088 3316 ’γὰρ
2130 3256 2215 3315 τῆς
2260 3256 2521 3316 ἐκκλησίας
2573 3258 2723 3317 ὄνομα

300 3334 450 3384 fuisse
487 3333 779 3397 [Nymphae
813 3334 1030 3395 domus]‚
1076 3344 1129 3384 ut
1169 3336 1333 3384 omnis
1372 3337 1459 3384 do-

301 3430 413 3463 mus
436 3414 542 3463 eius
562 3413 707 3477 signo
737 3414 933 3462 titulata
962 3422 1091 3463 esset
1127 3415 1286 3463 crucis
1306 3413 1359 3475 ;”
1390 3430 1460 3464 on

304 3497 454 3546 Rom.
484 3499 583 3545 xvi.
616 3511 666 3547 ιι
696 3496 879 3556 (where
916 3497 1147 3547 however
1173 3512 1203 3546 a
1230 3497 1460 3547 different

302 3578 481 3642 phrase
515 3577 558 3626 is
591 3578 732 3637 used)
770 3577 836 3627 he
874 3576 1017 3626 takes
1056 3578 1266 3627 another
1304 3578 1461 3629 view:

307 3659 681 3708 “Aristobulus
714 3659 807 3708 iste
842 3667 1172 3723 congregator
1204 3659 1355 3708 fuisse
1388 3660 1462 3708 in-

303 3741 554 3805 tellegitur
575 3741 781 3790 fratrum
805 3741 855 3790 in
881 3741 1135 3791 Christo.”
1183 3742 1294 3792 The
1316 3743 1465 3791 latter

302 3821 680 3885 interpretation
710 3837 871 3871 seems
893 3830 947 3871 to
969 3822 1098 3873 have
1130 3822 1463 3872 commended

304 3903 443 3952 itself
470 3911 523 3952 to
554 3903 606 3953 S.
641 3905 844 3968 Jerome
875 3904 948 3953 ad
973 3905 1026 3953 Ιι.
1045 3905 1114 3960 Ι.;
1149 3905 1239 3955 but
1268 3904 1349 3954 his
1381 3921 1463 3955 ex-

305 3983 521 4047 position
550 3984 591 4033 is
626 3992 713 4034 not
735 3986 885 4034 clear.
962 3986 1210 4035 Lansranc
1235 3987 1356 4036 cites
1379 4003 1465 4036 ncc

302 4073 492 4115 ceteros.
502 4104 514 4115 .
523 4104 534 4114 .
540 4067 851 4115 salutatione.

376 4161 414 4196 1.
492 4148 937 4210 connumerandos]
1022 4150 1241 4208 Rbnsch,
1307 4152 1459 4212 Itala,

306 4244 356 4291 p.
394 4226 501 4277 186.

375 4324 421 4369 3.
487 4309 574 4357 sed
605 4309 724 4372 qm'a
770 4326 855 4359 nec
902 4313 1222 4376 nominatim]
1282 4316 1462 4379 Chrys.

306 4390 397 4439 has
432 4389 644 4438 another
680 4406 855 4439 reason
892 4399 945 4441 to
981 4393 1130 4457 give:
1169 4397 1211 4443 εἰ
1247 4398 1335 4455 μὲν
1368 4398 1468 4458 γὰρ

307 4472 536 4531 ὀνομαστὶ
581 4472 730 4527 εἶπεν,
779 4475 889 4523 ἴσως
932 4472 994 4522 ἂν
1039 4473 1382 4537 ἠγανάκτησεν
1420 4476 1467 4539 [ὁ

1562 3338 1649 3384 οὐκ
1682 3334 1884 3396 α’φίησιν
1922 3338 2031 3387 τοὺς
2067 3338 2304 3387 δεσπότας
2336 3336 2644 3401 ἀγανακτεῖν,
2680 3342 2730 3389 εἴ

1561 3432 1624 3476 ’γε
1663 3420 2033 3479 σνναριθμοΐντο
2067 3422 2164 3469 τοῖς
2196 3421 2414 3471 οἰκέταις·
2451 3424 2528 3470 καί
2563 3424 2661 3484 ’γὰρ
2693 3424 2724 3482 ἡ

1562 3502 1798 3559 ἐκκλησία
1842 3499 1926 3549 οὐκ
1969 3502 2094 3550 οἶδεν
2141 3501 2393 3564 δεσπότου,
2456 3502 2540 3554 οὐκ
2595 3507 2720 3554 οἶδεν

1564 3585 1753 3632 οἰκέτου
1777 3584 2033 3647 διαφοράν.

1636 3664 1713 3715 16.
1772 3682 1858 3715 nec
1884 3667 2018 3715 enim
2050 3666 2441 3725 multitudinem,
2465 3668 2582 3729 δια]
2640 3670 2721 3719 Cf.

1567 3757 1603 3795 1.
1636 3761 1685 3809 p.
1721 3761 1828 3809 139,
1857 3746 1889 3796 L
1925 3760 1999 3811 19,
2030 3755 2175 3807 note;
2211 3759 2273 3795 ιι.
2303 3763 2352 3811 p.
2402 3763 2509 3810 ¹3¹·
2545 3757 2722 3809 notes;

1563 3826 1666 3875 and
1711 3826 1797 3875 the
1839 3827 2062 3890 patristic
2107 3828 2341 3892 parallels
2378 3829 2622 3879 collected
2655 3832 2723 3895 by

1566 3909 1754 3969 Suicer,
1783 3909 1870 3958 Lc.
1902 3908 1972 3974 (p.
2003 3908 2164 3976 1059).

1639 3993 1711 4039 18.
1774 3991 1830 4038 in
1851 3990 2308 4051 circensibus1=ssrl
2341 3993 2439 4040 τῶν
2474 3994 2726 4056 κιρκησίων

1569 4070 1830 4136 (Epictet,
1903 4089 1987 4121 see
2068 4072 2224 4137 lexx.)
2290 4091 2333 4123 s.
2402 4075 2725 4137 ίπτοδρομιῶν

1569 4151 1771 4217 (Chrys.
1825 4153 1956 4201 hom.
2010 4153 2069 4202 in
2119 4155 2355 4217 Europ:
2410 4158 2504 4204 τοῦ
2558 4154 2584 4205 ὁ
2639 4155 2726 4216 τῆς

1566 4229 1755 4283 πόλεως
1816 4230 2012 4296 θόρυβος
2068 4235 2148 4282 καί
2207 4236 2257 4283 αἱ
2325 4237 2377 4285 ἐν
2439 4238 2721 4302 ίπποδρο·

1564 4318 1725 4375 μίαις
1762 4314 1991 4378 εὐφημίαι
2017 4318 2096 4365 καὶ
2127 4314 2224 4366 τῶν
2255 4317 2480 4367 θεατῶν
2510 4322 2561 4368 αἱ
2583 4325 2725 4371 κολα·

1568 4400 1693 4448 κεΐαι
1715 4398 1765 4458 ;).

1638 4496 1713 4530 22.
1777 4480 1975 4529 etiamsi
1998 4480 2094 4529 duo
2125 4482 2211 4530 uel
2225 4489 2338 4541 tres,
2368 4482 2486 4545 δια]
2541 4484 2725 4549 Comp.
