<?xml version="1.0" encoding="UTF-8"?>
<!DOCTYPE html PUBLIC "-//W3C//DTD XHTML 1.0 Transitional//EN"
    "http://www.w3.org/TR/xhtml1/DTD/xhtml1-transitional.dtd">
<html xmlns="http://www.w3.org/1999/xhtml" xml:lang="en" lang="en">
 <head>
  <title>
</title>
<meta http-equiv="Content-Type" content="text/html;charset=utf-8" />
  <meta name='ocr-system' content='tesseract 3.04.00' />
  <meta name='ocr-capabilities' content='ocr_page ocr_carea ocr_par ocr_line ocrx_word'/>
</head>
<body>
  <div class='ocr_page' id='page_1' title='image "./theodoriepiscop02swetgoog_0265.png"; bbox 0 0 3221 5116; ppageno 0'>
   <div class='ocr_carea' id='block_1_1' title="bbox 1208 374 2977 459">
    <p class='ocr_par' dir='ltr' id='par_1_1' title="bbox 1208 374 2977 459">
     <span class='ocr_line' id='line_1_1' title="bbox 1208 374 2977 459; baseline 0.006 -31"><span class='ocrx_word' id='word_1_1' title='bbox 1208 377 1668 433; x_wconf 72' lang='lat' dir='ltr'>THEononus</span> <span class='ocrx_word' id='word_1_2' title='bbox 1716 380 2308 438; x_wconf 81' lang='lat' dir='ltr'>MOPSUESTENUS</span> <span class='ocrx_word' id='word_1_3' title='bbox 2639 374 2796 459; x_wconf 95' lang='lat' dir='ltr'>[III.</span> <span class='ocrx_word' id='word_1_4' title='bbox 2830 379 2887 453; x_wconf 91' lang='lat'>8,</span> <span class='ocrx_word' id='word_1_5' title='bbox 2917 393 2977 456; x_wconf 89' lang='lat'>9.</span> 
     </span>
    </p>
   </div>
   <div class='ocr_carea' id='block_1_2' title="bbox 557 374 695 443">
    <p class='ocr_par' dir='ltr' id='par_1_2' title="bbox 557 374 695 443">
     <span class='ocr_line' id='line_1_2' title="bbox 557 374 695 443; baseline -0.014 0"><span class='ocrx_word' id='word_1_6' title='bbox 557 374 695 443; x_wconf 44' lang='lat'>254*</span> 
     </span>
    </p>
   </div>
   <div class='ocr_carea' id='block_1_3' title="bbox 445 547 2975 2007">
    <p class='ocr_par' dir='ltr' id='par_1_3' title="bbox 445 547 2975 2007">
     <span class='ocr_line' id='line_1_3' title="bbox 552 547 2975 639; baseline 0.006 -28"><span class='ocrx_word' id='word_1_7' title='bbox 552 547 843 629; x_wconf 81' lang='lat' dir='ltr'>operibus</span> <span class='ocrx_word' id='word_1_8' title='bbox 872 560 1163 633; x_wconf 83' lang='lat' dir='ltr'>praeesse</span> <span class='ocrx_word' id='word_1_9' title='bbox 1206 551 1287 616; x_wconf 74' lang='lat' dir='ltr'>lu·</span> <span class='ocrx_word' id='word_1_10' title='bbox 1334 552 1454 636; x_wconf 84' lang='lat' dir='ltr'>qui</span> <span class='ocrx_word' id='word_1_11' title='bbox 1482 554 1895 620; x_wconf 83' lang='lat' dir='ltr'>crediderunt</span> <span class='ocrx_word' id='word_1_12' title='bbox 1938 557 2079 622; x_wconf 87' lang='lat' dir='ltr'>Deo</span> <span class='ocrx_word' id='word_1_13' title='bbox 2098 582 2131 634; x_wconf 89' lang='lat'>,·</span> <span class='ocrx_word' id='word_1_14' title='bbox 2191 557 2347 623; x_wconf 73' lang='lat' dir='ltr'>haec</span> <span class='ocrx_word' id='word_1_15' title='bbox 2387 558 2560 624; x_wconf 82' lang='lat' dir='ltr'>enim</span> <span class='ocrx_word' id='word_1_16' title='bbox 2600 570 2762 625; x_wconf 85' lang='lat' dir='ltr'>sunt</span> <span class='ocrx_word' id='word_1_17' title='bbox 2792 562 2975 639; x_wconf 85' lang='lat' dir='ltr'>bona,</span> 
     </span>
     <span class='ocr_line' id='line_1_4' title="bbox 553 649 1162 720; baseline 0.011 -7"><span class='ocrx_word' id='word_1_18' title='bbox 553 649 750 715; x_wconf 82' lang='lat' dir='ltr'>utilia</span> <span class='ocrx_word' id='word_1_19' title='bbox 777 653 1162 720; x_wconf 74' lang='lat' dir='ltr'>hominibus.</span> 
     </span>
     <span class='ocr_line' id='line_1_5' title="bbox 685 782 2973 873; baseline 0.007 -31"><span class='ocrx_word' id='word_1_20' title='bbox 685 782 870 843; x_wconf 87' lang='lat' dir='ltr'>‘cum</span> <span class='ocrx_word' id='word_1_21' title='bbox 925 782 1101 846; x_wconf 89' lang='lat' dir='ltr'>enim</span> <span class='ocrx_word' id='word_1_22' title='bbox 1152 782 1499 849; x_wconf 89' lang='lat' dir='ltr'>indubium</span> <span class='ocrx_word' id='word_1_23' title='bbox 1550 786 1637 851; x_wconf 89' lang='lat' dir='ltr'>sit</span> <span class='ocrx_word' id='word_1_24' title='bbox 1686 796 1754 851; x_wconf 91' lang='lat' dir='ltr'>et</span> <span class='ocrx_word' id='word_1_25' title='bbox 1814 807 2044 851; x_wconf 89' lang='lat' dir='ltr'>uerum</span> <span class='ocrx_word' id='word_1_26' title='bbox 2107 790 2288 871; x_wconf 91' lang='lat' dir='ltr'>quod</span> <span class='ocrx_word' id='word_1_27' title='bbox 2349 790 2473 873; x_wconf 91' lang='lat' dir='ltr'>ipsi</span> <span class='ocrx_word' id='word_1_28' title='bbox 2524 793 2973 857; x_wconf 84' lang='lat' dir='ltr'>misericordia</span> 
     </span>
     <span class='ocr_line' id='line_1_6' title="bbox 554 880 2971 981; baseline 0.007 -37"><span class='ocrx_word' id='word_1_29' title='bbox 554 880 684 945; x_wconf 90' lang='lat' dir='ltr'>Dei</span> <span class='ocrx_word' id='word_1_30' title='bbox 731 891 922 948; x_wconf 89' lang='lat' dir='ltr'>tanta</span> <span class='ocrx_word' id='word_1_31' title='bbox 973 906 1202 951; x_wconf 88' lang='lat' dir='ltr'>sumus</span> <span class='ocrx_word' id='word_1_32' title='bbox 1249 887 1428 953; x_wconf 89' lang='lat' dir='ltr'>bona</span> <span class='ocrx_word' id='word_1_33' title='bbox 1468 889 1982 956; x_wconf 88' lang='lat' dir='ltr'>adsecuti—hoc</span> <span class='ocrx_word' id='word_1_34' title='bbox 2027 894 2204 957; x_wconf 89' lang='lat' dir='ltr'>enim</span> <span class='ocrx_word' id='word_1_35' title='bbox 2250 895 2412 959; x_wconf 90' lang='lat' dir='ltr'>dicit</span> <span class='ocrx_word' id='word_1_36' title='bbox 2440 896 2641 981; x_wconf 83' lang='lat' dir='ltr'>fidele</span> <span class='ocrx_word' id='word_1_37' title='bbox 2683 895 2971 971; x_wconf 84' lang='lat' dir='ltr'>uerbum,</span> 
     </span>
     <span class='ocr_line' id='line_1_7' title="bbox 486 986 2973 1086; baseline 0.009 -41"><span class='ocrx_word' id='word_1_38' title='bbox 486 1002 518 1068; x_wconf 83' lang='lat'>5</span> <span class='ocrx_word' id='word_1_39' title='bbox 553 986 1098 1067; x_wconf 84' lang='lat' dir='ltr'>praecedentibus</span> <span class='ocrx_word' id='word_1_40' title='bbox 1146 989 1308 1053; x_wconf 91' lang='lat' dir='ltr'>illud</span> <span class='ocrx_word' id='word_1_41' title='bbox 1352 992 2244 1059; x_wconf 87' lang='lat' dir='ltr'>adnectens—necessarium</span> <span class='ocrx_word' id='word_1_42' title='bbox 2286 998 2515 1081; x_wconf 89' lang='lat' dir='ltr'>utique</span> <span class='ocrx_word' id='word_1_43' title='bbox 2560 1010 2662 1065; x_wconf 89' lang='lat' dir='ltr'>est</span> <span class='ocrx_word' id='word_1_44' title='bbox 2707 1013 2782 1066; x_wconf 89' lang='lat' dir='ltr'>ut</span> <span class='ocrx_word' id='word_1_45' title='bbox 2827 1004 2973 1086; x_wconf 88' lang='lat' dir='ltr'>ipse</span> 
     </span>
     <span class='ocr_line' id='line_1_8' title="bbox 550 1092 2971 1187; baseline 0.006 -32"><span class='ocrx_word' id='word_1_46' title='bbox 550 1112 702 1156; x_wconf 88' lang='lat' dir='ltr'>curn</span> <span class='ocrx_word' id='word_1_47' title='bbox 747 1092 958 1157; x_wconf 90' lang='lat' dir='ltr'>multa</span> <span class='ocrx_word' id='word_1_48' title='bbox 996 1093 1238 1156; x_wconf 89' lang='lat' dir='ltr'>fiducia</span> <span class='ocrx_word' id='word_1_49' title='bbox 1276 1093 1362 1157; x_wconf 87' lang='lat' dir='ltr'>de</span> <span class='ocrx_word' id='word_1_50' title='bbox 1405 1093 1509 1158; x_wconf 88' lang='lat' dir='ltr'>his</span> <span class='ocrx_word' id='word_1_51' title='bbox 1553 1095 1821 1172; x_wconf 80' lang='lat' dir='ltr'>doceaS,</span> <span class='ocrx_word' id='word_1_52' title='bbox 1853 1105 1923 1160; x_wconf 90' lang='lat' dir='ltr'>et</span> <span class='ocrx_word' id='word_1_53' title='bbox 1967 1099 2317 1163; x_wconf 90' lang='lat' dir='ltr'>consilium</span> <span class='ocrx_word' id='word_1_54' title='bbox 2364 1101 2484 1165; x_wconf 91' lang='lat' dir='ltr'>des</span> <span class='ocrx_word' id='word_1_55' title='bbox 2515 1103 2645 1167; x_wconf 92' lang='lat' dir='ltr'>illis</span> <span class='ocrx_word' id='word_1_56' title='bbox 2688 1106 2801 1187; x_wconf 91' lang='lat' dir='ltr'>qui</span> <span class='ocrx_word' id='word_1_57' title='bbox 2831 1125 2971 1169; x_wconf 89' lang='lat' dir='ltr'>cre-</span> 
     </span>
     <span class='ocr_line' id='line_1_9' title="bbox 549 1196 2970 1287; baseline 0.005 -27"><span class='ocrx_word' id='word_1_58' title='bbox 549 1197 861 1261; x_wconf 85' lang='lat' dir='ltr'>diderunt</span> <span class='ocrx_word' id='word_1_59' title='bbox 911 1196 1060 1260; x_wconf 89' lang='lat' dir='ltr'>Deo</span> <span class='ocrx_word' id='word_1_60' title='bbox 1118 1206 1448 1279; x_wconf 90' lang='lat' dir='ltr'>quatenus</span> <span class='ocrx_word' id='word_1_61' title='bbox 1505 1197 1923 1281; x_wconf 83' lang='lat' dir='ltr'>diligentiam</span> <span class='ocrx_word' id='word_1_62' title='bbox 1984 1203 2522 1268; x_wconf 90' lang='lat' dir='ltr'>conuenientium</span> <span class='ocrx_word' id='word_1_63' title='bbox 2584 1207 2970 1287; x_wconf 88' lang='lat' dir='ltr'>adhibeant,</span> 
     </span>
     <span class='ocr_line' id='line_1_10' title="bbox 549 1301 2973 1395; baseline 0.005 -31"><span class='ocrx_word' id='word_1_64' title='bbox 549 1322 631 1364; x_wconf 91' lang='lat' dir='ltr'>eo</span> <span class='ocrx_word' id='word_1_65' title='bbox 690 1301 873 1383; x_wconf 91' lang='lat' dir='ltr'>quod</span> <span class='ocrx_word' id='word_1_66' title='bbox 934 1302 1062 1366; x_wconf 88' lang='lat' dir='ltr'>ista</span> <span class='ocrx_word' id='word_1_67' title='bbox 1121 1301 1348 1364; x_wconf 88' lang='lat' dir='ltr'>iuuare</span> <span class='ocrx_word' id='word_1_68' title='bbox 1408 1311 1691 1383; x_wconf 87' lang='lat' dir='ltr'>possunt</span> <span class='ocrx_word' id='word_1_69' title='bbox 1764 1301 2086 1368; x_wconf 89' lang='lat' dir='ltr'>homines.</span> <span class='ocrx_word' id='word_1_70' title='bbox 2196 1326 2331 1370; x_wconf 94' lang='lat' dir='ltr'>non</span> <span class='ocrx_word' id='word_1_71' title='bbox 2405 1328 2566 1391; x_wconf 88' lang='lat' dir='ltr'>ergo</span> <span class='ocrx_word' id='word_1_72' title='bbox 2624 1310 2737 1375; x_wconf 92' lang='lat' dir='ltr'>illa</span> <span class='ocrx_word' id='word_1_73' title='bbox 2795 1325 2973 1395; x_wconf 82' lang='lat' dir='ltr'>quae</span> 
     </span>
     <span class='ocr_line' id='line_1_11' title="bbox 547 1405 2968 1496; baseline 0.006 -29"><span class='ocrx_word' id='word_1_74' title='bbox 547 1405 871 1468; x_wconf 91' lang='lat' dir='ltr'>uirtutum</span> <span class='ocrx_word' id='word_1_75' title='bbox 931 1414 1087 1469; x_wconf 90' lang='lat' dir='ltr'>sunt</span> <span class='ocrx_word' id='word_1_76' title='bbox 1147 1406 1556 1470; x_wconf 88' lang='lat' dir='ltr'>contentioni</span> <span class='ocrx_word' id='word_1_77' title='bbox 1617 1415 1686 1470; x_wconf 91' lang='lat' dir='ltr'>et</span> <span class='ocrx_word' id='word_1_78' title='bbox 1756 1407 1855 1471; x_wconf 91' lang='lat' dir='ltr'>liti</span> <span class='ocrx_word' id='word_1_79' title='bbox 1904 1408 2248 1491; x_wconf 89' lang='lat' dir='ltr'>deputari.&#39;</span> <span class='ocrx_word' id='word_1_80' title='bbox 2338 1420 2406 1476; x_wconf 88' lang='lat' dir='ltr'>et</span> <span class='ocrx_word' id='word_1_81' title='bbox 2466 1415 2624 1496; x_wconf 87' lang='lat' dir='ltr'>quia</span> <span class='ocrx_word' id='word_1_82' title='bbox 2686 1415 2968 1480; x_wconf 88' lang='lat' dir='ltr'>aliorum</span> 
     </span>
     <span class='ocr_line' id='line_1_12' title="bbox 445 1507 2971 1592; baseline 0.007 -27"><span class='ocrx_word' id='word_1_83' title='bbox 445 1518 523 1565; x_wconf 82' lang='lat' dir='ltr'>ro</span> <span class='ocrx_word' id='word_1_84' title='bbox 548 1507 961 1590; x_wconf 87' lang='lat' dir='ltr'>impietatem</span> <span class='ocrx_word' id='word_1_85' title='bbox 993 1507 1183 1592; x_wconf 88' lang='lat' dir='ltr'>quasi</span> <span class='ocrx_word' id='word_1_86' title='bbox 1215 1515 1665 1589; x_wconf 86' lang='lat' dir='ltr'>opportunam</span> <span class='ocrx_word' id='word_1_87' title='bbox 1698 1509 2114 1575; x_wconf 87' lang='lat' dir='ltr'>occasionem</span> <span class='ocrx_word' id='word_1_88' title='bbox 2145 1515 2590 1580; x_wconf 90' lang='lat' dir='ltr'>contentionis</span> <span class='ocrx_word' id='word_1_89' title='bbox 2619 1538 2690 1581; x_wconf 89' lang='lat' dir='ltr'>se</span> <span class='ocrx_word' id='word_1_90' title='bbox 2719 1516 2971 1583; x_wconf 88' lang='lat' dir='ltr'>habere</span> 
     </span>
     <span class='ocr_line' id='line_1_13' title="bbox 548 1611 2969 1704; baseline 0.005 -32"><span class='ocrx_word' id='word_1_91' title='bbox 548 1611 977 1690; x_wconf 88' lang='lat' dir='ltr'>existimauit,</span> <span class='ocrx_word' id='word_1_92' title='bbox 1026 1613 1177 1676; x_wconf 93' lang='lat' dir='ltr'>ideo</span> <span class='ocrx_word' id='word_1_93' title='bbox 1231 1613 1459 1690; x_wconf 80' lang='lat' dir='ltr'>omnia</span> <span class='ocrx_word' id='word_1_94' title='bbox 1518 1612 1647 1677; x_wconf 87' lang='lat' dir='ltr'>ista</span> <span class='ocrx_word' id='word_1_95' title='bbox 1694 1614 1781 1676; x_wconf 90' lang='lat' dir='ltr'>ad</span> <span class='ocrx_word' id='word_1_96' title='bbox 1844 1614 2008 1678; x_wconf 91' lang='lat' dir='ltr'>illud</span> <span class='ocrx_word' id='word_1_97' title='bbox 2071 1617 2363 1682; x_wconf 89' lang='lat' dir='ltr'>reddidit</span> <span class='ocrx_word' id='word_1_98' title='bbox 2424 1620 2606 1702; x_wconf 91' lang='lat' dir='ltr'>quod</span> <span class='ocrx_word' id='word_1_99' title='bbox 2666 1622 2969 1704; x_wconf 88' lang='lat' dir='ltr'>superius</span> 
     </span>
     <span class='ocr_line' id='line_1_14' title="bbox 546 1714 2849 1803; baseline 0.004 -25"><span class='ocrx_word' id='word_1_100' title='bbox 546 1714 851 1779; x_wconf 83' lang='lat' dir='ltr'>dixerat:</span> <span class='ocrx_word' id='word_1_101' title='bbox 906 1736 1224 1780; x_wconf 85' lang='lat' dir='ltr'>commone</span> <span class='ocrx_word' id='word_1_102' title='bbox 1249 1737 1351 1780; x_wconf 88' lang='lat' dir='ltr'>eos</span> <span class='ocrx_word' id='word_1_103' title='bbox 1363 1717 1842 1801; x_wconf 64' lang='lat' dir='ltr'>pn&#39;nczjoatibus</span> <span class='ocrx_word' id='word_1_104' title='bbox 1867 1729 1930 1782; x_wconf 87' lang='lat' dir='ltr'>et</span> <span class='ocrx_word' id='word_1_105' title='bbox 1941 1722 2367 1803; x_wconf 80' lang='lat' dir='ltr'>potestatibus</span> <span class='ocrx_word' id='word_1_106' title='bbox 2392 1722 2682 1788; x_wconf 82' lang='lat' dir='ltr'>subditos</span> <span class='ocrx_word' id='word_1_107' title='bbox 2706 1744 2849 1788; x_wconf 87' lang='lat' dir='ltr'>esse.</span> 
     </span>
     <span class='ocr_line' id='line_1_15' title="bbox 676 1816 2964 1901; baseline 0.005 -21"><span class='ocrx_word' id='word_1_108' title='bbox 676 1816 804 1881; x_wconf 90' lang='lat' dir='ltr'>hoc</span> <span class='ocrx_word' id='word_1_109' title='bbox 839 1818 997 1901; x_wconf 91' lang='lat' dir='ltr'>quia</span> <span class='ocrx_word' id='word_1_110' title='bbox 1045 1819 1110 1881; x_wconf 93' lang='lat' dir='ltr'>in</span> <span class='ocrx_word' id='word_1_111' title='bbox 1152 1817 1300 1882; x_wconf 91' lang='lat' dir='ltr'>loco</span> <span class='ocrx_word' id='word_1_112' title='bbox 1331 1839 1600 1883; x_wconf 91' lang='lat' dir='ltr'>omnem</span> <span class='ocrx_word' id='word_1_113' title='bbox 1634 1841 1901 1884; x_wconf 88' lang='lat' dir='ltr'>sensum</span> <span class='ocrx_word' id='word_1_114' title='bbox 1933 1821 2275 1900; x_wconf 90' lang='lat' dir='ltr'>conclusit,</span> <span class='ocrx_word' id='word_1_115' title='bbox 2313 1824 2557 1889; x_wconf 91' lang='lat' dir='ltr'>deinde</span> <span class='ocrx_word' id='word_1_116' title='bbox 2585 1846 2964 1892; x_wconf 88' lang='lat' dir='ltr'>sermonem</span> 
     </span>
     <span class='ocr_line' id='line_1_16' title="bbox 545 1921 2570 2007; baseline 0.005 -24"><span class='ocrx_word' id='word_1_117' title='bbox 545 1940 740 1984; x_wconf 89' lang='lat' dir='ltr'>suum</span> <span class='ocrx_word' id='word_1_118' title='bbox 772 1923 990 2000; x_wconf 89' lang='lat' dir='ltr'>uertit,</span> <span class='ocrx_word' id='word_1_119' title='bbox 1019 1922 1104 1987; x_wconf 93' lang='lat' dir='ltr'>de</span> <span class='ocrx_word' id='word_1_120' title='bbox 1134 1921 1264 1986; x_wconf 90' lang='lat' dir='ltr'>illis</span> <span class='ocrx_word' id='word_1_121' title='bbox 1294 1922 1520 1986; x_wconf 90' lang='lat' dir='ltr'>dicens</span> <span class='ocrx_word' id='word_1_122' title='bbox 1550 1924 1666 2007; x_wconf 90' lang='lat' dir='ltr'>qui</span> <span class='ocrx_word' id='word_1_123' title='bbox 1694 1945 1784 1989; x_wconf 87' lang='lat' dir='ltr'>ex</span> <span class='ocrx_word' id='word_1_124' title='bbox 1816 1926 2312 1992; x_wconf 90' lang='lat' dir='ltr'>circumcisione</span> <span class='ocrx_word' id='word_1_125' title='bbox 2342 1938 2570 1994; x_wconf 88' lang='lat' dir='ltr'>erant:</span> 
     </span>
    </p>
   </div>
   <div class='ocr_carea' id='block_1_4' title="bbox 442 2072 2971 2258">
    <p class='ocr_par' dir='ltr' id='par_1_4' title="bbox 442 2072 2971 2258">
     <span class='ocr_line' id='line_1_17' title="bbox 442 2072 2971 2161; baseline 0.004 -27"><span class='ocrx_word' id='word_1_126' title='bbox 442 2081 512 2149; x_wconf 84' lang='lat'>15</span> <span class='ocrx_word' id='word_1_127' title='bbox 674 2074 911 2137; x_wconf 82' lang='lat' dir='ltr'>stultas</span> <span class='ocrx_word' id='word_1_128' title='bbox 971 2072 1246 2159; x_wconf 88' lang='lat' dir='ltr'>(inquit)</span> <span class='ocrx_word' id='word_1_129' title='bbox 1305 2076 1700 2158; x_wconf 82' lang='lat' dir='ltr'>quaestiones</span> <span class='ocrx_word' id='word_1_130' title='bbox 1754 2087 1817 2140; x_wconf 87' lang='lat' dir='ltr'>et</span> <span class='ocrx_word' id='word_1_131' title='bbox 1863 2077 2275 2161; x_wconf 69' lang='lat' dir='ltr'>genealogias</span> <span class='ocrx_word' id='word_1_132' title='bbox 2331 2089 2394 2144; x_wconf 89' lang='lat' dir='ltr'>et</span> <span class='ocrx_word' id='word_1_133' title='bbox 2440 2079 2857 2145; x_wconf 81' lang='lat' dir='ltr'>contentiones</span> <span class='ocrx_word' id='word_1_134' title='bbox 2905 2091 2971 2144; x_wconf 88' lang='lat' dir='ltr'>et</span> 
     </span>
     <span class='ocr_line' id='line_1_18' title="bbox 545 2174 2299 2258; baseline 0.003 -19"><span class='ocrx_word' id='word_1_135' title='bbox 545 2174 732 2239; x_wconf 79' lang='lat' dir='ltr'>rixas</span> <span class='ocrx_word' id='word_1_136' title='bbox 757 2177 918 2258; x_wconf 65' lang='lat' dir='ltr'>legis</span> <span class='ocrx_word' id='word_1_137' title='bbox 945 2177 1164 2241; x_wconf 85' lang='lat' dir='ltr'>deuita</span> <span class='ocrx_word' id='word_1_138' title='bbox 1186 2201 1218 2253; x_wconf 84' lang='lat'>‚·</span> <span class='ocrx_word' id='word_1_139' title='bbox 1261 2185 1419 2241; x_wconf 85' lang='lat' dir='ltr'>sunt</span> <span class='ocrx_word' id='word_1_140' title='bbox 1442 2188 1661 2241; x_wconf 87' lang='lat' dir='ltr'>autem</span> <span class='ocrx_word' id='word_1_141' title='bbox 1694 2179 1957 2244; x_wconf 81' lang='lat' dir='ltr'>inutiles</span> <span class='ocrx_word' id='word_1_142' title='bbox 1982 2191 2046 2246; x_wconf 88' lang='lat' dir='ltr'>et</span> <span class='ocrx_word' id='word_1_143' title='bbox 2074 2202 2299 2245; x_wconf 84' lang='lat' dir='ltr'>uanae.</span> 
     </span>
    </p>
   </div>
   <div class='ocr_carea' id='block_1_5' title="bbox 544 2303 2965 2598">
    <p class='ocr_par' dir='ltr' id='par_1_5' title="bbox 544 2303 2965 2598">
     <span class='ocr_line' id='line_1_19' title="bbox 676 2303 2965 2387; baseline 0.002 -18"><span class='ocrx_word' id='word_1_144' title='bbox 676 2326 758 2369; x_wconf 92' lang='lat' dir='ltr'>eo</span> <span class='ocrx_word' id='word_1_145' title='bbox 800 2303 982 2387; x_wconf 92' lang='lat' dir='ltr'>quod</span> <span class='ocrx_word' id='word_1_146' title='bbox 1023 2303 1152 2368; x_wconf 91' lang='lat' dir='ltr'>illis</span> <span class='ocrx_word' id='word_1_147' title='bbox 1184 2304 1251 2367; x_wconf 89' lang='lat' dir='ltr'>in</span> <span class='ocrx_word' id='word_1_148' title='bbox 1287 2304 1704 2387; x_wconf 87' lang='lat' dir='ltr'>temporibus</span> <span class='ocrx_word' id='word_1_149' title='bbox 1742 2306 1954 2370; x_wconf 88' lang='lat' dir='ltr'>multa</span> <span class='ocrx_word' id='word_1_150' title='bbox 2001 2309 2326 2372; x_wconf 90' lang='lat' dir='ltr'>nociuitas</span> <span class='ocrx_word' id='word_1_151' title='bbox 2367 2308 2683 2374; x_wconf 90' lang='lat' dir='ltr'>ecclesiae</span> <span class='ocrx_word' id='word_1_152' title='bbox 2714 2310 2801 2373; x_wconf 90' lang='lat' dir='ltr'>ab</span> <span class='ocrx_word' id='word_1_153' title='bbox 2833 2310 2965 2374; x_wconf 91' lang='lat' dir='ltr'>illis</span> 
     </span>
     <span class='ocr_line' id='line_1_20' title="bbox 545 2409 2960 2497; baseline 0 -22"><span class='ocrx_word' id='word_1_154' title='bbox 545 2410 965 2488; x_wconf 85' lang='lat' dir='ltr'>inferebatur,</span> <span class='ocrx_word' id='word_1_155' title='bbox 1020 2409 1171 2473; x_wconf 89' lang='lat' dir='ltr'>ideo</span> <span class='ocrx_word' id='word_1_156' title='bbox 1221 2410 1366 2492; x_wconf 88' lang='lat' dir='ltr'>ipsa</span> <span class='ocrx_word' id='word_1_157' title='bbox 1425 2410 1821 2475; x_wconf 88' lang='lat' dir='ltr'>necessitate</span> <span class='ocrx_word' id='word_1_158' title='bbox 1881 2411 2189 2476; x_wconf 88' lang='lat' dir='ltr'>addictus</span> <span class='ocrx_word' id='word_1_159' title='bbox 2249 2421 2319 2477; x_wconf 89' lang='lat' dir='ltr'>et</span> <span class='ocrx_word' id='word_1_160' title='bbox 2381 2412 2499 2497; x_wconf 92' lang='lat' dir='ltr'>[in]</span> <span class='ocrx_word' id='word_1_161' title='bbox 2564 2413 2960 2496; x_wconf 89' lang='lat' dir='ltr'>principium</span> 
     </span>
     <span class='ocr_line' id='line_1_21' title="bbox 544 2513 2963 2598; baseline 0 -19"><span class='ocrx_word' id='word_1_162' title='bbox 544 2513 867 2598; x_wconf 89' lang='lat' dir='ltr'>epistolae</span> <span class='ocrx_word' id='word_1_163' title='bbox 915 2524 984 2581; x_wconf 87' lang='lat' dir='ltr'>et</span> <span class='ocrx_word' id='word_1_164' title='bbox 1028 2514 1096 2578; x_wconf 93' lang='lat' dir='ltr'>in</span> <span class='ocrx_word' id='word_1_165' title='bbox 1142 2513 1341 2578; x_wconf 88' lang='lat' dir='ltr'>finem</span> <span class='ocrx_word' id='word_1_166' title='bbox 1393 2524 1801 2580; x_wconf 89' lang='lat' dir='ltr'>memoratus</span> <span class='ocrx_word' id='word_1_167' title='bbox 1846 2523 1948 2580; x_wconf 89' lang='lat' dir='ltr'>est</span> <span class='ocrx_word' id='word_1_168' title='bbox 1992 2535 2266 2595; x_wconf 81' lang='lat' dir='ltr'>eorum3</span> <span class='ocrx_word' id='word_1_169' title='bbox 2329 2517 2427 2581; x_wconf 89' lang='lat' dir='ltr'>sic</span> <span class='ocrx_word' id='word_1_170' title='bbox 2472 2517 2675 2581; x_wconf 86' lang='lat' dir='ltr'>etiam</span> <span class='ocrx_word' id='word_1_171' title='bbox 2730 2514 2963 2580; x_wconf 81' lang='lat' dir='ltr'>fecisse</span> 
     </span>
    </p>
   </div>
   <div class='ocr_carea' id='block_1_6' title="bbox 542 2697 1437 2846">
    <p class='ocr_par' dir='ltr' id='par_1_6' title="bbox 542 2697 1437 2846">
     <span class='ocr_line' id='line_1_22' title="bbox 650 2697 1231 2765; baseline 0.002 -16"><span class='ocrx_word' id='word_1_172' title='bbox 650 2713 669 2749; x_wconf 82' lang='grc' dir='ltr'>ι</span> <span class='ocrx_word' id='word_1_173' title='bbox 710 2707 760 2751; x_wconf 87' lang='lat' dir='ltr'>et</span> <span class='ocrx_word' id='word_1_174' title='bbox 786 2699 883 2765; x_wconf 73' lang='lat' dir='ltr'>(ast</span> <span class='ocrx_word' id='word_1_175' title='bbox 900 2697 1054 2765; x_wconf 87' lang='lat' dir='ltr'>bona)</span> <span class='ocrx_word' id='word_1_176' title='bbox 1077 2700 1184 2750; x_wconf 87' lang='lat' dir='ltr'>add</span> <span class='ocrx_word' id='word_1_177' title='bbox 1198 2717 1231 2750; x_wconf 83' lang='lat' dir='ltr'>r</span> 
     </span>
     <span class='ocr_line' id='line_1_23' title="bbox 542 2780 1437 2846; baseline 0 -15"><span class='ocrx_word' id='word_1_178' title='bbox 542 2797 645 2832; x_wconf 91' lang='lat' dir='ltr'>non</span> <span class='ocrx_word' id='word_1_179' title='bbox 669 2790 905 2846; x_wconf 88' lang='lat' dir='ltr'>ergo...et</span> <span class='ocrx_word' id='word_1_180' title='bbox 928 2798 1087 2832; x_wconf 83' lang='lat' dir='ltr'>uanae</span> <span class='ocrx_word' id='word_1_181' title='bbox 1110 2782 1167 2844; x_wconf 87' lang='lat' dir='ltr'>[l.</span> <span class='ocrx_word' id='word_1_182' title='bbox 1202 2780 1281 2843; x_wconf 87' lang='lat'>16]</span> <span class='ocrx_word' id='word_1_183' title='bbox 1303 2798 1381 2831; x_wconf 74' lang='lat' dir='ltr'>one</span> <span class='ocrx_word' id='word_1_184' title='bbox 1404 2798 1437 2831; x_wconf 83' lang='lat' dir='ltr'>r</span> 
     </span>
    </p>
   </div>
   <div class='ocr_carea' id='block_1_7' title="bbox 541 2862 1363 2996">
    <p class='ocr_par' dir='ltr' id='par_1_7' title="bbox 541 2862 1363 2996">
     <span class='ocr_line' id='line_1_24' title="bbox 542 2862 1363 2917; baseline -0.004 -1"><span class='ocrx_word' id='word_1_185' title='bbox 542 2866 892 2917; x_wconf 77' lang='lat' dir='ltr'>occansionem</span> <span class='ocrx_word' id='word_1_186' title='bbox 913 2864 1258 2917; x_wconf 79' lang='lat' dir='ltr'>contentiones</span> <span class='ocrx_word' id='word_1_187' title='bbox 1285 2862 1363 2913; x_wconf 80' lang='lat' dir='ltr'>C*</span> 
     </span>
     <span class='ocr_line' id='line_1_25' title="bbox 541 2945 780 2996; baseline 0.008 -2"><span class='ocrx_word' id='word_1_188' title='bbox 541 2960 621 2994; x_wconf 72' lang='lat' dir='ltr'>one</span> <span class='ocrx_word' id='word_1_189' title='bbox 649 2945 693 2995; x_wconf 87' lang='lat' dir='ltr'><em>C</em></span> <span class='ocrx_word' id='word_1_190' title='bbox 710 2946 780 2996; x_wconf 81' lang='lat' dir='ltr'><em>H</em></span> 
     </span>
    </p>
   </div>
   <div class='ocr_carea' id='block_1_8' title="bbox 1490 2697 2965 2925">
    <p class='ocr_par' dir='ltr' id='par_1_8' title="bbox 1490 2697 2965 2925">
     <span class='ocr_line' id='line_1_26' title="bbox 1490 2697 2957 2766; baseline 0.001 -16"><span class='ocrx_word' id='word_1_191' title='bbox 1490 2714 1520 2763; x_wconf 81' lang='grc'>3</span> <span class='ocrx_word' id='word_1_192' title='bbox 1554 2716 1656 2750; x_wconf 90' lang='lat' dir='ltr'>non</span> <span class='ocrx_word' id='word_1_193' title='bbox 1680 2700 1888 2750; x_wconf 87' lang='lat' dir='ltr'>dubium</span> <span class='ocrx_word' id='word_1_194' title='bbox 1912 2716 1945 2748; x_wconf 84' lang='lat' dir='ltr'>r</span> <span class='ocrx_word' id='word_1_195' title='bbox 2181 2697 2214 2749; x_wconf 92' lang='lat'><strong>6</strong></span> <span class='ocrx_word' id='word_1_196' title='bbox 2244 2700 2546 2750; x_wconf 88' lang='lat' dir='ltr'>crediderint</span> <span class='ocrx_word' id='word_1_197' title='bbox 2570 2716 2602 2748; x_wconf 89' lang='lat' dir='ltr'>r</span> <span class='ocrx_word' id='word_1_198' title='bbox 2826 2702 2857 2751; x_wconf 89' lang='lat'><em>8</em></span> <span class='ocrx_word' id='word_1_199' title='bbox 2881 2716 2957 2766; x_wconf 90' lang='lat' dir='ltr'>sq.</span> 
     </span>
     <span class='ocr_line' id='line_1_27' title="bbox 1622 2779 2965 2847; baseline 0.001 -16"><span class='ocrx_word' id='word_1_200' title='bbox 1622 2795 1654 2847; x_wconf 93' lang='lat'>9</span> <span class='ocrx_word' id='word_1_201' title='bbox 1686 2781 2010 2832; x_wconf 87' lang='lat' dir='ltr'>contentione</span> <span class='ocrx_word' id='word_1_202' title='bbox 2029 2781 2098 2830; x_wconf 78' lang='lat' dir='ltr'><em>H</em></span> <span class='ocrx_word' id='word_1_203' title='bbox 2115 2779 2124 2844; x_wconf 93' lang='grc' dir='ltr'>Ι</span> <span class='ocrx_word' id='word_1_204' title='bbox 2154 2797 2283 2845; x_wconf 84' lang='lat' dir='ltr'>quae</span> <span class='ocrx_word' id='word_1_205' title='bbox 2306 2783 2421 2845; x_wconf 73' lang='lat' dir='ltr'>(fir</span> <span class='ocrx_word' id='word_1_206' title='bbox 2440 2782 2577 2847; x_wconf 86' lang='lat' dir='ltr'>quia)</span> <span class='ocrx_word' id='word_1_207' title='bbox 2607 2779 2683 2831; x_wconf 72' lang='lat' dir='ltr'>C·</span> <span class='ocrx_word' id='word_1_208' title='bbox 2708 2782 2776 2831; x_wconf 86' lang='lat' dir='ltr'><em>H</em></span> <span class='ocrx_word' id='word_1_209' title='bbox 2905 2798 2965 2833; x_wconf 85' lang='lat'>10</span> 
     </span>
     <span class='ocr_line' id='line_1_28' title="bbox 1534 2863 2963 2925; baseline -0.001 -11"><span class='ocrx_word' id='word_1_210' title='bbox 1534 2879 1587 2915; x_wconf 85' lang='lat'>11</span> <span class='ocrx_word' id='word_1_211' title='bbox 1626 2863 1997 2915; x_wconf 82' lang='lat' dir='ltr'>existimantH</span> <span class='ocrx_word' id='word_1_212' title='bbox 2167 2880 2224 2915; x_wconf 69' lang='grc' dir='ltr'>ια</span> <span class='ocrx_word' id='word_1_213' title='bbox 2266 2864 2661 2916; x_wconf 84' lang='lat' dir='ltr'>communeHl</span> <span class='ocrx_word' id='word_1_214' title='bbox 2817 2875 2875 2925; x_wconf 86' lang='lat'>17</span> <span class='ocrx_word' id='word_1_215' title='bbox 2911 2864 2963 2913; x_wconf 90' lang='lat' dir='ltr'>in</span> 
     </span>
    </p>
   </div>
   <div class='ocr_carea' id='block_1_9' title="bbox 1801 3093 2960 3248">
    <p class='ocr_par' dir='ltr' id='par_1_9' title="bbox 1801 3093 2960 3248">
     <span class='ocr_line' id='line_1_29' title="bbox 1801 3093 2954 3162; baseline -0.001 -13"><span class='ocrx_word' id='word_1_216' title='bbox 1801 3100 1888 3150; x_wconf 89' lang='lat' dir='ltr'>the</span> <span class='ocrx_word' id='word_1_217' title='bbox 1910 3106 2014 3149; x_wconf 83' lang='lat' dir='ltr'>text</span> <span class='ocrx_word' id='word_1_218' title='bbox 2037 3098 2080 3148; x_wconf 89' lang='lat' dir='ltr'>is</span> <span class='ocrx_word' id='word_1_219' title='bbox 2097 3097 2250 3148; x_wconf 84' lang='lat' dir='ltr'>found</span> <span class='ocrx_word' id='word_1_220' title='bbox 2269 3096 2318 3146; x_wconf 87' lang='lat' dir='ltr'>in</span> <span class='ocrx_word' id='word_1_221' title='bbox 2344 3093 2387 3144; x_wconf 61' lang='grc' dir='ltr'>κ</span> <span class='ocrx_word' id='word_1_222' title='bbox 2411 3097 2529 3162; x_wconf 89' lang='lat' dir='ltr'>(Bp.</span> <span class='ocrx_word' id='word_1_223' title='bbox 2550 3096 2773 3153; x_wconf 86' lang='lat' dir='ltr'>Enicott,</span> <span class='ocrx_word' id='word_1_224' title='bbox 2792 3098 2865 3146; x_wconf 87' lang='lat' dir='ltr'>ad</span> <span class='ocrx_word' id='word_1_225' title='bbox 2879 3098 2954 3158; x_wconf 89' lang='grc'><strong>1.).</strong></span> 
     </span>
     <span class='ocr_line' id='line_1_30' title="bbox 1864 3179 2960 3248; baseline -0.001 -17"><span class='ocrx_word' id='word_1_226' title='bbox 1864 3179 2468 3231; x_wconf 73' lang='lat' dir='ltr'>necessan‘um...subditos</span> <span class='ocrx_word' id='word_1_227' title='bbox 2515 3179 2629 3241; x_wconf 85' lang='lat' dir='ltr'>esse]</span> <span class='ocrx_word' id='word_1_228' title='bbox 2695 3180 2848 3231; x_wconf 88' lang='lat' dir='ltr'>Cited</span> <span class='ocrx_word' id='word_1_229' title='bbox 2891 3182 2960 3248; x_wconf 81' lang='lat' dir='ltr'>by</span> 
     </span>
    </p>
   </div>
   <div class='ocr_carea' id='block_1_10' title="bbox 539 3096 1700 3244">
    <p class='ocr_par' dir='ltr' id='par_1_10' title="bbox 539 3096 1700 3244">
     <span class='ocr_line' id='line_1_31' title="bbox 541 3096 1698 3164; baseline 0 -15"><span class='ocrx_word' id='word_1_230' title='bbox 541 3099 885 3164; x_wconf 79' lang='lat' dir='ltr'>representing</span> <span class='ocrx_word' id='word_1_231' title='bbox 919 3096 1314 3163; x_wconf 80' lang='grc' dir='ltr'>διαβεβαιοῦσθαι</span> <span class='ocrx_word' id='word_1_232' title='bbox 1354 3098 1435 3159; x_wconf 83' lang='lat' dir='ltr'>(cf.</span> <span class='ocrx_word' id='word_1_233' title='bbox 1480 3111 1518 3148; x_wconf 88' lang='lat'>1.</span> <span class='ocrx_word' id='word_1_234' title='bbox 1554 3114 1604 3163; x_wconf 88' lang='lat' dir='ltr'>p.</span> <span class='ocrx_word' id='word_1_235' title='bbox 1648 3100 1698 3155; x_wconf 85' lang='lat'>8,</span> 
     </span>
     <span class='ocr_line' id='line_1_32' title="bbox 539 3179 1700 3244; baseline 0 -14"><span class='ocrx_word' id='word_1_236' title='bbox 539 3180 575 3230; x_wconf 86' lang='lat'>1.</span> <span class='ocrx_word' id='word_1_237' title='bbox 620 3200 667 3244; x_wconf 85' lang='lat'>4,</span> <span class='ocrx_word' id='word_1_238' title='bbox 708 3183 876 3242; x_wconf 87' lang='lat' dir='ltr'>note);</span> <span class='ocrx_word' id='word_1_239' title='bbox 924 3181 1010 3231; x_wconf 87' lang='lat' dir='ltr'>the</span> <span class='ocrx_word' id='word_1_240' title='bbox 1047 3182 1197 3231; x_wconf 83' lang='lat' dir='ltr'>Latin</span> <span class='ocrx_word' id='word_1_241' title='bbox 1232 3179 1454 3230; x_wconf 84' lang='lat' dir='ltr'>versions</span> <span class='ocrx_word' id='word_1_242' title='bbox 1489 3196 1577 3230; x_wconf 86' lang='lat' dir='ltr'>use</span> <span class='ocrx_word' id='word_1_243' title='bbox 1614 3180 1700 3230; x_wconf 85' lang='lat' dir='ltr'>the</span> 
     </span>
    </p>
   </div>
   <div class='ocr_carea' id='block_1_11' title="bbox 530 3261 1697 4542">
    <p class='ocr_par' dir='ltr' id='par_1_11' title="bbox 538 3261 1697 3650">
     <span class='ocr_line' id='line_1_33' title="bbox 538 3261 1697 3325; baseline -0.002 -12"><span class='ocrx_word' id='word_1_244' title='bbox 538 3261 715 3313; x_wconf 76' lang='lat' dir='ltr'>active.</span> <span class='ocrx_word' id='word_1_245' title='bbox 787 3262 1002 3313; x_wconf 58' lang='lat' dir='ltr'>Sollrkt‘ti</span> <span class='ocrx_word' id='word_1_246' title='bbox 1026 3266 1141 3325; x_wconf 76' lang='lat' dir='ltr'>sint,</span> <span class='ocrx_word' id='word_1_247' title='bbox 1168 3279 1226 3313; x_wconf 93' lang='lat' dir='ltr'>so</span> <span class='ocrx_word' id='word_1_248' title='bbox 1260 3263 1543 3323; x_wconf 84' lang='lat' dir='ltr'>Ambrstr.;</span> <span class='ocrx_word' id='word_1_249' title='bbox 1584 3264 1697 3313; x_wconf 89' lang='lat' dir='ltr'>Cla-</span> 
     </span>
     <span class='ocr_line' id='line_1_34' title="bbox 538 3342 1690 3409; baseline -0.001 -15"><span class='ocrx_word' id='word_1_250' title='bbox 538 3360 685 3405; x_wconf 70' lang='lat' dir='ltr'>rom„</span> <span class='ocrx_word' id='word_1_251' title='bbox 725 3343 892 3405; x_wconf 78' lang='lat' dir='ltr'>Hier..</span> <span class='ocrx_word' id='word_1_252' title='bbox 937 3345 1157 3395; x_wconf 85' lang='lat' dir='ltr'>“curam</span> <span class='ocrx_word' id='word_1_253' title='bbox 1189 3342 1477 3402; x_wconf 83' lang='lat' dir='ltr'>habeant;”</span> <span class='ocrx_word' id='word_1_254' title='bbox 1519 3344 1690 3409; x_wconf 86' lang='lat' dir='ltr'>Vulg.,</span> 
     </span>
     <span class='ocr_line' id='line_1_35' title="bbox 543 3421 1693 3490; baseline -0.001 -16"><span class='ocrx_word' id='word_1_255' title='bbox 543 3421 819 3474; x_wconf 85' lang='lat' dir='ltr'>“curent.’&#39;</span> <span class='ocrx_word' id='word_1_256' title='bbox 882 3423 967 3474; x_wconf 79' lang='lat' dir='ltr'>Hi</span> <span class='ocrx_word' id='word_1_257' title='bbox 985 3424 1079 3490; x_wconf 81' lang='lat' dir='ltr'>qui</span> <span class='ocrx_word' id='word_1_258' title='bbox 1094 3425 1519 3474; x_wconf 77' lang='lat' dir='ltr'>crediderunt=ol</span> <span class='ocrx_word' id='word_1_259' title='bbox 1551 3441 1693 3473; x_wconf 70' lang='grc' dir='ltr'>πει-ι-</span> 
     </span>
     <span class='ocr_line' id='line_1_36' title="bbox 539 3505 1689 3571; baseline -0.001 -14"><span class='ocrx_word' id='word_1_260' title='bbox 539 3508 795 3558; x_wconf 73' lang='grc' dir='ltr'>στευκότες</span> <span class='ocrx_word' id='word_1_261' title='bbox 825 3506 910 3569; x_wconf 83' lang='lat' dir='ltr'>(cs.</span> <span class='ocrx_word' id='word_1_262' title='bbox 939 3507 1100 3571; x_wconf 74' lang='lat' dir='ltr'>infla,</span> <span class='ocrx_word' id='word_1_263' title='bbox 1133 3506 1170 3556; x_wconf 89' lang='lat'>1.</span> <span class='ocrx_word' id='word_1_264' title='bbox 1205 3505 1276 3569; x_wconf 90' lang='lat'>6).</span> <span class='ocrx_word' id='word_1_265' title='bbox 1343 3506 1417 3559; x_wconf 89' lang='lat' dir='ltr'>So</span> <span class='ocrx_word' id='word_1_266' title='bbox 1455 3507 1689 3568; x_wconf 70' lang='lat' dir='ltr'>Claram„</span> 
     </span>
     <span class='ocr_line' id='line_1_37' title="bbox 538 3585 1576 3650; baseline -0.004 -12"><span class='ocrx_word' id='word_1_267' title='bbox 538 3588 821 3648; x_wconf 79' lang='lat' dir='ltr'>Ambrstr.3</span> <span class='ocrx_word' id='word_1_268' title='bbox 858 3587 1028 3645; x_wconf 84' lang='lat' dir='ltr'>Hier.,</span> <span class='ocrx_word' id='word_1_269' title='bbox 1053 3585 1225 3650; x_wconf 72' lang='lat' dir='ltr'>vulg„</span> <span class='ocrx_word' id='word_1_270' title='bbox 1261 3585 1576 3637; x_wconf 85' lang='lat' dir='ltr'>“credunt.”</span> 
     </span>
    </p>

    <p class='ocr_par' dir='ltr' id='par_1_12' title="bbox 530 3668 1695 4542">
     <span class='ocr_line' id='line_1_38' title="bbox 604 3668 1694 3735; baseline 0.001 -17"><span class='ocrx_word' id='word_1_271' title='bbox 604 3683 652 3732; x_wconf 87' lang='lat'>5.</span> <span class='ocrx_word' id='word_1_272' title='bbox 714 3669 1113 3735; x_wconf 77' lang='lat' dir='ltr'>praecedentibus</span> <span class='ocrx_word' id='word_1_273' title='bbox 1132 3669 1267 3719; x_wconf 78' lang='lat' dir='ltr'><em>illud</em></span> <span class='ocrx_word' id='word_1_274' title='bbox 1279 3668 1554 3732; x_wconf 81' lang='lat' dir='ltr'>adnectens]</span> <span class='ocrx_word' id='word_1_275' title='bbox 1622 3668 1694 3719; x_wconf 92' lang='lat' dir='ltr'>So</span> 
     </span>
     <span class='ocr_line' id='line_1_39' title="bbox 531 3749 1695 3817; baseline -0.002 -17"><span class='ocrx_word' id='word_1_276' title='bbox 531 3751 769 3816; x_wconf 75' lang='lat' dir='ltr'>Jeromee</span> <span class='ocrx_word' id='word_1_277' title='bbox 808 3752 955 3801; x_wconf 88' lang='lat' dir='ltr'>“hoc</span> <span class='ocrx_word' id='word_1_278' title='bbox 980 3751 1117 3817; x_wconf 91' lang='lat' dir='ltr'>quod</span> <span class='ocrx_word' id='word_1_279' title='bbox 1146 3750 1215 3800; x_wconf 84' lang='lat' dir='ltr'>ait</span> <span class='ocrx_word' id='word_1_280' title='bbox 1234 3750 1409 3816; x_wconf 78' lang='lat' dir='ltr'>fidelis</span> <span class='ocrx_word' id='word_1_281' title='bbox 1438 3764 1595 3799; x_wconf 85' lang='lat' dir='ltr'>sermo</span> <span class='ocrx_word' id='word_1_282' title='bbox 1626 3749 1695 3799; x_wconf 88' lang='lat' dir='ltr'>ad</span> 
     </span>
     <span class='ocr_line' id='line_1_40' title="bbox 533 3830 1686 3898; baseline -0.004 -16"><span class='ocrx_word' id='word_1_283' title='bbox 533 3832 790 3898; x_wconf 83' lang='lat' dir='ltr'>superiora</span> <span class='ocrx_word' id='word_1_284' title='bbox 811 3832 1113 3897; x_wconf 82' lang='lat' dir='ltr'>iungendum</span> <span class='ocrx_word' id='word_1_285' title='bbox 1141 3830 1267 3881; x_wconf 88' lang='lat' dir='ltr'>est.”</span> <span class='ocrx_word' id='word_1_286' title='bbox 1332 3830 1455 3880; x_wconf 88' lang='lat' dir='ltr'>And</span> <span class='ocrx_word' id='word_1_287' title='bbox 1488 3830 1686 3894; x_wconf 71' lang='lat' dir='ltr'>Chrys„</span> 
     </span>
     <span class='ocr_line' id='line_1_41' title="bbox 534 3909 1689 3961; baseline -0.002 0"><span class='ocrx_word' id='word_1_288' title='bbox 534 3910 651 3960; x_wconf 85' lang='lat' dir='ltr'>who</span> <span class='ocrx_word' id='word_1_289' title='bbox 680 3912 795 3961; x_wconf 88' lang='lat' dir='ltr'>thus</span> <span class='ocrx_word' id='word_1_290' title='bbox 827 3919 1064 3961; x_wconf 81' lang='lat' dir='ltr'>accounts</span> <span class='ocrx_word' id='word_1_291' title='bbox 1096 3912 1174 3961; x_wconf 84' lang='lat' dir='ltr'>sor</span> <span class='ocrx_word' id='word_1_292' title='bbox 1206 3911 1292 3961; x_wconf 89' lang='lat' dir='ltr'>the</span> <span class='ocrx_word' id='word_1_293' title='bbox 1324 3909 1689 3960; x_wconf 82' lang='lat' dir='ltr'>asseveration:</span> 
     </span>
     <span class='ocr_line' id='line_1_42' title="bbox 532 3988 1693 4054; baseline -0.002 -14"><span class='ocrx_word' id='word_1_294' title='bbox 532 3988 703 4050; x_wconf 66' lang='grc' dir='ltr'>ἐπειδὴ</span> <span class='ocrx_word' id='word_1_295' title='bbox 736 3988 831 4054; x_wconf 73' lang='grc' dir='ltr'>γὰρ</span> <span class='ocrx_word' id='word_1_296' title='bbox 869 3992 980 4052; x_wconf 70' lang='grc' dir='ltr'>περὶ</span> <span class='ocrx_word' id='word_1_297' title='bbox 1019 3991 1300 4050; x_wconf 72' lang='grc' dir='ltr'>μελλόντων</span> <span class='ocrx_word' id='word_1_298' title='bbox 1340 3991 1567 4051; x_wconf 76' lang='grc' dir='ltr'>διελέχθη</span> <span class='ocrx_word' id='word_1_299' title='bbox 1613 3990 1693 4038; x_wconf 75' lang='grc' dir='ltr'>καὶ</span> 
     </span>
     <span class='ocr_line' id='line_1_43' title="bbox 533 4069 1685 4136; baseline 0.003 -16"><span class='ocrx_word' id='word_1_300' title='bbox 533 4072 668 4120; x_wconf 71' lang='grc' dir='ltr'>οὕτω</span> <span class='ocrx_word' id='word_1_301' title='bbox 700 4071 969 4136; x_wconf 75' lang='grc' dir='ltr'>παρόντων,</span> <span class='ocrx_word' id='word_1_302' title='bbox 1010 4070 1262 4133; x_wconf 64' lang='grc' dir='ltr'>ἐπήγαγεν</span> <span class='ocrx_word' id='word_1_303' title='bbox 1294 4069 1353 4120; x_wconf 80' lang='grc' dir='ltr'>τὸ</span> <span class='ocrx_word' id='word_1_304' title='bbox 1387 4069 1685 4131; x_wconf 70' lang='grc' dir='ltr'>ἀξιόπιστον.</span> 
     </span>
     <span class='ocr_line' id='line_1_44' title="bbox 533 4152 1683 4206; baseline -0.003 0"><span class='ocrx_word' id='word_1_305' title='bbox 533 4155 690 4206; x_wconf 88' lang='lat' dir='ltr'>Thdt.</span> <span class='ocrx_word' id='word_1_306' title='bbox 718 4153 809 4203; x_wconf 78' lang='lat' dir='ltr'>has</span> <span class='ocrx_word' id='word_1_307' title='bbox 842 4170 873 4202; x_wconf 89' lang='lat' dir='ltr'>a</span> <span class='ocrx_word' id='word_1_308' title='bbox 910 4153 1108 4203; x_wconf 80' lang='lat' dir='ltr'>remark</span> <span class='ocrx_word' id='word_1_309' title='bbox 1143 4160 1198 4203; x_wconf 92' lang='lat' dir='ltr'>to</span> <span class='ocrx_word' id='word_1_310' title='bbox 1231 4152 1317 4203; x_wconf 86' lang='lat' dir='ltr'>the</span> <span class='ocrx_word' id='word_1_311' title='bbox 1352 4168 1491 4202; x_wconf 89' lang='lat' dir='ltr'>same</span> <span class='ocrx_word' id='word_1_312' title='bbox 1523 4152 1683 4203; x_wconf 86' lang='lat' dir='ltr'>effect.</span> 
     </span>
     <span class='ocr_line' id='line_1_45' title="bbox 533 4234 1690 4300; baseline -0.003 -14"><span class='ocrx_word' id='word_1_313' title='bbox 533 4236 596 4286; x_wconf 94' lang='lat' dir='ltr'>In</span> <span class='ocrx_word' id='word_1_314' title='bbox 627 4236 807 4300; x_wconf 81' lang='lat' dir='ltr'>Chrys.</span> <span class='ocrx_word' id='word_1_315' title='bbox 839 4235 925 4285; x_wconf 86' lang='lat' dir='ltr'>the</span> <span class='ocrx_word' id='word_1_316' title='bbox 956 4234 1216 4300; x_wconf 78' lang='lat' dir='ltr'>following</span> <span class='ocrx_word' id='word_1_317' title='bbox 1246 4235 1412 4285; x_wconf 80' lang='lat' dir='ltr'>words</span> <span class='ocrx_word' id='word_1_318' title='bbox 1446 4237 1547 4295; x_wconf 78' lang='grc' dir='ltr'>(καὶ</span> <span class='ocrx_word' id='word_1_319' title='bbox 1580 4236 1690 4297; x_wconf 77' lang='grc' dir='ltr'>περὶ</span> 
     </span>
     <span class='ocr_line' id='line_1_46' title="bbox 530 4313 1688 4378; baseline 0 -12"><span class='ocrx_word' id='word_1_320' title='bbox 530 4318 728 4378; x_wconf 74' lang='grc' dir='ltr'>τούτων,</span> <span class='ocrx_word' id='word_1_321' title='bbox 757 4317 927 4377; x_wconf 54' lang='lat' dir='ltr'>ira-Ji.)</span> <span class='ocrx_word' id='word_1_322' title='bbox 949 4332 1034 4366; x_wconf 87' lang='lat' dir='ltr'>are</span> <span class='ocrx_word' id='word_1_323' title='bbox 1056 4316 1292 4367; x_wconf 77' lang='lat' dir='ltr'>divorced</span> <span class='ocrx_word' id='word_1_324' title='bbox 1315 4317 1441 4366; x_wconf 84' lang='lat' dir='ltr'>from</span> <span class='ocrx_word' id='word_1_325' title='bbox 1466 4313 1637 4366; x_wconf 71' lang='grc' dir='ltr'>πιστὸς</span> <span class='ocrx_word' id='word_1_326' title='bbox 1661 4317 1688 4366; x_wconf 84' lang='grc' dir='ltr'><strong>ὁ</strong></span> 
     </span>
     <span class='ocr_line' id='line_1_47' title="bbox 530 4396 1686 4463; baseline 0 -15"><span class='ocrx_word' id='word_1_327' title='bbox 530 4396 694 4460; x_wconf 74' lang='grc' dir='ltr'>λόγος,</span> <span class='ocrx_word' id='word_1_328' title='bbox 716 4398 818 4448; x_wconf 84' lang='lat' dir='ltr'>and</span> <span class='ocrx_word' id='word_1_329' title='bbox 840 4399 987 4448; x_wconf 86' lang='lat' dir='ltr'>stand</span> <span class='ocrx_word' id='word_1_330' title='bbox 1009 4404 1060 4447; x_wconf 87' lang='lat' dir='ltr'>at</span> <span class='ocrx_word' id='word_1_331' title='bbox 1084 4398 1169 4448; x_wconf 91' lang='lat' dir='ltr'>the</span> <span class='ocrx_word' id='word_1_332' title='bbox 1191 4398 1464 4463; x_wconf 85' lang='lat' dir='ltr'>beginning</span> <span class='ocrx_word' id='word_1_333' title='bbox 1485 4397 1543 4447; x_wconf 87' lang='lat' dir='ltr'>of</span> <span class='ocrx_word' id='word_1_334' title='bbox 1568 4414 1686 4448; x_wconf 83' lang='lat' dir='ltr'>ano·</span> 
     </span>
     <span class='ocr_line' id='line_1_48' title="bbox 531 4477 1695 4542; baseline -0.003 -12"><span class='ocrx_word' id='word_1_335' title='bbox 531 4478 641 4530; x_wconf 87' lang='lat' dir='ltr'>ther</span> <span class='ocrx_word' id='word_1_336' title='bbox 669 4477 875 4541; x_wconf 87' lang='lat' dir='ltr'>homily.</span> <span class='ocrx_word' id='word_1_337' title='bbox 949 4478 999 4526; x_wconf 87' lang='lat' dir='ltr'>A</span> <span class='ocrx_word' id='word_1_338' title='bbox 1032 4477 1222 4528; x_wconf 86' lang='lat' dir='ltr'>similar</span> <span class='ocrx_word' id='word_1_339' title='bbox 1254 4486 1600 4542; x_wconf 76' lang='lat' dir='ltr'>arrangement</span> <span class='ocrx_word' id='word_1_340' title='bbox 1636 4477 1695 4527; x_wconf 85' lang='lat' dir='ltr'>os</span> 
     </span>
    </p>
   </div>
   <div class='ocr_carea' id='block_1_12' title="bbox 1789 3259 2958 4544">
    <p class='ocr_par' dir='ltr' id='par_1_13' title="bbox 1801 3259 2739 3324">
     <span class='ocr_line' id='line_1_49' title="bbox 1801 3259 2739 3324; baseline -0.002 -14"><span class='ocrx_word' id='word_1_341' title='bbox 1801 3261 2068 3320; x_wconf 81' lang='lat' dir='ltr'>Lansranc,</span> <span class='ocrx_word' id='word_1_342' title='bbox 2096 3260 2332 3322; x_wconf 86' lang='lat' dir='ltr'>omitting</span> <span class='ocrx_word' id='word_1_343' title='bbox 2352 3275 2403 3308; x_wconf 88' lang='lat' dir='ltr'>eo</span> <span class='ocrx_word' id='word_1_344' title='bbox 2423 3259 2739 3324; x_wconf 80' lang='lat' dir='ltr'>quod...ideo.</span> 
     </span>
    </p>

    <p class='ocr_par' dir='ltr' id='par_1_14' title="bbox 1793 3341 2958 3726">
     <span class='ocr_line' id='line_1_50' title="bbox 1867 3341 2952 3407; baseline 0.002 -18"><span class='ocrx_word' id='word_1_345' title='bbox 1867 3354 1912 3405; x_wconf 86' lang='lat'>7.</span> <span class='ocrx_word' id='word_1_346' title='bbox 1990 3348 2127 3407; x_wconf 80' lang='lat' dir='ltr'>quat.</span> <span class='ocrx_word' id='word_1_347' title='bbox 2151 3341 2463 3406; x_wconf 71' lang='lat' dir='ltr'>diligentiam</span> <span class='ocrx_word' id='word_1_348' title='bbox 2484 3357 2525 3392; x_wconf 90' lang='lat' dir='ltr'>c.</span> <span class='ocrx_word' id='word_1_349' title='bbox 2547 3341 2692 3403; x_wconf 67' lang='lat' dir='ltr'>adh]</span> <span class='ocrx_word' id='word_1_350' title='bbox 2749 3342 2832 3393; x_wconf 82' lang='lat' dir='ltr'>Cf.</span> <span class='ocrx_word' id='word_1_351' title='bbox 2855 3343 2952 3393; x_wconf 90' lang='lat' dir='ltr'>Th.</span> 
     </span>
     <span class='ocr_line' id='line_1_51' title="bbox 1797 3422 2958 3486; baseline 0 -12"><span class='ocrx_word' id='word_1_352' title='bbox 1797 3440 1864 3474; x_wconf 91' lang='lat' dir='ltr'>on</span> <span class='ocrx_word' id='word_1_353' title='bbox 1898 3425 2048 3474; x_wconf 89' lang='lat' dir='ltr'>Rom.</span> <span class='ocrx_word' id='word_1_354' title='bbox 2086 3424 2172 3474; x_wconf 87' lang='lat' dir='ltr'>xii.</span> <span class='ocrx_word' id='word_1_355' title='bbox 2211 3424 2272 3474; x_wconf 85' lang='lat'>8:</span> <span class='ocrx_word' id='word_1_356' title='bbox 2321 3422 2378 3472; x_wconf 82' lang='grc' dir='ltr'>τὸ</span> <span class='ocrx_word' id='word_1_357' title='bbox 2423 3422 2482 3473; x_wconf 68' lang='grc' dir='ltr'>’ὀ</span> <span class='ocrx_word' id='word_1_358' title='bbox 2523 3422 2862 3486; x_wconf 68' lang='grc' dir='ltr'>προϊστάμενος</span> <span class='ocrx_word' id='word_1_359' title='bbox 2904 3426 2958 3474; x_wconf 71' lang='grc' dir='ltr'>ἐν</span> 
     </span>
     <span class='ocr_line' id='line_1_52' title="bbox 1796 3500 2952 3566; baseline -0.001 -12"><span class='ocrx_word' id='word_1_360' title='bbox 1796 3500 2019 3566; x_wconf 71' lang='grc' dir='ltr'>σπουδῇ’</span> <span class='ocrx_word' id='word_1_361' title='bbox 2074 3502 2183 3554; x_wconf 71' lang='grc' dir='ltr'>ἀντὶ</span> <span class='ocrx_word' id='word_1_362' title='bbox 2236 3501 2325 3553; x_wconf 75' lang='grc' dir='ltr'>τοῦ</span> <span class='ocrx_word' id='word_1_363' title='bbox 2378 3502 2405 3553; x_wconf 78' lang='grc' dir='ltr'><strong>ὁ</strong></span> <span class='ocrx_word' id='word_1_364' title='bbox 2471 3501 2952 3564; x_wconf 67' lang='grc' dir='ltr'>ἐπιμελούμενος.</span> 
     </span>
     <span class='ocr_line' id='line_1_53' title="bbox 1796 3583 2955 3652; baseline -0.001 -16"><span class='ocrx_word' id='word_1_365' title='bbox 1796 3587 1987 3652; x_wconf 85' lang='lat' dir='ltr'>Thpht.</span> <span class='ocrx_word' id='word_1_366' title='bbox 2030 3583 2117 3650; x_wconf 91' lang='lat' dir='ltr'>(on</span> <span class='ocrx_word' id='word_1_367' title='bbox 2152 3603 2199 3636; x_wconf 85' lang='lat' dir='ltr'>v.</span> <span class='ocrx_word' id='word_1_368' title='bbox 2256 3583 2365 3649; x_wconf 79' lang='lat'>14):</span> <span class='ocrx_word' id='word_1_369' title='bbox 2415 3587 2576 3635; x_wconf 71' lang='grc' dir='ltr'>καλῶν</span> <span class='ocrx_word' id='word_1_370' title='bbox 2621 3589 2776 3648; x_wconf 63' lang='grc' dir='ltr'><strong><em>ἔργων</em></strong></span> <span class='ocrx_word' id='word_1_371' title='bbox 2822 3586 2955 3649; x_wconf 63' lang='lat' dir='ltr'>rpor-</span> 
     </span>
     <span class='ocr_line' id='line_1_54' title="bbox 1793 3663 2949 3726; baseline 0.002 -11"><span class='ocrx_word' id='word_1_372' title='bbox 1793 3667 2023 3725; x_wconf 80' lang='grc' dir='ltr'>στασθαι,</span> <span class='ocrx_word' id='word_1_373' title='bbox 2044 3665 2314 3725; x_wconf 73' lang='grc' dir='ltr'>τουτέστιν,</span> <span class='ocrx_word' id='word_1_374' title='bbox 2334 3663 2570 3724; x_wconf 81' lang='grc' dir='ltr'>κήδεσθαι</span> <span class='ocrx_word' id='word_1_375' title='bbox 2583 3664 2683 3715; x_wconf 72' lang='grc' dir='ltr'>τῶν</span> <span class='ocrx_word' id='word_1_376' title='bbox 2698 3666 2949 3726; x_wconf 67' lang='grc' dir='ltr'>δεομένων.</span> 
     </span>
    </p>

    <p class='ocr_par' dir='ltr' id='par_1_15' title="bbox 1791 3749 2953 4218">
     <span class='ocr_line' id='line_1_55' title="bbox 1865 3749 2948 3813; baseline 0.002 -15"><span class='ocrx_word' id='word_1_377' title='bbox 1865 3764 1940 3813; x_wconf 79' lang='lat'>13·</span> <span class='ocrx_word' id='word_1_378' title='bbox 2009 3765 2201 3801; x_wconf 81' lang='lat' dir='ltr'>omnem</span> <span class='ocrx_word' id='word_1_379' title='bbox 2255 3764 2453 3798; x_wconf 82' lang='lat' dir='ltr'>sensum</span> <span class='ocrx_word' id='word_1_380' title='bbox 2507 3749 2770 3811; x_wconf 82' lang='lat' dir='ltr'>conclusit]</span> <span class='ocrx_word' id='word_1_381' title='bbox 2845 3750 2948 3800; x_wconf 89' lang='lat' dir='ltr'>I.e.</span> 
     </span>
     <span class='ocr_line' id='line_1_56' title="bbox 1792 3830 2951 3897; baseline 0.002 -18"><span class='ocrx_word' id='word_1_382' title='bbox 1792 3845 1958 3880; x_wconf 83' lang='lat' dir='ltr'>verses</span> <span class='ocrx_word' id='word_1_383' title='bbox 1985 3832 2109 3880; x_wconf 82' lang='lat'>1—-8</span> <span class='ocrx_word' id='word_1_384' title='bbox 2143 3830 2270 3879; x_wconf 84' lang='lat' dir='ltr'>form</span> <span class='ocrx_word' id='word_1_385' title='bbox 2304 3846 2335 3880; x_wconf 86' lang='lat' dir='ltr'>a</span> <span class='ocrx_word' id='word_1_386' title='bbox 2366 3831 2618 3895; x_wconf 88' lang='lat' dir='ltr'>complete</span> <span class='ocrx_word' id='word_1_387' title='bbox 2651 3831 2951 3897; x_wconf 79' lang='lat' dir='ltr'>paragraph,</span> 
     </span>
     <span class='ocr_line' id='line_1_57' title="bbox 1793 3910 2950 3976; baseline 0.002 -16"><span class='ocrx_word' id='word_1_388' title='bbox 1793 3926 1824 3960; x_wconf 86' lang='lat' dir='ltr'>a</span> <span class='ocrx_word' id='word_1_389' title='bbox 1858 3910 1992 3960; x_wconf 81' lang='lat' dir='ltr'>fresh</span> <span class='ocrx_word' id='word_1_390' title='bbox 2027 3910 2220 3974; x_wconf 87' lang='lat' dir='ltr'>subject</span> <span class='ocrx_word' id='word_1_391' title='bbox 2257 3910 2411 3976; x_wconf 86' lang='lat' dir='ltr'>being</span> <span class='ocrx_word' id='word_1_392' title='bbox 2445 3910 2636 3961; x_wconf 79' lang='lat' dir='ltr'>started</span> <span class='ocrx_word' id='word_1_393' title='bbox 2667 3911 2792 3961; x_wconf 79' lang='lat' dir='ltr'>with</span> <span class='ocrx_word' id='word_1_394' title='bbox 2820 3927 2871 3960; x_wconf 81' lang='lat' dir='ltr'>v.</span> <span class='ocrx_word' id='word_1_395' title='bbox 2901 3926 2950 3976; x_wconf 89' lang='lat'>9.</span> 
     </span>
     <span class='ocr_line' id='line_1_58' title="bbox 1796 3988 2953 4055; baseline 0.002 -16"><span class='ocrx_word' id='word_1_396' title='bbox 1796 3990 1844 4039; x_wconf 91' lang='lat' dir='ltr'>It</span> <span class='ocrx_word' id='word_1_397' title='bbox 1866 3988 1909 4040; x_wconf 89' lang='lat' dir='ltr'>is</span> <span class='ocrx_word' id='word_1_398' title='bbox 1932 3990 2128 4055; x_wconf 81' lang='lat' dir='ltr'>worthy</span> <span class='ocrx_word' id='word_1_399' title='bbox 2148 3989 2207 4039; x_wconf 83' lang='lat' dir='ltr'>os</span> <span class='ocrx_word' id='word_1_400' title='bbox 2233 3991 2401 4040; x_wconf 89' lang='lat' dir='ltr'>notice</span> <span class='ocrx_word' id='word_1_401' title='bbox 2421 3990 2532 4041; x_wconf 84' lang='lat' dir='ltr'>that</span> <span class='ocrx_word' id='word_1_402' title='bbox 2552 4006 2584 4040; x_wconf 86' lang='lat' dir='ltr'>a</span> <span class='ocrx_word' id='word_1_403' title='bbox 2616 4006 2731 4040; x_wconf 78' lang='lat' dir='ltr'>new</span> <span class='ocrx_word' id='word_1_404' title='bbox 2763 3992 2953 4042; x_wconf 88' lang='lat' dir='ltr'>Eutha-</span> 
     </span>
     <span class='ocr_line' id='line_1_59' title="bbox 1793 4070 2949 4138; baseline -0.001 -16"><span class='ocrx_word' id='word_1_405' title='bbox 1793 4072 1896 4122; x_wconf 85' lang='lat' dir='ltr'>lian</span> <span class='ocrx_word' id='word_1_406' title='bbox 1938 4070 2202 4134; x_wconf 74' lang='grc' dir='ltr'>κεφάλαιον</span> <span class='ocrx_word' id='word_1_407' title='bbox 2241 4071 2418 4137; x_wconf 81' lang='lat' dir='ltr'>begins</span> <span class='ocrx_word' id='word_1_408' title='bbox 2461 4072 2615 4133; x_wconf 66' lang='lat' dir='ltr'>bereg</span> <span class='ocrx_word' id='word_1_409' title='bbox 2670 4072 2736 4123; x_wconf 86' lang='lat' dir='ltr'>cs.</span> <span class='ocrx_word' id='word_1_410' title='bbox 2773 4082 2949 4138; x_wconf 77' lang='lat' dir='ltr'>supra,</span> 
     </span>
     <span class='ocr_line' id='line_1_60' title="bbox 1791 4152 2277 4218; baseline 0.002 -17"><span class='ocrx_word' id='word_1_411' title='bbox 1791 4169 1843 4218; x_wconf 89' lang='lat' dir='ltr'>p.</span> <span class='ocrx_word' id='word_1_412' title='bbox 1867 4152 1978 4217; x_wconf 80' lang='lat'>246,</span> <span class='ocrx_word' id='word_1_413' title='bbox 2006 4154 2043 4203; x_wconf 92' lang='lat' dir='ltr'>l.</span> <span class='ocrx_word' id='word_1_414' title='bbox 2072 4169 2114 4213; x_wconf 88' lang='lat'>1,</span> <span class='ocrx_word' id='word_1_415' title='bbox 2142 4159 2277 4203; x_wconf 89' lang='lat' dir='ltr'>note.</span> 
     </span>
    </p>

    <p class='ocr_par' dir='ltr' id='par_1_16' title="bbox 1789 4233 2953 4544">
     <span class='ocr_line' id='line_1_61' title="bbox 1861 4233 2953 4299; baseline -0.003 -13"><span class='ocrx_word' id='word_1_416' title='bbox 1861 4237 1938 4287; x_wconf 88' lang='lat'>18.</span> <span class='ocrx_word' id='word_1_417' title='bbox 1995 4233 2385 4299; x_wconf 58' lang='lat' dir='ltr'>inpn&#39;nczspium</span> <span class='ocrx_word' id='word_1_418' title='bbox 2406 4235 2652 4299; x_wconf 78' lang='lat' dir='ltr'>epistolae]</span> <span class='ocrx_word' id='word_1_419' title='bbox 2718 4233 2782 4284; x_wconf 88' lang='lat' dir='ltr'>C.</span> <span class='ocrx_word' id='word_1_420' title='bbox 2806 4234 2840 4286; x_wconf 91' lang='lat' dir='ltr'>i.</span> <span class='ocrx_word' id='word_1_421' title='bbox 2874 4252 2953 4297; x_wconf 83' lang='lat'>¹4·</span> 
     </span>
     <span class='ocr_line' id='line_1_62' title="bbox 1791 4314 2951 4381; baseline -0.002 -14"><span class='ocrx_word' id='word_1_422' title='bbox 1791 4317 1863 4367; x_wconf 91' lang='lat' dir='ltr'>So</span> <span class='ocrx_word' id='word_1_423' title='bbox 1908 4333 1926 4366; x_wconf 84' lang='lat'>1</span> <span class='ocrx_word' id='word_1_424' title='bbox 1977 4315 2111 4365; x_wconf 89' lang='lat' dir='ltr'>Tim.</span> <span class='ocrx_word' id='word_1_425' title='bbox 2157 4316 2332 4380; x_wconf 84' lang='lat' dir='ltr'>begins</span> <span class='ocrx_word' id='word_1_426' title='bbox 2372 4314 2426 4379; x_wconf 86' lang='lat' dir='ltr'>(i.</span> <span class='ocrx_word' id='word_1_427' title='bbox 2468 4315 2520 4381; x_wconf 84' lang='lat'>4)</span> <span class='ocrx_word' id='word_1_428' title='bbox 2557 4316 2658 4366; x_wconf 87' lang='lat' dir='ltr'>and</span> <span class='ocrx_word' id='word_1_429' title='bbox 2696 4318 2822 4366; x_wconf 86' lang='lat' dir='ltr'>ends</span> <span class='ocrx_word' id='word_1_430' title='bbox 2861 4316 2951 4377; x_wconf 78' lang='lat' dir='ltr'>(vi.</span> 
     </span>
     <span class='ocr_line' id='line_1_63' title="bbox 1789 4393 2949 4463; baseline 0.001 -17"><span class='ocrx_word' id='word_1_431' title='bbox 1789 4412 1818 4460; x_wconf 87' lang='lat'>3</span> <span class='ocrx_word' id='word_1_432' title='bbox 1858 4397 1956 4463; x_wconf 86' lang='lat' dir='ltr'>sq.)</span> <span class='ocrx_word' id='word_1_433' title='bbox 1995 4396 2118 4447; x_wconf 82' lang='lat' dir='ltr'>with</span> <span class='ocrx_word' id='word_1_434' title='bbox 2154 4393 2405 4462; x_wconf 72' lang='lat' dir='ltr'>warning&#39;s</span> <span class='ocrx_word' id='word_1_435' title='bbox 2439 4397 2634 4462; x_wconf 79' lang='lat' dir='ltr'>against</span> <span class='ocrx_word' id='word_1_436' title='bbox 2669 4397 2772 4448; x_wconf 87' lang='lat' dir='ltr'>idle</span> <span class='ocrx_word' id='word_1_437' title='bbox 2807 4413 2949 4462; x_wconf 86' lang='lat' dir='ltr'>ques-</span> 
     </span>
     <span class='ocr_line' id='line_1_64' title="bbox 1790 4477 2950 4544; baseline 0.001 -16"><span class='ocrx_word' id='word_1_438' title='bbox 1790 4479 2025 4544; x_wconf 73' lang='lat' dir='ltr'>tionings.</span> <span class='ocrx_word' id='word_1_439' title='bbox 2091 4479 2271 4529; x_wconf 85' lang='lat' dir='ltr'>Thdt.:</span> <span class='ocrx_word' id='word_1_440' title='bbox 2295 4477 2453 4529; x_wconf 74' lang='grc' dir='ltr'>ταῦτα</span> <span class='ocrx_word' id='word_1_441' title='bbox 2479 4481 2532 4529; x_wconf 72' lang='grc' dir='ltr'>δὲ</span> <span class='ocrx_word' id='word_1_442' title='bbox 2557 4477 2700 4529; x_wconf 71' lang='grc' dir='ltr'>πάλιν</span> <span class='ocrx_word' id='word_1_443' title='bbox 2722 4481 2830 4540; x_wconf 72' lang='grc' dir='ltr'>περὶ</span> <span class='ocrx_word' id='word_1_444' title='bbox 2854 4478 2950 4529; x_wconf 65' lang='grc' dir='ltr'>τῶν</span> 
     </span>
    </p>
   </div>
  </div>
 </body>
</html>
