3221 5116
301 359 429 424 111.
474 377 566 436 10,
606 360 728 445 η]
1021 375 1103 426 IN
1154 376 1259 427 ΕΡ.
1306 377 1408 427 AD
1455 377 1942 438 TIMOTHEUM‘
1971 380 2048 440 11.
2319 365 2328 372 “
2587 388 2715 452 219

294 572 376 615 eo
436 554 618 634 quod
683 573 1047 636 numquam
1108 558 1404 638 poterint
1465 556 1748 620 deficere
1807 556 1880 621 hi
1935 559 2050 640 qui
2111 558 2475 623 secundum
2537 561 2718 623 dicta

294 674 522 718 eorum
586 655 850 721 faciunt.
942 658 1146 721 adicit
1207 659 1495 742 denique
1559 661 1829 724 dicens:
1902 672 1964 724 et
2018 682 2225 725 sermo
2280 683 2500 726 eorum
2552 664 2721 729 sicut

290 779 514 822 cancer
547 761 759 842 serpit.
846 760 975 825 hoc
1017 784 1175 826 uero
1219 763 1285 826 in
1324 763 1472 828 loco
1519 767 1698 848 apud
1749 786 1864 829 eos
1901 766 2013 848 qui
2062 767 2343 848 probare
2382 766 2716 832 sufficiunt

294 862 642 925 ueritatem
688 863 864 927 dixit
914 884 1046 928 non
1097 866 1413 949 proficere
1462 890 1595 945 eos,
1648 870 1806 953 quia
1856 871 1923 934 in
1967 872 2291 953 principio
2341 869 2719 954 frequenter

294 961 484 1026 multi
519 963 822 1028 homines
854 966 940 1030 de
975 966 1102 1031 illis
1148 970 1518 1033 nescientes
1560 974 1783 1053 specie
1826 994 2056 1037 eorum
2090 995 2168 1037 ac
2199 973 2541 1040 schemate
2571 976 2716 1040 solo
2795 987 2826 1055 5

292 1066 683 1143 inescantur,
738 1069 850 1150 qui
910 1076 1213 1151 tempore
1262 1074 1545 1135 currenti
1602 1078 1973 1140 necessario
2026 1076 2422 1160 dogmatum
2485 1100 2714 1145 eorum

288 1171 787 1236 subuersionem
822 1159 1300 1256 cognoscentes
1334 1174 1579 1240 habere
1612 1179 1699 1241 ab
1730 1180 1834 1243 his
1875 1181 2254 1263 poterunt*
2343 1184 2522 1264 quod
2557 1203 2715 1265 ergo

291 1275 468 1338 dixit
508 1297 633 1340 non
651 1279 1006 1362 prqficienn
1040 1282 1410 1346 secundum
1448 1281 1606 1346 illud
1642 1283 1819 1346 dixit
1851 1284 2032 1366 quod
2081 1285 2290 1348 latere
2335 1288 2597 1367 possint
2627 1286 2715 1349 ad

291 1386 596 1459 tempus;
643 1382 820 1444 unde
867 1393 934 1447 et
975 1384 1259 1447 adiecit:
1308 1384 1681 1467 insipientia
1725 1387 1898 1450 enim
1941 1408 2159 1452 eorum
2191 1390 2546 1471 mam-'festa
2573 1389 2714 1452 erit.

288 1500 407 1561 per
459 1482 683 1545 omnia
731 1504 888 1566 ergo
947 1485 1075 1549 ista
1125 1486 1506 1549 consolatus
1561 1498 1664 1551 est
1718 1489 2151 1554 Timotheum
2194 1500 2268 1555 ut
2320 1512 2400 1555 ne
2434 1495 2711 1558 nimium
2752 1512 2829 1560 10

186 1597 191 1608 ·
290 1583 717 1667 adfligeretur
746 1609 868 1670 pro
902 1589 1031 1652 illis
1062 1591 1175 1672 qui
1209 1590 1275 1653 in
1321 1591 1616 1654 deterius
1652 1604 1942 1677 serpunt.
2034 1596 2171 1663 suis
2214 1616 2373 1659 uero
2415 1597 2709 1661 consiliis

291 1688 534 1754 incitat
565 1712 716 1754 eum
751 1693 978 1756 dicens
1011 1714 1025 1757 ε

420 1854 490 1907 tu
550 1855 767 1908 autem
824 1846 1190 1910 subsecutus
1248 1867 1314 1909 es
1367 1868 1574 1909 meam
1628 1847 2006 1924 doctrinam,
2059 1869 2270 1913 meum
2322 1851 2712 1932 institutum,

270 1950 688 2031 propositum,
710 1951 936 2034 fidem,
976 1953 1557 2035 longanimitatem,
1595 1952 1954 2031 caritatem,
1981 1953 2399 2035 patientiam,
2424 1968 2711 2039 persecu-

284 2054 499 2132 tiones,
518 2056 867 2138 passiones.
2751 2090 2820 2156 15

419 2181 717 2261 ‘semper
771 2178 1036 2261 (inquit)
1091 2199 1351 2242 mecum
1403 2198 1827 2241 commorans
1876 2177 2112 2241 horum
2173 2178 2709 2261 experimentum

282 2281 613 2364 accepisti,
645 2283 895 2345 docens
936 2283 1159 2365 qualia
1202 2283 1473 2366 quidem
1530 2283 1672 2364 ipse
1720 2281 1885 2345 alios
1922 2283 2162 2347 docere
2213 2303 2708 2358 consueueram‚

282 2386 855 2466 quemadmodum
913 2408 1072 2451 uero
1128 2389 1457 2471 meipsum
1522 2387 1998 2464 instituebam;
2075 2385 2180 2449 uel
2227 2388 2386 2469 quia
2433 2386 2545 2450 illa
2591 2408 2712 2469 per

282 2487 583 2570 singulos
660 2489 803 2552 dies
864 2510 1061 2573 agere
1120 2489 1562 2574 properabam
1628 2510 1786 2572 erga
1847 2489 2066 2567 fidem,
2130 2491 2704 2573 quemadmodum

283 2591 353 2654 in
417 2613 497 2655 ea
543 2594 687 2657 siue
748 2594 884 2658 ulla
944 2597 1381 2678 persistebam
1445 2594 1717 2670 malitia,
1780 2604 1851 2658 et
1924 2595 2208 2679 diligens
2285 2605 2562 2660 cunctos
2638 2607 2705 2662 et
2737 2615 2822 2661 20

282 2698 653 2777 sustinens;
714 2709 782 2763 et
828 2700 1008 2782 quod
1055 2721 1205 2764 cum
1256 2702 1469 2765 multa
1514 2700 1961 2764 oblectatione
2016 2702 2509 2783 persecutiones
2558 2702 2702 2766 illas

279 2819 447 2881 quas
480 2803 639 2866 mihi
671 2805 1032 2868 aduersarii
1065 2805 1438 2869 inferebant
1470 2806 1918 2870 sustinuerim.
2007 2805 2175 2869 haec
2217 2827 2376 2889 ergo
2416 2808 2700 2883 imitare,

280 2916 350 2970 et
381 2927 537 2990 erga
569 2909 696 2971 ista
726 2906 1241 2971 sollicitudinem
1276 2910 1604 2991 expende,
1639 2907 1880 2990 nullius
1927 2910 2248 2973 momenti
2288 2909 2703 2973 aduersarios

279 3032 426 3074 esse
475 3010 905 3076 existimans,¹
997 3012 1241 3076 deinde
1296 3012 1455 3076 dicit
1504 3020 1571 3075 et
1621 3012 1964 3094 passiones
2015 3014 2191 3095 ipsas
2245 3013 2332 3076 ad
2388 3012 2703 3078 exhorta-

277 3117 532 3178 tionem
566 3114 909 3178 Timothei
940 3135 955 3177 :
2732 3130 2810 3198 25

408 3250 708 3340 ἀνωτέρω
741 3252 853 3317 ἐπὶ
883 3254 1011 3318 τῶν
1033 3250 1484 3335 ἀπατωμένων
1515 3252 1715 3337 λέγει,
1751 3251 1834 3325 ὥς
1865 3252 1945 3318 ἂν
1976 3253 2289 3321 ου’δεπότε
2320 3255 2702 3345 ἐπιλειψόν-

274 3381 408 3420 των
452 3356 672 3427 αὐτοῖς
716 3358 847 3421 τῶν
891 3355 1293 3441 πειθομένων
1338 3355 1432 3428 οἷς
1476 3357 1804 3441 λέγουσιν.
1895 3358 2173 3425 ἐνταῦθα
2216 3358 2287 3426 δὲ
2337 3361 2521 3450 παρὰ
2565 3368 2701 3435 τοῖς

274 3463 391 3541 τῆς
420 3457 731 3541 ἀληθείας
773 3457 1206 3543 δοκιμασταῖς·
1243 3458 1320 3526 ου’
1362 3461 1770 3548 προκόπτειν
1808 3460 2048 3533 αὐτούς
2090 3467 2326 3549 φησιν·
2372 3464 2440 3530 οἳ
2471 3464 2600 3551 γάρ
2632 3468 2701 3533 ἐν

271 3559 450 3651 α’ρχῇ
487 3559 821 3632 πολλάκις
868 3561 1052 3628 οὔπω
1098 3561 1183 3627 τὰ
1228 3560 1375 3628 κατ’
1419 3561 1654 3634 αὐτοὺς
1695 3562 1948 3642 εἰδότες,
1990 3568 2085 3652 τῷ
2129 3564 2435 3654 σχήματι
2476 3567 2698 3634 δελεά-

279 3666 513 3747 ζονται,
574 3668 670 3752 τῷ
743 3663 961 3754 χρόνῳ
1021 3664 1243 3749 μέντοι
1312 3663 1433 3746 τὴν
1507 3666 1788 3734 ἐνοῦσαν
1862 3664 2079 3739 αὐτοῖς
2151 3674 2283 3736 τῶν
2356 3667 2697 3755 δογμάτων
2725 3699 2810 3763 30

273 3767 633 3855 διαφθορὰν
682 3766 1258 3852 ἐπιγινώσκουσιν.

376 3907 395 3941 1
434 3890 581 3941 dictis
608 3890 653 3940 C
661 3891 729 3940 H
740 3908 752 3941 ε
784 3898 867 3940 txt
886 3908 918 3941 r
1088 3907 1115 3941 α
1152 3900 1206 3941 ut
1233 3893 1344 3958 (sor
1364 3891 1510 3958 sicut)
1536 3911 1569 3942 r
1732 3911 1760 3959 3
1794 3909 2005 3959 prauare
2033 3896 2077 3944 C
2095 3896 2163 3943 H
2186 3895 2530 3961 deprauarer:
2564 3905 2645 3948 tx!
2655 3916 2699 3965 g

270 3987 296 4036 5
333 3971 550 4036 speciem
574 3986 620 4020 e.
643 3987 702 4020 ac
726 3987 889 4021 scema
912 3972 1073 4040 solum
1098 3982 1372 4037 agnoscunt
1398 3991 1430 4022 r
1455 3972 1464 4038 Ι
1493 3976 1600 4024 sola
1630 3975 1674 4024 C
1693 3975 1758 4023 II
1992 3987 2018 4036 7
2053 3975 2105 4024 in
2130 3976 2243 4040 (jbr
2261 3974 2346 4041 ab)
2372 3990 2403 4025 r
2424 3976 2432 4041 Ι
2462 3986 2694 4043 poterant

267 4055 337 4104 H
353 4053 361 4117 Ι
393 4068 487 4117 ego
510 4051 612 4101 dixi
640 4050 752 4116 (sor
772 4069 891 4117 ergo
914 4054 1058 4112 dixit)
1082 4056 1148 4103 H
1425 4059 1455 4107 8
1489 4072 1626 4107 error
1648 4072 1819 4107 eorum
1844 4055 1944 4120 (ast
1963 4055 2116 4121 quod)
2141 4059 2246 4107 add
2262 4074 2293 4106 r
2318 4057 2326 4123 Ι
2356 4061 2510 4125 possit
2540 4062 2583 4111 C
2592 4063 2661 4110 H
2663 4080 2696 4113 r

271 4149 329 4197 13
365 4141 617 4183 assecutus
639 4149 672 4181 r·
834 4150 889 4195 14
926 4135 1162 4200 pietatem
1188 4137 1284 4201 (ast
1304 4137 1428 4199 car.)
1451 4138 1556 4186 add
1573 4154 1604 4186 r
1763 4153 1817 4200 15
1856 4139 2112 4203 passiones
2132 4155 2210 4188 om
2227 4140 2297 4189 H
2452 4155 2510 4189 22
2547 4141 2691 4192 susti·

265 4204 520 4264 nuerimus
542 4214 610 4261 H
814 4229 873 4278 23
910 4217 1146 4266 mementi
1172 4216 1277 4282 (sic)
1303 4220 1370 4268 H
1607 4218 1670 4269 26
1702 4234 1778 4283 sq.
1805 4219 1959 4268 Coisl.
1986 4234 2095 4282 204,
2126 4219 2160 4268 s.
2188 4236 2283 4288 219
2306 4221 2340 4270 b
2362 4221 2471 4284 [Cr.
2497 4222 2581 4271 vii.
2609 4223 2690 4286 73]

262 4295 403 4347 ἄλλος
424 4296 477 4344 δέ
504 4296 666 4357 φησίν·
703 4293 940 4359 ἀνωτέρω,
964 4302 1111 4348 κ.τ.λ.
1311 4304 1372 4353 28
1407 4304 1451 4352 οἱ
1473 4303 1587 4353 cod.
1616 4303 1699 4352 Cr.
1902 4318 1958 4366 31
2000 4302 2227 4366 διαφορὰν
2249 4303 2335 4354 Cr.

335 4427 381 4477 7.
449 4413 622 4462 habere
654 4412 718 4461 &b
755 4414 856 4475 kls]
922 4416 1002 4465 Sc.
1040 4418 1259 4468 se—“to
1296 4420 1425 4485 keep
1602 4434 1677 4482 13.
1753 4419 2045 4468 institutum
2153 4420 2430 4483 caritatem]
2518 4422 2688 4486 Vulg„

266 4494 408 4545 aloos
424 4494 551 4544 from
576 4494 711 4544 them
726 4494 754 4515 '³
776 4497 851 4557 (ἓ).
1532 4508 1561 4529 “
1578 4502 2375 4553 institutionem...dilectionem.’'
