3221 5116
318 376 368 443 1.
400 378 488 464 6.]
1189 398 1271 449 lN
1323 398 1428 450 ΕΡ.
1474 400 1577 450 AD
1625 399 1888 451 T1T1JM.
2612 399 2738 466 237

448 570 618 635 sicut
648 581 875 636 autem
912 573 1287 637 errantibus
1326 574 1596 657 pietatis
1627 574 1938 660 ‚cognitio
1975 583 2078 639 est
2121 572 2507 650 necessaria,
2539 575 2635 637 sic
2669 583 2738 637 et

316 672 447 737 illis
498 675 610 757 qui
651 675 1073 740 crediderunt
1117 678 1487 740 necessaria
1537 698 1683 741 esse
1730 678 2066 742 uideretur
2116 677 2553 742 commonitio
2602 678 2737 759 pie-

316 776 516 855 tatis;
591 779 770 861 quod
836 801 968 843 non
1029 780 1223 844 aliter
1281 780 1418 845 fieri
1474 790 1701 863 potest
1750 781 1872 844 nisi
1928 801 2161 845 omnes
2216 781 2284 844 in
2331 800 2536 844 unum
2583 800 2738 844 con-

320 880 612 959 ueniant,
662 881 931 964 sintque
980 883 1065 946 ad
1125 882 1254 946 hoc
1314 885 1473 947 certi
1536 884 1730 948 electi
1790 883 1902 967 qui
1957 885 2214 965 possint
2264 904 2386 948 sua
2434 882 2737 947 doctrina

318 988 858 1052 commonitionis
906 987 1182 1070 implere
1227 988 1538 1052 officium.
1629 987 1757 1052 hoc
1797 1007 1954 1051 uero
1995 986 2270 1070 implere
2301 996 2612 1071 poterant
2644 1008 2733 1051 ex
2809 1008 2842 1076 5

318 1090 686 1172 presbyteri
707 1091 1123 1155 ordinatione
1154 1090 1266 1172 qui
1299 1090 1849 1154 conuenientibus
1874 1089 2002 1153 illis
2033 1090 2372 1172 disputare
2403 1098 2471 1153 et
2501 1090 2738 1154 docere

318 1215 436 1258 eos
479 1204 790 1279 poterant
827 1195 912 1258 de
955 1194 1057 1258 his
1096 1213 1267 1276 quae
1314 1194 1566 1258 discere
1606 1215 1721 1258 eos
1768 1194 2257 1258 conueniebant
2280 1215 2297 1272 ς
2345 1193 2524 1257 unde
2560 1203 2628 1256 et
2671 1195 2737 1256 in

318 1300 650 1379 praesenti
695 1298 934 1363 horum
983 1298 1408 1362 solummodo
1453 1308 1556 1363 est
1603 1306 2026 1375 memoratuS,
2081 1318 2162 1361 eo
2214 1300 2394 1381 quod
2432 1297 2522 1361 ob
2565 1296 2738 1362 hanc

320 1401 535 1483 ipsam
573 1421 843 1465 causam
885 1400 1246 1484 plurimum
1284 1400 1593 1466 utilitatis
1631 1402 1698 1464 in
1736 1399 2072 1465 communi
2120 1402 2378 1484 possint
2418 1401 2735 1468 conferre.

317 1513 388 1568 et
433 1505 703 1587 quidem
758 1506 1030 1569 euidens
1084 1516 1185 1570 est
1233 1506 1550 1589 quoniam
1600 1516 1671 1570 et
1720 1506 1920 1570 ceteri
1970 1516 2160 1570 erant
2208 1505 2572 1583 necessarii,
2624 1509 2737 1590 qui
2777 1519 2854 1568 10

319 1606 517 1671 simul
558 1610 625 1672 in
664 1610 964 1674 ordinem
1004 1609 1389 1675 clericorum
1428 1633 1623 1676 suurn
1663 1612 1951 1675 officium
1993 1610 2364 1694 implerent,
2407 1630 2527 1693 per
2570 1631 2740 1692 quos

320 1710 640 1795 explicari
672 1724 981 1798 poterant
1024 1715 1137 1780 illa
1176 1737 1350 1799 quae
1384 1717 1473 1781 ad
1520 1736 1945 1782 communem
1983 1717 2319 1800 pertinent
2360 1714 2735 1779 utilitatem.

321 1814 567 1879 deinde
597 1817 791 1880 iterat
824 1816 987 1881 illud
1034 1820 1215 1902 quod
1262 1819 1568 1885 dixerat:
1610 1821 1780 1886 sicut
1804 1840 1915 1904 ego
1943 1818 2271 1902 praecepio
2316 1818 2453 1896 tibi,
2487 1819 2738 1884 docens

322 1919 556 2000 quales
585 1920 876 1985 debeant
907 1921 1279 2003 presbyteri
1310 1923 1598 1987 ordinari
1624 1943 1641 1987 ε

450 2054 517 2119 si
541 2055 689 2138 quis
714 2067 931 2120 autem
958 2058 1097 2121 sine
1124 2058 1408 2124 cn‘mine.
2773 2087 2799 2133 1
2812 2082 2846 2150 5

452 2177 565 2259 qui
621 2197 754 2240 non
802 2198 892 2241 ex
945 2178 1218 2244 crimine
1265 2189 1710 2262 peccatorum,
1745 2180 1866 2245 sed
1915 2200 2005 2244 ex
2055 2178 2234 2243 uitae
2279 2197 2440 2242 suae
2491 2197 2738 2262 cogno-

322 2281 526 2344 scitur
574 2281 997 2364 integritate;
1060 2285 1156 2347 ita
1203 2294 1278 2348 ut
1330 2285 1476 2368 ipsa
1524 2306 1682 2348 uera
1741 2286 1997 2350 ratione
2057 2286 2200 2347 sine
2259 2283 2533 2347 crimine
2591 2303 2738 2347 esse

323 2395 776 2466 cognoscatur,
802 2405 1035 2465 omnes
1065 2386 1620 2452 calumniatorum
1654 2387 1928 2452 insidias
1958 2407 2296 2470 superans,

454 2529 652 2595 unius
680 2531 902 2596 uxoris·
930 2531 1058 2599 uir.

454 2651 707 2716 dictum
769 2662 871 2717 est
905 2654 1083 2717 enim
1126 2652 1317 2717 nobis
1346 2651 1473 2717 hoc
1504 2652 1683 2716 idem
1725 2650 1924 2716 latius
1966 2651 2033 2716 in
2066 2650 2181 2716 illa
2221 2649 2504 2734 epistola
2534 2670 2737 2732 quam
2765 2670 2852 2719 20

321 2755 410 2819 ad
470 2754 900 2820 Timotheum
961 2755 1259 2840 inprimis
1332 2756 1587 2820 dudum
1664 2756 2138 2838 scripseramus
2211 2774 2417 2837 quare
2490 2754 2738 2819 dixerit

320 2857 519 2922 unius
562 2858 786 2922 uxoris
834 2858 1077 2933 uirum,
1138 2867 1209 2921 et
1256 2856 1667 2940 superfluum
1729 2857 2049 2921 existimo
2109 2858 2195 2922 ad
2247 2877 2566 2940 praesens
2616 2859 2738 2924 illa

324 2963 472 3045 ipsa
529 2963 784 3026 iterare.
877 2983 997 3026 nec
1056 2971 1282 3026 autem
1355 2962 1700 3025 euidenter
1758 2962 1844 3025 de
1904 2961 2032 3024 illis
2091 2982 2262 3045 quae
2327 2959 2741 3027 haesitantur

323 3069 799 3149 compendiose
840 3069 987 3150 quis
1028 3068 1272 3150 poterit
1315 3066 1654 3148 explicare
1685 3087 1700 3144 3
1746 3075 1813 3130 et
1843 3067 2072 3130 omnia
2112 3065 2224 3128 illa
2255 3085 2429 3148 quae
2462 3066 2551 3130 ibi
2584 3076 2739 3131 sunt

321 3172 570 3253 scripta
616 3169 746 3234 hoc
792 3172 861 3234 in
910 3172 1059 3234 loco
1111 3191 1358 3254 ponere
1407 3190 1542 3233 non
1592 3191 1736 3235 esse
1784 3191 2023 3234 censeo
2068 3170 2530 3246 necessarium,
2583 3191 2734 3235 curn
2768 3189 2848 3257 25

420 3318 449 3352 α
486 3305 685 3355 uidetur
711 3305 754 3354 C
776 3306 924 3366 (corr)
947 3321 980 3354 r
1134 3320 1162 3369 5
1197 3306 1561 3356 commonionis
1588 3306 1632 3355 C
1693 3305 2057 3356 communionis
2078 3322 2111 3355 r
2137 3305 2146 3371 Ι
2174 3306 2371 3373 impleri
2395 3309 2515 3373 (sor
2531 3307 2741 3373 implere

320 3386 435 3453 [1⁰1)
466 3387 534 3438 C·
560 3389 629 3438 Η
648 3385 657 3452 Ι
684 3395 879 3454 poterat
907 3389 950 3438 C
969 3389 1037 3438 Η
1044 3404 1077 3436 r
1268 3387 1300 3438 6
1333 3388 1636 3438 ordinationi
1664 3388 1729 3438 Η
1916 3401 1942 3451 7
1977 3396 2172 3453 poterat
2195 3404 2228 3437 r
2442 3391 2473 3440 8
2507 3390 2603 3440 hac
2627 3390 2745 3453 (fhr

319 3468 470 3533 hanc)
500 3469 571 3522 C*
586 3471 655 3520 Η
666 3523 670 3526 ⁴
780 3486 798 3520 ι
814 3486 831 3520 1
872 3470 1048 3520 ordine
1073 3471 1117 3520 C
1137 3469 1285 3533 (corr)
1309 3487 1342 3520 r
1473 3485 1528 3532 15
1565 3478 1640 3520 est
1665 3469 1764 3533 (ast
1782 3468 2008 3531 crimine)
2031 3470 2138 3520 add
2157 3470 2200 3520 C
2221 3467 2369 3536 (corr)
2392 3486 2427 3519 r
2576 3485 2637 3536 ¹9
2660 3486 2734 3536 sq.

319 3551 820 3617 unius...mysterium
843 3552 927 3616 [p.
958 3567 1069 3619 239,
1096 3551 1129 3602 l.
1164 3552 1215 3614 ο]
1239 3568 1317 3602 om
1338 3568 1372 3600 r
1564 3565 1591 3600 ἰ
1599 3566 1625 3615 5
1650 3552 1818 3600 censio
1845 3550 1916 3601 C*
1933 3552 2002 3600 H

322 3667 410 3718 the
432 3667 498 3718 0.
518 3669 577 3718 L.
596 3668 694 3717 and
720 3667 869 3732 Vulg.
929 3668 980 3718 T
977 3666 1052 3717 ibi
1071 3669 1114 3717 is
1131 3666 1363 3732 supplied
1376 3666 1478 3730 just
1580 3667 1893 3733 importance
1913 3667 2015 3717 and
2037 3666 2238 3732 utility.’

323 3747 485 3798 below
530 3749 583 3797 in
636 3748 723 3799 the
768 3764 952 3798 comm.
1000 3747 1053 3809 (1.
1112 3747 1209 3810 13),
1258 3747 1359 3796 and
1415 3747 1479 3797 its
1647 3762 1726 3798 αι.
1797 3749 1991 3798 dudum
2021 3746 2398 3813 scripseramus]
2459 3746 2572 3797 The
2604 3764 2739 3798 corn·

324 3829 560 3880 omission
604 3831 657 3880 in
695 3831 781 3881 the
819 3838 923 3880 text
966 3845 1070 3879 was
1113 3829 1371 3880 doubtless
1416 3844 1480 3877 an
1582 3838 1808 3893 mentary
1840 3846 1905 3879 on
1939 3830 2180 3893 Timothy
2203 3845 2304 3879 was
2340 3829 2534 3878 written
2568 3837 2621 3880 at
2654 3831 2741 3881 the

324 3911 566 3960 accident.
1583 3919 1780 3975 request
1800 3909 1859 3958 os
1877 3926 1976 3959 one
2000 3910 2163 3969 Peter,
2190 3909 2298 3958 that
2322 3924 2390 3957 on
2411 3909 2558 3958 Titus
2579 3918 2629 3959 at
2654 3911 2740 3960 the

392 4008 440 4056 5.
505 4008 564 4041 ex
588 3992 861 4057 presbyteri
891 3992 1219 4053 ordinatebne]
1287 3992 1369 4043 Cf.
1418 4004 1479 4042 11.
1582 3999 1778 4055 request
1803 3988 1860 4039 of
1877 3990 2128 4053 Cyrinus;
2161 3988 2261 4037 and
2285 4004 2423 4038 some
2446 3990 2655 4039 interval
2689 3991 2748 4041 os

326 4087 378 4137 p.
409 4069 499 4118 118
520 4085 613 4134 sq„
641 4070 741 4119 and
764 4071 925 4135 infra,
950 4087 999 4135 p.
1023 4085 1134 4135 239,
1159 4072 1193 4119 1.
1218 4089 1249 4132 4
1271 4088 1344 4136 sq.
1582 4074 1705 4123 time
1747 4072 1995 4137 probably
2029 4073 2205 4137 passed
2239 4071 2468 4121 between
2507 4072 2592 4121 the
2639 4082 2740 4122 two

398 4164 471 4201 ιο.
542 4156 591 4199 et
618 4151 832 4214 quidem]
867 4154 1039 4214 καίπερ
1063 4154 1121 4212 (1.
1149 4168 1202 4217 p.
1234 4156 1340 4215 184,
1367 4153 1399 4202 1.
1432 4168 1478 4218 9,
1587 4155 1751 4204 works
1771 4153 1829 4220 (1.
1853 4171 1902 4219 p.
1927 4155 2013 4203 lxii
2037 4152 2156 4219 sq.).
2232 4154 2334 4203 For
2351 4153 2438 4204 the
2460 4157 2740 4219 exposition

323 4233 482 4293 note).
555 4233 570 4257 ‘
586 4232 871 4296 Presbyters
903 4233 1049 4283 alone
1070 4251 1154 4284 are
1178 4235 1479 4295 mentioned,
1587 4244 1640 4286 to
1664 4236 1827 4287 which
1850 4236 1951 4285 Th.
1975 4235 2126 4285 refers
2148 4252 2230 4285 see
2257 4247 2315 4285 11.
2342 4251 2391 4300 p.
2417 4249 2480 4299 99
2498 4252 2574 4301 sq.

325 4333 382 4366 as
408 4314 620 4379 holding
652 4331 716 4364 an
738 4317 880 4367 office
909 4317 968 4366 of
994 4319 1079 4368 the
1113 4328 1243 4368 most
1278 4319 1481 4383 general
1649 4333 1732 4381 23·
1797 4317 1855 4366 de
1873 4317 1975 4366 illis
1994 4332 2121 4381 quae
2140 4315 2472 4381 haesitantur]
2512 4317 2620 4380 περὶ
2643 4315 2741 4368 τῶν

322 4397 511 4449 service
534 4404 588 4446 to
610 4396 696 4447 the
719 4398 943 4456 Church3
968 4399 1209 4464 although
1232 4401 1318 4450 the
1341 4401 1483 4450 other
1580 4396 2061 4462 ἀμφισβητουμένων.
2098 4397 2210 4448 The
2226 4398 2562 4448 construction
2585 4400 2740 4449 haesi·

326 4478 497 4532 orders
519 4480 866 4546 arecertainly
879 4490 969 4533 not
990 4483 1201 4534 without
1218 4483 1347 4533 their
1368 4498 1483 4533 own
1583 4485 1690 4531 tare
1706 4480 1933 4544 aliquam
1951 4495 2053 4529 rem
2067 4494 2226 4530 seems
2239 4485 2294 4528 to
2311 4478 2374 4528 be
2390 4480 2741 4545 unexampled.
