3221 5116
504 388 634 454 206
1155 401 1615 458 THEODORUS
1660 402 2250 459 MOPSUESTENUS

2536 393 2656 479 [11.
2685 410 2928 480 9—12.

501 575 722 641 dicere
760 576 1079 661 quoniam
1119 577 1424 646 Christus
1464 601 1599 645 non
1653 581 1781 647 fuit
1824 581 1891 645 in
1933 601 2148 658 carne,
2177 580 2297 645 sed
2343 581 2411 646 in
2449 580 2929 666 phantasmate

501 682 798 764 quodam
846 683 1180 767 adparuit,
1221 685 1319 750 ita
1368 694 1445 752 ut
1492 707 1618 752 nec
1664 688 2054 752 resurrectio
2099 708 2258 753 uera
2303 687 2483 753 facta
2527 708 2673 752 esse
2716 688 2926 752 susci-

500 794 809 869 peretur;
859 786 974 871 qui
1027 788 1205 853 enim
1245 787 1384 853 fieri
1438 797 1705 871 poterat
1750 799 1827 855 ut
1877 811 2040 855 uera
2088 792 2467 855 crederetur
2511 792 2926 868 resurrectio,

502 889 561 952 si
598 910 754 956 caro
791 911 949 956 uera
985 891 1243 958 ratione
1273 914 1407 958 non
1451 893 1688 959 fuisset
1728 895 2047 978 sumpta?
2133 893 2264 960 hoc
2305 915 2464 979 ergo
2502 894 2685 960 idem
2717 895 2882 959 dicit
2911 918 2928 960 ε

441 997 800 1070 5‘memor
848 1005 995 1062 esto
1043 996 1282 1063 docere
1330 1017 1452 1082 pro
1500 999 1739 1064 uirium
1785 1007 2050 1064 tuarum
2100 999 2546 1083 possibilitate
2598 999 2922 1083 quoniam

503 1118 595 1164 ex
643 1101 897 1167 semine
942 1111 1142 1167 natus
1190 1111 1292 1168 est
1335 1102 1562 1168 Dauid
1606 1103 1797 1169 Iesus
1837 1103 2160 1177 ChristuS,
2199 1102 2405 1168 homo
2454 1124 2612 1168 uera
2659 1103 2924 1168 ratione

501 1203 868 1269 secundum
922 1213 1230 1270 naturam
1269 1204 1516 1284 *sactus
1546 1206 1679 1290 ‘qui
1732 1216 1802 1271 et
1848 1207 2210 1272 resurrexit
2261 1226 2302 1271 a
2351 1206 2676 1282 mortuis3
2736 1205 2922 1290 quod

501 1310 705 1375 etiam
737 1309 992 1374 cunctis
1028 1309 1323 1375 futurum
1353 1330 1500 1375 esse
1544 1309 1952 1394 euangelizO.
2040 1308 2169 1374 hac
2209 1308 2296 1374 de
2326 1329 2528 1374 causa
2558 1308 2924 1392 adquiesco

503 1413 619 1479 illa
665 1414 988 1480 sustinere
1039 1436 1213 1498 quae
1264 1416 1596 1481 sustinent
1666 1414 2146 1491 malefactores
2199 1434 2281 1478 eo
2349 1412 2531 1497 quod
2597 1433 2919 1495 magnum

400 1528 481 1577 10
503 1516 760 1582 lucrum
790 1518 928 1583 scio
969 1540 1058 1583 ex
1097 1518 1227 1584 hoc
1267 1540 1464 1603 posse
1506 1517 1803 1603 adquiri.’
1892 1527 1962 1584 et
2001 1526 2078 1584 ut
2118 1518 2434 1585 ostendat
2475 1519 2794 1602 quoniam
2828 1537 2922 1580 ex

503 1620 631 1685 illis
662 1621 946 1687 tristitiis
974 1642 1148 1705 quae
1178 1622 1239 1686 ei
1271 1620 1581 1686 accidunt
1610 1622 1828 1704 pietas
1859 1621 2046 1687 nulla
2077 1641 2166 1686 ex
2198 1629 2389 1705 parte
2419 1622 2642 1686 noceri
2672 1627 2922 1706 potest,

504 1722 793 1791 adiecit:
2887 1742 2892 1746 ·

632 1863 753 1928 sed
770 1864 1039 1931 uerbum
1068 1863 1213 1930 Dei·
1226 1885 1354 1930 non
1382 1875 1478 1931 est
1501 1865 1871 1948 alligatum.
1981 1919 1988 1924 .

631 1973 764 2040 hoc
793 1985 932 2042 est:
977 1975 1168 2042 ‘licet
1197 1996 1325 2061 ego
1354 1976 1644 2061 plurima
1672 1977 2039 2042 sustineam
2070 1975 2266 2053 mala,
2295 1974 2416 2040 sed
2458 1973 2640 2039 nulla
2669 1994 2761 2040 ex
2790 1974 2924 2040 hoc

402 2083 474 2153 15
505 2074 891 2144 adnascitur
941 2080 1269 2147 nociuitas
1321 2081 1591 2146 ueritati
1650 2081 2109 2165 negotiorum3
2167 2080 2416 2146 mansit
2474 2079 2723 2144 etenim
2787 2078 2921 2143 Dei

505 2181 858 2262 promissio
911 2183 1207 2264 inlibata,
1259 2186 1314 2251 si
1367 2185 1731 2250 innumeris
1801 2206 1929 2269 ego
1978 2185 2210 2252 uidear
2266 2184 2479 2250 subici
2533 2180 2922 2250 tormentis!

505 2295 990 2370 consequenter
1018 2310 1179 2354 uero
1207 2289 1766 2373 praecedentibus
1795 2288 2142 2371 adiungit:

621 2433 888 2507 propter
932 2425 1109 2508 quod
1156 2426 1378 2491 omnia
1433 2426 1715 2492 sustineo
1747 2436 2012 2510 propter
2054 2426 2284 2504 electos,
2338 2435 2417 2490 ut
2466 2424 2595 2509 ipsi
2646 2424 2923 2489 salutem

505 2524 949 2610 ads-aquantur
971 2548 1115 2594 eam
1143 2550 1307 2615 quae
1335 2528 1405 2595 in
1441 2527 1698 2597 Christo
1725 2538 1822 2595 est
1853 2530 2004 2594 Iesu
2032 2549 2179 2594 cum
2196 2528 2422 2613 gloria
2448 2538 2722 2594 aetema.

396 2651 482 2701 20
638 2643 945 2723 ‘propter
986 2661 1101 2705 eos
1146 2641 1260 2726 qui
1307 2642 1393 2707 ad
1438 2640 1570 2705 hoc
1613 2651 1772 2707 sunt
1816 2640 2009 2706 electi
2047 2649 2116 2707 et
2160 2640 2491 2726 segregati
2524 2640 2748 2705 omnia
2778 2640 2922 2723 pati

503 2743 820 2823 sustineo,
850 2744 945 2810 ita
991 2751 1067 2810 ut
1109 2765 1230 2829 per
1274 2743 1615 2811 Christum
1660 2745 1945 2810 salutem
1993 2746 2463 2828 adsequantur,
2493 2745 2561 2808 in
2600 2752 2926 2828 perpetua

503 2842 716 2929 gloria
744 2846 1101 2931 degentes?
1189 2856 1260 2913 et
1288 2848 1375 2914 ad
1407 2847 1950 2913 exhortationem
1981 2846 2324 2912 Timothei
2356 2846 2584 2911 dicens
2615 2846 2894 2913 adiecit:

616 2981 818 3066 fidele
866 2982 1133 3049 uerbum
1152 3007 1179 3051 .·
1246 2983 1347 3049 ‘si
1384 2984 1560 3049 enim
1616 2981 2001 3049 commortui
2052 3003 2297 3061 sumus,
2350 2990 2415 3046 et
2467 2981 2879 3048 conuiuemus
2894 3006 2927 3058 ,·

503 3086 573 3152 si
595 3086 1007 3168 sustinemus,
1036 3095 1103 3151 et
1125 3086 1695 3170 conregnabimus?

603 3246 634 3296 3
667 3231 787 3296 quia
808 3229 926 3298 (sor
944 3230 1051 3298 qui)
1075 3248 1110 3283 r
1327 3250 1363 3296 4
1392 3250 1496 3285 non
1517 3249 1596 3284 om
1624 3231 1696 3284 C*
1719 3233 1829 3283 Ην
2053 3232 2085 3281 8
2117 3230 2379 3294 euangelio
2406 3228 2556 3281 C‘H
2608 3229 2928 3295 euangelium

504 3318 713 3363 testatur
734 3329 770 3363 r
1007 3328 1069 3366 ιο
1100 3322 1152 3366 et
1176 3314 1293 3382 (sor
1310 3315 1392 3380 ex)
1415 3317 1485 3366 H
1709 3330 1764 3366 11
1800 3313 2045 3366 accedunt
2066 3329 2099 3363 r
2122 3310 2132 3377 Ι
2160 3313 2340 3363 docere
2365 3311 2481 3377 (sor
2498 3310 2686 3377 noceri)
2716 3312 2793 3363 C*
2817 3315 2886 3364 H
2898 3329 2932 3363 r

505 3394 737 3445 decidere
763 3394 809 3445 C
828 3392 975 3461 (corr)
1200 3412 1257 3447 η
1292 3396 1445 3447 adicit
1473 3397 1564 3447 Cr
1785 3411 1845 3460 14
1878 3395 2001 3445 dicit
2024 3391 2140 3458 (for
2157 3391 2295 3458 licet)
2317 3395 2386 3443 H
2402 3392 2412 3458 Ι
2441 3395 2628 3444 malam
2654 3393 2732 3444 C*
2762 3396 2772 3452 Ι
2799 3394 2927 3444 nulli

511 3476 628 3527 CII
626 3492 660 3526 r
857 3490 914 3542 15
948 3484 1171 3528 maneret
1193 3477 1329 3528 enim
1356 3478 1428 3529 C*
1494 3484 1667 3529 manet
1693 3477 1738 3528 C
1758 3475 1907 3541 (corr)
1930 3495 1964 3529 r
2026 3478 2292 3528 mansierat
2313 3477 2383 3526 H
2600 3475 2661 3526 16
2693 3475 2735 3526 si
2755 3492 2834 3525 om
2868 3475 2940 3525 H

509 3554 759 3688 ὲειὼίοοὶ
797 3557 875 3609 C*
930 3558 1107 3609 uideor
1127 3559 1287 3611 subici
1314 3560 1359 3611 C
1379 3558 1525 3626 (corr)

574 3654 607 3688 r

1731 3563 1788 3610 18
1821 3559 1938 3610 ideo
1960 3560 2051 3610 διο.
2075 3559 2154 3622 [as
2175 3559 2234 3609 in
2269 3556 2439 3624 Vulgz]
2459 3573 2494 3608 r
2685 3572 2747 3608 υ
2771 3556 2926 3607 adicit

862 3654 890 3690 2
896 3655 925 3704 3
960 3638 1121 3691 fidelis
1142 3655 1308 3691 sermo
1330 3639 1420 3691 ὅτε.
1444 3641 1602 3705 [asin
1636 3636 1807 3705 Vulg.]
1829 3655 1862 3687 r
1885 3636 1894 3705 Ι
1923 3635 2222 3689 cummortui
2249 3638 2295 3687 C

571 3773 620 3811 α.
697 3759 773 3811 ita
818 3768 881 3812 ut
930 3778 1018 3813 nx
1066 3765 1372 3824 rarum-ectio,
1409 3765 1523 3829 δια]
1590 3764 1662 3815 So

507 3841 741 3907 Pelagius
774 3843 1031 3910 (repeated
1061 3845 1132 3910 by
1166 3845 1481 3908 Pdmasius)=
1517 3846 1665 3897 “hoc

506 3930 683 3972 contra
734 3923 849 3975 illos
902 3924 989 3990 qui
1041 3926 1205 3977 carnis
1253 3926 1664 3978 resurrectionem

507 4010 711 4068 negant,
750 4014 1112 4072 consequenter
1152 4008 1304 4059 etiam
1349 4008 1537 4060 Christi
1578 4024 1663 4059 ne·

509 4085 712 4149 gabant.
722 4083 753 4107 Ὀ

576 4165 624 4218 6.
693 4183 757 4216 ex
786 4169 970 4220 semine
998 4178 1151 4222 notus
1176 4179 1245 4223 est
1271 4173 1367 4234 D„
1401 4172 1517 4236 δια]
1579 4173 1664 4223 Cf.

511 4244 656 4295 Thes
677 4252 943 4300 mannent
965 4249 1026 4300 os
1037 4251 1125 4302 the
1145 4252 1328 4317 phrase
1353 4250 1441 4302 τοῦ
1470 4253 1666 4315 ‘revolab-

512 4343 594 4377 νου
625 4328 681 4377 ἐκ
711 4328 987 4392 σπέρματος
1008 4333 1184 4384 Δαυείδ
1205 4334 1257 4384 in
1286 4333 1367 4385 his
1390 4350 1573 4385 comm.
1597 4351 1666 4386 on

514 4403 663 4453 Rom.
693 4403 729 4455 i.
765 4421 794 4470 3
831 4408 929 4472 (ap.
970 4408 1195 4460 Facund.
1230 4411 1303 4461 iii.
1337 4410 1419 4474 6)=
1454 4417 1667 4477 “aperte

510 4485 715 4549 quidem
739 4489 1008 4542 ostendens
1029 4493 1266 4557 quoniam
1299 4493 1364 4544 de
1397 4493 1665 4559 adsumpto

1762 3760 1967 3811 homine
1988 3776 2269 3811 sermonem
2291 3755 2535 3811 inducit.'’
2591 3760 2689 3812 See
2709 3759 2817 3809 also
2838 3759 2928 3810 the

1763 3851 1980 3895 extu-acts
2001 3844 2136 3895 cited
2156 3843 2210 3893 in
2232 3843 2319 3894 the
2341 3842 2631 3909 Appendix.

1829 3924 1875 3974 8.
1935 3921 2507 3989 adqmzrco...mstinm]
2573 3922 2652 3973 Of
2673 3922 2774 3973 this
2805 3937 2925 3971 con·

1765 4006 2006 4056 struction
2047 4005 2135 4056 the
2178 4005 2308 4056 lexx.
2350 4005 2534 4070 supply
2569 4019 2640 4055 no
2681 4003 2927 4069 example.

1767 4085 1849 4136 cf.
1871 4086 1991 4150 pati
2007 4086 2219 4135 sustinoe
2244 4083 2421 4150 (insta,
2450 4084 2486 4133 1.
2512 4081 2616 4146 20).

1837 4167 1910 4216 18.
1971 4171 2180 4230 propter
2209 4162 2366 4230 quod]
2413 4165 2649 4225 Clarom„
2679 4168 2926 4229 “propte-

1767 4245 1913 4309 rea”;
1927 4246 2096 4312 Vulg„
2126 4247 2757 4310 “ideo.”Ad.mquantur;
2781 4247 2932 4296 Latin

1767 4330 2005 4391 versione»,
2039 4325 2511 4394 “consequantur.'’

1833 4427 1915 4476 23·
1969 4411 2126 4475 fidele
2168 4410 2395 4474 uerbum]
2477 4409 2628 4460 Latin
2685 4408 2926 4467 vet-siens,

1772 4495 1808 4521 ‘⁴
1823 4494 1982 4545 fidelis
2003 4492 2216 4544 serm0.‘’
