<?xml version="1.0" encoding="UTF-8"?>
<!DOCTYPE html PUBLIC "-//W3C//DTD XHTML 1.0 Transitional//EN"
    "http://www.w3.org/TR/xhtml1/DTD/xhtml1-transitional.dtd">
<html xmlns="http://www.w3.org/1999/xhtml" xml:lang="en" lang="en">
 <head>
  <title>
</title>
<meta http-equiv="Content-Type" content="text/html;charset=utf-8" />
  <meta name='ocr-system' content='tesseract 3.04.00' />
  <meta name='ocr-capabilities' content='ocr_page ocr_carea ocr_par ocr_line ocrx_word'/>
</head>
<body>
  <div class='ocr_page' id='page_1' title='image "./theodoriepiscop02swetgoog_0231.png"; bbox 0 0 3221 5116; ppageno 0'>
   <div class='ocr_carea' id='block_1_1' title="bbox 537 381 667 435">
    <p class='ocr_par' dir='ltr' id='par_1_1' title="bbox 537 381 667 435">
     <span class='ocr_line' id='line_1_1' title="bbox 537 381 667 435; baseline 0.031 -4"><span class='ocrx_word' id='word_1_1' title='bbox 537 381 667 435; x_wconf 83' lang='lat'>220</span> 
     </span>
    </p>
   </div>
   <div class='ocr_carea' id='block_1_2' title="bbox 1205 383 2297 438">
    <p class='ocr_par' dir='ltr' id='par_1_2' title="bbox 1205 383 2297 438">
     <span class='ocr_line' id='line_1_2' title="bbox 1205 383 2297 438; baseline 0.001 -3"><span class='ocrx_word' id='word_1_2' title='bbox 1205 384 1664 438; x_wconf 86' lang='lat' dir='ltr'>THEODORUS</span> <span class='ocrx_word' id='word_1_3' title='bbox 1711 383 2198 437; x_wconf 87' lang='lat' dir='ltr'><strong>MOPSUESTEN</strong></span> <span class='ocrx_word' id='word_1_4' title='bbox 2206 384 2297 438; x_wconf 90' lang='lat' dir='ltr'>US</span> 
     </span>
    </p>
   </div>
   <div class='ocr_carea' id='block_1_3' title="bbox 2483 369 2958 455">
    <p class='ocr_par' dir='ltr' id='par_1_3' title="bbox 2483 369 2958 455">
     <span class='ocr_line' id='line_1_3' title="bbox 2483 369 2958 455; baseline -0.013 -19"><span class='ocrx_word' id='word_1_5' title='bbox 2483 369 2644 455; x_wconf 93' lang='lat' dir='ltr'>[III.</span> <span class='ocrx_word' id='word_1_6' title='bbox 2682 386 2709 435; x_wconf 93' lang='lat'>1</span> <span class='ocrx_word' id='word_1_7' title='bbox 2728 384 2958 448; x_wconf 83' lang='lat'>1—14</span> 
     </span>
    </p>
   </div>
   <div class='ocr_carea' id='block_1_4' title="bbox 668 552 2960 639">
    <p class='ocr_par' dir='ltr' id='par_1_4' title="bbox 668 552 2960 639">
     <span class='ocr_line' id='line_1_4' title="bbox 668 552 2960 639; baseline -0.001 -19"><span class='ocrx_word' id='word_1_8' title='bbox 668 556 893 639; x_wconf 81' lang='lat' dir='ltr'><em>qualia</em></span> <span class='ocrx_word' id='word_1_9' title='bbox 942 556 1113 621; x_wconf 65' lang='lat' dir='ltr'><em>milei</em></span> <span class='ocrx_word' id='word_1_10' title='bbox 1153 567 1312 620; x_wconf 88' lang='lat' dir='ltr'>sunt</span> <span class='ocrx_word' id='word_1_11' title='bbox 1338 558 1535 639; x_wconf 86' lang='lat' dir='ltr'>facta</span> <span class='ocrx_word' id='word_1_12' title='bbox 1585 558 1656 620; x_wconf 81' lang='lat' dir='ltr'>in</span> <span class='ocrx_word' id='word_1_13' title='bbox 1707 555 2075 633; x_wconf 71' lang='lat' dir='ltr'>Antiochia,</span> <span class='ocrx_word' id='word_1_14' title='bbox 2129 556 2199 620; x_wconf 84' lang='lat' dir='ltr'>in</span> <span class='ocrx_word' id='word_1_15' title='bbox 2243 556 2478 637; x_wconf 85' lang='lat' dir='ltr'>Iconio,</span> <span class='ocrx_word' id='word_1_16' title='bbox 2528 555 2599 620; x_wconf 80' lang='lat' dir='ltr'>in</span> <span class='ocrx_word' id='word_1_17' title='bbox 2646 552 2912 638; x_wconf 81' lang='lat' dir='ltr'>Lystris</span> <span class='ocrx_word' id='word_1_18' title='bbox 2929 577 2960 628; x_wconf 87' lang='lat'>,·</span> 
     </span>
    </p>
   </div>
   <div class='ocr_carea' id='block_1_5' title="bbox 536 659 1560 743">
    <p class='ocr_par' dir='ltr' id='par_1_5' title="bbox 536 659 1560 743">
     <span class='ocr_line' id='line_1_5' title="bbox 536 659 1560 743; baseline 0.001 -20"><span class='ocrx_word' id='word_1_19' title='bbox 536 660 756 743; x_wconf 86' lang='lat' dir='ltr'>quales</span> <span class='ocrx_word' id='word_1_20' title='bbox 768 659 1229 742; x_wconf 79' lang='lat' dir='ltr'><em>persecutiones</em></span> <span class='ocrx_word' id='word_1_21' title='bbox 1255 659 1560 724; x_wconf 81' lang='lat' dir='ltr'>sustinui.</span> 
     </span>
    </p>
   </div>
   <div class='ocr_carea' id='block_1_6' title="bbox 670 787 2958 872">
    <p class='ocr_par' dir='ltr' id='par_1_6' title="bbox 670 787 2958 872">
     <span class='ocr_line' id='line_1_6' title="bbox 670 787 2958 872; baseline -0.001 -21"><span class='ocrx_word' id='word_1_22' title='bbox 670 799 738 853; x_wconf 89' lang='lat' dir='ltr'>et</span> <span class='ocrx_word' id='word_1_23' title='bbox 770 789 951 872; x_wconf 89' lang='lat' dir='ltr'>quod</span> <span class='ocrx_word' id='word_1_24' title='bbox 996 790 1209 871; x_wconf 83' lang='lat' dir='ltr'>magis</span> <span class='ocrx_word' id='word_1_25' title='bbox 1262 799 1528 872; x_wconf 87' lang='lat' dir='ltr'>poterat</span> <span class='ocrx_word' id='word_1_26' title='bbox 1574 810 1730 853; x_wconf 90' lang='lat' dir='ltr'>eum</span> <span class='ocrx_word' id='word_1_27' title='bbox 1792 788 2360 872; x_wconf 85' lang='lat' dir='ltr'>animaequiorem</span> <span class='ocrx_word' id='word_1_28' title='bbox 2409 808 2566 872; x_wconf 87' lang='lat' dir='ltr'>erga</span> <span class='ocrx_word' id='word_1_29' title='bbox 2611 787 2958 871; x_wconf 84' lang='lat' dir='ltr'>passiones</span> 
     </span>
    </p>
   </div>
   <div class='ocr_carea' id='block_1_7' title="bbox 536 893 1504 971">
    <p class='ocr_par' dir='ltr' id='par_1_7' title="bbox 536 893 1504 971">
     <span class='ocr_line' id='line_1_7' title="bbox 536 893 1504 971; baseline 0.001 -13"><span class='ocrx_word' id='word_1_30' title='bbox 536 894 924 959; x_wconf 87' lang='lat' dir='ltr'>tolerandas</span> <span class='ocrx_word' id='word_1_31' title='bbox 954 893 1185 971; x_wconf 89' lang='lat' dir='ltr'>facere,</span> <span class='ocrx_word' id='word_1_32' title='bbox 1219 894 1463 959; x_wconf 91' lang='lat' dir='ltr'>adiecit</span> <span class='ocrx_word' id='word_1_33' title='bbox 1489 916 1504 959; x_wconf 75' lang='grc' dir='ltr'>ε</span> 
     </span>
    </p>
   </div>
   <div class='ocr_carea' id='block_1_8' title="bbox 667 1037 1999 1105">
    <p class='ocr_par' dir='ltr' id='par_1_8' title="bbox 667 1037 1999 1105">
     <span class='ocr_line' id='line_1_8' title="bbox 667 1037 1999 1105; baseline 0.001 -4"><span class='ocrx_word' id='word_1_34' title='bbox 667 1047 732 1101; x_wconf 86' lang='lat' dir='ltr'>et</span> <span class='ocrx_word' id='word_1_35' title='bbox 755 1058 834 1101; x_wconf 78' lang='lat' dir='ltr'>ex</span> <span class='ocrx_word' id='word_1_36' title='bbox 859 1037 1157 1104; x_wconf 80' lang='lat' dir='ltr'>omnibns</span> <span class='ocrx_word' id='word_1_37' title='bbox 1184 1060 1284 1102; x_wconf 89' lang='lat' dir='ltr'>me</span> <span class='ocrx_word' id='word_1_38' title='bbox 1323 1039 1633 1105; x_wconf 82' lang='lat' dir='ltr'>liberauit</span> <span class='ocrx_word' id='word_1_39' title='bbox 1657 1038 1999 1104; x_wconf 84' lang='lat' dir='ltr'>Dominus.</span> 
     </span>
    </p>
   </div>
   <div class='ocr_carea' id='block_1_9' title="bbox 536 1155 2957 1449">
    <p class='ocr_par' dir='ltr' id='par_1_9' title="bbox 536 1155 2957 1449">
     <span class='ocr_line' id='line_1_9' title="bbox 673 1155 2957 1243; baseline -0.002 -20"><span class='ocrx_word' id='word_1_40' title='bbox 673 1165 847 1224; x_wconf 88' lang='lat' dir='ltr'>‘non</span> <span class='ocrx_word' id='word_1_41' title='bbox 908 1160 1174 1241; x_wconf 86' lang='lat' dir='ltr'>ignoras</span> <span class='ocrx_word' id='word_1_42' title='bbox 1237 1159 1501 1243; x_wconf 87' lang='lat' dir='ltr'>(inquit)</span> <span class='ocrx_word' id='word_1_43' title='bbox 1565 1160 1770 1222; x_wconf 91' lang='lat' dir='ltr'>etiam</span> <span class='ocrx_word' id='word_1_44' title='bbox 1834 1158 1900 1221; x_wconf 88' lang='lat' dir='ltr'>in</span> <span class='ocrx_word' id='word_1_45' title='bbox 1962 1157 2240 1221; x_wconf 89' lang='lat' dir='ltr'>diuersis</span> <span class='ocrx_word' id='word_1_46' title='bbox 2315 1155 2516 1220; x_wconf 88' lang='lat' dir='ltr'>rebus</span> <span class='ocrx_word' id='word_1_47' title='bbox 2592 1155 2720 1219; x_wconf 91' lang='lat' dir='ltr'>Dei</span> <span class='ocrx_word' id='word_1_48' title='bbox 2795 1174 2957 1237; x_wconf 86' lang='lat' dir='ltr'>erga</span> 
     </span>
     <span class='ocr_line' id='line_1_10' title="bbox 536 1258 2955 1346; baseline -0.002 -20"><span class='ocrx_word' id='word_1_49' title='bbox 536 1283 660 1327; x_wconf 89' lang='lat' dir='ltr'>nos</span> <span class='ocrx_word' id='word_1_50' title='bbox 718 1261 1048 1346; x_wconf 84' lang='lat' dir='ltr'>prolatam</span> <span class='ocrx_word' id='word_1_51' title='bbox 1111 1263 1644 1346; x_wconf 85' lang='lat' dir='ltr'>prouidentiam;</span> <span class='ocrx_word' id='word_1_52' title='bbox 1720 1281 1761 1324; x_wconf 89' lang='lat' dir='ltr'>a</span> <span class='ocrx_word' id='word_1_53' title='bbox 1819 1280 1954 1343; x_wconf 89' lang='lat' dir='ltr'>qua</span> <span class='ocrx_word' id='word_1_54' title='bbox 2017 1279 2149 1323; x_wconf 88' lang='lat' dir='ltr'>non</span> <span class='ocrx_word' id='word_1_55' title='bbox 2210 1259 2418 1324; x_wconf 89' lang='lat' dir='ltr'>debes</span> <span class='ocrx_word' id='word_1_56' title='bbox 2478 1259 2835 1335; x_wconf 88' lang='lat' dir='ltr'>discedere,</span> <span class='ocrx_word' id='word_1_57' title='bbox 2898 1258 2955 1321; x_wconf 88' lang='lat' dir='ltr'>si</span> 
     </span>
     <span class='ocr_line' id='line_1_11' title="bbox 536 1363 2165 1449; baseline -0.001 -21"><span class='ocrx_word' id='word_1_58' title='bbox 536 1373 764 1430; x_wconf 88' lang='lat' dir='ltr'>tamen</span> <span class='ocrx_word' id='word_1_59' title='bbox 796 1367 961 1430; x_wconf 89' lang='lat' dir='ltr'>haec</span> <span class='ocrx_word' id='word_1_60' title='bbox 993 1368 1137 1449; x_wconf 86' lang='lat' dir='ltr'>ipsa</span> <span class='ocrx_word' id='word_1_61' title='bbox 1168 1367 1429 1449; x_wconf 88' lang='lat' dir='ltr'>patiens</span> <span class='ocrx_word' id='word_1_62' title='bbox 1459 1366 1810 1449; x_wconf 85' lang='lat' dir='ltr'>persistere</span> <span class='ocrx_word' id='word_1_63' title='bbox 1843 1363 2165 1429; x_wconf 61' lang='lat' dir='ltr'>uolueris!</span> 
     </span>
    </p>
   </div>
   <div class='ocr_carea' id='block_1_10' title="bbox 434 1523 2959 1719">
    <p class='ocr_par' dir='ltr' id='par_1_10' title="bbox 434 1523 2959 1719">
     <span class='ocr_line' id='line_1_12' title="bbox 667 1523 2959 1609; baseline -0.001 -18"><span class='ocrx_word' id='word_1_64' title='bbox 667 1537 731 1591; x_wconf 86' lang='lat' dir='ltr'>et</span> <span class='ocrx_word' id='word_1_65' title='bbox 772 1547 988 1591; x_wconf 85' lang='lat' dir='ltr'>omnes</span> <span class='ocrx_word' id='word_1_66' title='bbox 1035 1526 1155 1609; x_wconf 83' lang='lat' dir='ltr'>qui</span> <span class='ocrx_word' id='word_1_67' title='bbox 1197 1526 1426 1590; x_wconf 85' lang='lat' dir='ltr'>uolunt</span> <span class='ocrx_word' id='word_1_68' title='bbox 1456 1526 1570 1608; x_wconf 84' lang='lat' dir='ltr'>pie</span> <span class='ocrx_word' id='word_1_69' title='bbox 1615 1525 1834 1589; x_wconf 86' lang='lat' dir='ltr'>uiuere</span> <span class='ocrx_word' id='word_1_70' title='bbox 1881 1525 1951 1589; x_wconf 80' lang='lat' dir='ltr'>in</span> <span class='ocrx_word' id='word_1_71' title='bbox 2004 1523 2259 1590; x_wconf 82' lang='lat' dir='ltr'>Clzristo</span> <span class='ocrx_word' id='word_1_72' title='bbox 2305 1524 2454 1588; x_wconf 89' lang='lat' dir='ltr'>Iesu</span> <span class='ocrx_word' id='word_1_73' title='bbox 2495 1524 2959 1609; x_wconf 82' lang='lat' dir='ltr'>persecutiones</span> 
     </span>
     <span class='ocr_line' id='line_1_13' title="bbox 434 1627 2957 1719; baseline -0.002 -23"><span class='ocrx_word' id='word_1_74' title='bbox 434 1649 514 1697; x_wconf 89' lang='lat'>10</span> <span class='ocrx_word' id='word_1_75' title='bbox 523 1631 908 1719; x_wconf 58' lang='lat' dir='ltr'>patientum·</span> <span class='ocrx_word' id='word_1_76' title='bbox 941 1629 1110 1694; x_wconf 84' lang='lat' dir='ltr'>mali</span> <span class='ocrx_word' id='word_1_77' title='bbox 1143 1639 1358 1693; x_wconf 86' lang='lat' dir='ltr'>autem</span> <span class='ocrx_word' id='word_1_78' title='bbox 1388 1627 1676 1692; x_wconf 79' lang='lat' dir='ltr'>homines</span> <span class='ocrx_word' id='word_1_79' title='bbox 1712 1637 1777 1691; x_wconf 89' lang='lat' dir='ltr'>et</span> <span class='ocrx_word' id='word_1_80' title='bbox 1810 1627 2162 1692; x_wconf 84' lang='lat' dir='ltr'>seductores</span> <span class='ocrx_word' id='word_1_81' title='bbox 2186 1628 2527 1715; x_wconf 85' lang='lat' dir='ltr'>proficient</span> <span class='ocrx_word' id='word_1_82' title='bbox 2556 1627 2626 1692; x_wconf 83' lang='lat' dir='ltr'>in</span> <span class='ocrx_word' id='word_1_83' title='bbox 2656 1628 2957 1705; x_wconf 80' lang='lat' dir='ltr'>deterius,</span> 
     </span>
    </p>
   </div>
   <div class='ocr_carea' id='block_1_11' title="bbox 536 1732 1682 1799">
    <p class='ocr_par' dir='ltr' id='par_1_11' title="bbox 536 1732 1682 1799">
     <span class='ocr_line' id='line_1_14' title="bbox 536 1732 1682 1799; baseline -0.004 1"><span class='ocrx_word' id='word_1_84' title='bbox 536 1744 825 1799; x_wconf 83' lang='lat' dir='ltr'>errantes</span> <span class='ocrx_word' id='word_1_85' title='bbox 852 1743 915 1797; x_wconf 97' lang='lat' dir='ltr'>et</span> <span class='ocrx_word' id='word_1_86' title='bbox 943 1733 1012 1796; x_wconf 85' lang='lat' dir='ltr'>in</span> <span class='ocrx_word' id='word_1_87' title='bbox 1041 1753 1316 1797; x_wconf 84' lang='lat' dir='ltr'>errorem</span> <span class='ocrx_word' id='word_1_88' title='bbox 1348 1732 1682 1796; x_wconf 84' lang='lat' dir='ltr'>mittentes.</span> 
     </span>
    </p>
   </div>
   <div class='ocr_carea' id='block_1_12' title="bbox 539 1857 2959 2152">
    <p class='ocr_par' dir='ltr' id='par_1_12' title="bbox 539 1857 2959 2152">
     <span class='ocr_line' id='line_1_15' title="bbox 668 1857 2955 1944; baseline 0.001 -22"><span class='ocrx_word' id='word_1_89' title='bbox 668 1860 908 1923; x_wconf 89' lang='lat' dir='ltr'>iterum</span> <span class='ocrx_word' id='word_1_90' title='bbox 951 1857 1079 1922; x_wconf 91' lang='lat' dir='ltr'>hoc</span> <span class='ocrx_word' id='word_1_91' title='bbox 1120 1859 1187 1923; x_wconf 88' lang='lat' dir='ltr'>in</span> <span class='ocrx_word' id='word_1_92' title='bbox 1229 1858 1376 1924; x_wconf 90' lang='lat' dir='ltr'>loco</span> <span class='ocrx_word' id='word_1_93' title='bbox 1418 1858 1816 1941; x_wconf 86' lang='lat' dir='ltr'>‘proficere’</span> <span class='ocrx_word' id='word_1_94' title='bbox 1848 1860 2026 1924; x_wconf 86' lang='lat' dir='ltr'>dixit</span> <span class='ocrx_word' id='word_1_95' title='bbox 2071 1860 2160 1924; x_wconf 93' lang='lat' dir='ltr'>de</span> <span class='ocrx_word' id='word_1_96' title='bbox 2204 1859 2333 1925; x_wconf 88' lang='lat' dir='ltr'>illis</span> <span class='ocrx_word' id='word_1_97' title='bbox 2369 1858 2484 1944; x_wconf 91' lang='lat' dir='ltr'>qui</span> <span class='ocrx_word' id='word_1_98' title='bbox 2530 1861 2955 1936; x_wconf 88' lang='lat' dir='ltr'>seducuntur,</span> 
     </span>
     <span class='ocr_line' id='line_1_16' title="bbox 539 1960 2956 2046; baseline 0 -21"><span class='ocrx_word' id='word_1_99' title='bbox 539 1982 620 2026; x_wconf 93' lang='lat' dir='ltr'>eo</span> <span class='ocrx_word' id='word_1_100' title='bbox 666 1962 848 2046; x_wconf 91' lang='lat' dir='ltr'>quod</span> <span class='ocrx_word' id='word_1_101' title='bbox 894 1983 1261 2045; x_wconf 89' lang='lat' dir='ltr'>numquam</span> <span class='ocrx_word' id='word_1_102' title='bbox 1307 1960 1589 2025; x_wconf 89' lang='lat' dir='ltr'>deficere</span> <span class='ocrx_word' id='word_1_103' title='bbox 1634 1963 1894 2045; x_wconf 87' lang='lat' dir='ltr'>possint</span> <span class='ocrx_word' id='word_1_104' title='bbox 1951 1961 2332 2028; x_wconf 91' lang='lat' dir='ltr'>huiusmodi</span> <span class='ocrx_word' id='word_1_105' title='bbox 2385 1963 2703 2028; x_wconf 75' lang='lat' dir='ltr'>homines,</span> <span class='ocrx_word' id='word_1_106' title='bbox 2795 1984 2956 2027; x_wconf 88' lang='lat' dir='ltr'>nam</span> 
     </span>
     <span class='ocr_line' id='line_1_17' title="bbox 539 2068 2959 2152; baseline -0 -18"><span class='ocrx_word' id='word_1_107' title='bbox 539 2080 609 2135; x_wconf 88' lang='lat' dir='ltr'>et</span> <span class='ocrx_word' id='word_1_108' title='bbox 656 2077 936 2152; x_wconf 88' lang='lat' dir='ltr'>utraque</span> <span class='ocrx_word' id='word_1_109' title='bbox 973 2071 1377 2151; x_wconf 88' lang='lat' dir='ltr'>quicumque</span> <span class='ocrx_word' id='word_1_110' title='bbox 1429 2068 1716 2132; x_wconf 89' lang='lat' dir='ltr'>uoluerit</span> <span class='ocrx_word' id='word_1_111' title='bbox 1760 2069 1958 2133; x_wconf 88' lang='lat' dir='ltr'>rebus</span> <span class='ocrx_word' id='word_1_112' title='bbox 2011 2070 2174 2152; x_wconf 88' lang='lat' dir='ltr'>ipsis</span> <span class='ocrx_word' id='word_1_113' title='bbox 2221 2069 2610 2133; x_wconf 87' lang='lat' dir='ltr'>examinare</span> <span class='ocrx_word' id='word_1_114' title='bbox 2658 2070 2959 2133; x_wconf 86' lang='lat' dir='ltr'>inueniet</span> 
     </span>
    </p>
   </div>
   <div class='ocr_carea' id='block_1_13' title="bbox 436 2172 2955 2264">
    <p class='ocr_par' dir='ltr' id='par_1_13' title="bbox 436 2172 2955 2264">
     <span class='ocr_line' id='line_1_18' title="bbox 436 2172 2955 2264; baseline -0 -26"><span class='ocrx_word' id='word_1_115' title='bbox 436 2196 508 2264; x_wconf 79' lang='lat'>15</span> <span class='ocrx_word' id='word_1_116' title='bbox 540 2194 661 2257; x_wconf 88' lang='lat' dir='ltr'>per</span> <span class='ocrx_word' id='word_1_117' title='bbox 686 2194 886 2238; x_wconf 91' lang='lat' dir='ltr'>omne</span> <span class='ocrx_word' id='word_1_118' title='bbox 917 2183 1184 2257; x_wconf 89' lang='lat' dir='ltr'>tempus</span> <span class='ocrx_word' id='word_1_119' title='bbox 1209 2174 1381 2249; x_wconf 78' lang='lat' dir='ltr'>fieri3</span> <span class='ocrx_word' id='word_1_120' title='bbox 1411 2194 1492 2238; x_wconf 92' lang='lat' dir='ltr'>eo</span> <span class='ocrx_word' id='word_1_121' title='bbox 1523 2174 1706 2257; x_wconf 91' lang='lat' dir='ltr'>quod</span> <span class='ocrx_word' id='word_1_122' title='bbox 1738 2175 1957 2237; x_wconf 89' lang='lat' dir='ltr'>omnis</span> <span class='ocrx_word' id='word_1_123' title='bbox 1987 2172 2286 2238; x_wconf 81' lang='lat' dir='ltr'>haeresis</span> <span class='ocrx_word' id='word_1_124' title='bbox 2305 2174 2605 2257; x_wconf 88' lang='lat' dir='ltr'>inprimis</span> <span class='ocrx_word' id='word_1_125' title='bbox 2625 2174 2955 2256; x_wconf 88' lang='lat' dir='ltr'>adparens</span> 
     </span>
    </p>
   </div>
   <div class='ocr_carea' id='block_1_14' title="bbox 539 2276 2956 2465">
    <p class='ocr_par' dir='ltr' id='par_1_14' title="bbox 539 2276 2956 2465">
     <span class='ocr_line' id='line_1_19' title="bbox 539 2276 2956 2361; baseline -0.001 -19"><span class='ocrx_word' id='word_1_126' title='bbox 539 2278 767 2342; x_wconf 90' lang='lat' dir='ltr'>multis</span> <span class='ocrx_word' id='word_1_127' title='bbox 813 2277 888 2342; x_wconf 84' lang='lat' dir='ltr'>fit</span> <span class='ocrx_word' id='word_1_128' title='bbox 935 2280 1001 2342; x_wconf 89' lang='lat' dir='ltr'>in</span> <span class='ocrx_word' id='word_1_129' title='bbox 1053 2279 1565 2361; x_wconf 84' lang='lat' dir='ltr'>suspectatione,</span> <span class='ocrx_word' id='word_1_130' title='bbox 1614 2279 1912 2359; x_wconf 85' lang='lat' dir='ltr'>arguitur</span> <span class='ocrx_word' id='word_1_131' title='bbox 1959 2297 2119 2341; x_wconf 89' lang='lat' dir='ltr'>uero</span> <span class='ocrx_word' id='word_1_132' title='bbox 2170 2287 2489 2359; x_wconf 87' lang='lat' dir='ltr'>tempore,</span> <span class='ocrx_word' id='word_1_133' title='bbox 2520 2298 2600 2340; x_wconf 93' lang='lat' dir='ltr'>eo</span> <span class='ocrx_word' id='word_1_134' title='bbox 2651 2277 2830 2359; x_wconf 90' lang='lat' dir='ltr'>quod</span> <span class='ocrx_word' id='word_1_135' title='bbox 2883 2276 2956 2339; x_wconf 91' lang='lat' dir='ltr'>in</span> 
     </span>
     <span class='ocr_line' id='line_1_20' title="bbox 539 2379 2955 2465; baseline -0.001 -20"><span class='ocrx_word' id='word_1_136' title='bbox 539 2382 944 2446; x_wconf 89' lang='lat' dir='ltr'>aduentione</span> <span class='ocrx_word' id='word_1_137' title='bbox 1005 2382 1161 2447; x_wconf 89' lang='lat' dir='ltr'>noui</span> <span class='ocrx_word' id='word_1_138' title='bbox 1236 2382 1574 2465; x_wconf 87' lang='lat' dir='ltr'>dogmatis</span> <span class='ocrx_word' id='word_1_139' title='bbox 1635 2401 1771 2444; x_wconf 89' lang='lat' dir='ltr'>non</span> <span class='ocrx_word' id='word_1_140' title='bbox 1846 2390 2132 2464; x_wconf 87' lang='lat' dir='ltr'>possunt</span> <span class='ocrx_word' id='word_1_141' title='bbox 2190 2381 2410 2444; x_wconf 88' lang='lat' dir='ltr'>minus</span> <span class='ocrx_word' id='word_1_142' title='bbox 2485 2379 2764 2444; x_wconf 88' lang='lat' dir='ltr'>inueniri</span> <span class='ocrx_word' id='word_1_143' title='bbox 2837 2380 2955 2462; x_wconf 91' lang='lat' dir='ltr'>qui</span> 
     </span>
    </p>
   </div>
   <div class='ocr_carea' id='block_1_15' title="bbox 539 2487 956 2553">
    <p class='ocr_par' dir='ltr' id='par_1_15' title="bbox 539 2487 956 2553">
     <span class='ocr_line' id='line_1_21' title="bbox 539 2487 956 2553; baseline -0.002 0"><span class='ocrx_word' id='word_1_144' title='bbox 539 2487 956 2553; x_wconf 86' lang='lat' dir='ltr'>seducantur.</span> 
     </span>
    </p>
   </div>
   <div class='ocr_carea' id='block_1_16' title="bbox 667 2635 2461 2725">
    <p class='ocr_par' dir='ltr' id='par_1_16' title="bbox 667 2635 2461 2725">
     <span class='ocr_line' id='line_1_22' title="bbox 667 2635 2461 2725; baseline -0.004 -17"><span class='ocrx_word' id='word_1_145' title='bbox 667 2652 741 2708; x_wconf 88' lang='lat' dir='ltr'>tu</span> <span class='ocrx_word' id='word_1_146' title='bbox 771 2661 922 2705; x_wconf 85' lang='lat' dir='ltr'>uero</span> <span class='ocrx_word' id='word_1_147' title='bbox 935 2650 1247 2725; x_wconf 82' lang='lat' dir='ltr'>permane</span> <span class='ocrx_word' id='word_1_148' title='bbox 1278 2639 1347 2704; x_wconf 81' lang='lat' dir='ltr'>in</span> <span class='ocrx_word' id='word_1_149' title='bbox 1378 2638 1483 2703; x_wconf 72' lang='lat' dir='ltr'>Ins</span> <span class='ocrx_word' id='word_1_150' title='bbox 1509 2659 1674 2722; x_wconf 86' lang='lat' dir='ltr'>quae</span> <span class='ocrx_word' id='word_1_151' title='bbox 1702 2635 1997 2702; x_wconf 56' lang='lat' dir='ltr'>dicimis-ti</span> <span class='ocrx_word' id='word_1_152' title='bbox 2019 2645 2084 2701; x_wconf 89' lang='lat' dir='ltr'>et</span> <span class='ocrx_word' id='word_1_153' title='bbox 2108 2636 2461 2701; x_wconf 72' lang='lat' dir='ltr'>credidzsti.</span> 
     </span>
    </p>
   </div>
   <div class='ocr_carea' id='block_1_17' title="bbox 536 2793 1479 3102">
    <p class='ocr_par' dir='ltr' id='par_1_17' title="bbox 536 2793 1479 3102">
     <span class='ocr_line' id='line_1_23' title="bbox 638 2793 1136 2861; baseline -0.004 -16"><span class='ocrx_word' id='word_1_154' title='bbox 638 2812 667 2861; x_wconf 79' lang='lat'>3</span> <span class='ocrx_word' id='word_1_155' title='bbox 701 2793 1082 2861; x_wconf 83' lang='lat' dir='ltr'>animiquiorem</span> <span class='ocrx_word' id='word_1_156' title='bbox 1103 2810 1136 2843; x_wconf 85' lang='lat' dir='ltr'>r</span> 
     </span>
     <span class='ocr_line' id='line_1_24' title="bbox 539 2875 994 2943; baseline -0.007 -15"><span class='ocrx_word' id='word_1_157' title='bbox 539 2875 657 2943; x_wconf 85' lang='lat' dir='ltr'>(sor</span> <span class='ocrx_word' id='word_1_158' title='bbox 673 2875 940 2943; x_wconf 84' lang='lat' dir='ltr'>prolatam)</span> <span class='ocrx_word' id='word_1_159' title='bbox 961 2892 994 2925; x_wconf 81' lang='lat' dir='ltr'><em>r</em></span> 
     </span>
     <span class='ocr_line' id='line_1_25' title="bbox 543 2957 1046 3023; baseline -0.004 -15"><span class='ocrx_word' id='word_1_160' title='bbox 543 2975 602 3023; x_wconf 79' lang='lat'>¹4</span> <span class='ocrx_word' id='word_1_161' title='bbox 635 2958 689 3007; x_wconf 88' lang='lat' dir='ltr'>in</span> <span class='ocrx_word' id='word_1_162' title='bbox 712 2965 923 3023; x_wconf 85' lang='lat' dir='ltr'>utroque</span> <span class='ocrx_word' id='word_1_163' title='bbox 951 2957 997 3007; x_wconf 89' lang='lat' dir='ltr'><em>C</em></span> <span class='ocrx_word' id='word_1_164' title='bbox 1015 2973 1046 3006; x_wconf 86' lang='lat' dir='ltr'>r</span> 
     </span>
     <span class='ocr_line' id='line_1_26' title="bbox 536 3034 1479 3102; baseline -0.005 -13"><span class='ocrx_word' id='word_1_165' title='bbox 536 3040 727 3090; x_wconf 85' lang='lat' dir='ltr'>tionem</span> <span class='ocrx_word' id='word_1_166' title='bbox 750 3054 782 3088; x_wconf 82' lang='lat' dir='ltr'>r</span> <span class='ocrx_word' id='word_1_167' title='bbox 996 3052 1055 3102; x_wconf 86' lang='lat'>19</span> <span class='ocrx_word' id='word_1_168' title='bbox 1086 3036 1265 3087; x_wconf 88' lang='lat' dir='ltr'>didisci</span> <span class='ocrx_word' id='word_1_169' title='bbox 1291 3034 1390 3102; x_wconf 81' lang='lat' dir='ltr'>(sic)</span> <span class='ocrx_word' id='word_1_170' title='bbox 1410 3036 1479 3085; x_wconf 87' lang='grc' dir='ltr'><em>Η</em></span> 
     </span>
    </p>
   </div>
   <div class='ocr_carea' id='block_1_18' title="bbox 611 3167 1715 3232">
    <p class='ocr_par' dir='ltr' id='par_1_18' title="bbox 611 3167 1715 3232">
     <span class='ocr_line' id='line_1_27' title="bbox 611 3167 1715 3232; baseline -0.003 -12"><span class='ocrx_word' id='word_1_171' title='bbox 611 3185 652 3220; x_wconf 88' lang='lat'>1.</span> <span class='ocrx_word' id='word_1_172' title='bbox 723 3167 780 3217; x_wconf 79' lang='lat' dir='ltr'>in</span> <span class='ocrx_word' id='word_1_173' title='bbox 812 3168 1098 3228; x_wconf 77' lang='lat' dir='ltr'>Antiochia,</span> <span class='ocrx_word' id='word_1_174' title='bbox 1133 3168 1190 3218; x_wconf 80' lang='lat' dir='ltr'>in</span> <span class='ocrx_word' id='word_1_175' title='bbox 1224 3168 1412 3231; x_wconf 85' lang='lat' dir='ltr'>Iconio]</span> <span class='ocrx_word' id='word_1_176' title='bbox 1471 3171 1542 3221; x_wconf 92' lang='lat' dir='ltr'>So</span> <span class='ocrx_word' id='word_1_177' title='bbox 1569 3168 1715 3232; x_wconf 83' lang='lat' dir='ltr'>Gk.;</span> 
     </span>
    </p>
   </div>
   <div class='ocr_carea' id='block_1_19' title="bbox 537 3248 1702 4538">
    <p class='ocr_par' dir='ltr' id='par_1_19' title="bbox 537 3248 1702 3887">
     <span class='ocr_line' id='line_1_28' title="bbox 539 3248 1698 3315; baseline 0 -15"><span class='ocrx_word' id='word_1_178' title='bbox 539 3250 604 3301; x_wconf 94' lang='lat' dir='ltr'>O.</span> <span class='ocrx_word' id='word_1_179' title='bbox 624 3251 703 3306; x_wconf 73' lang='lat' dir='ltr'>L..</span> <span class='ocrx_word' id='word_1_180' title='bbox 724 3248 1054 3307; x_wconf 84' lang='lat' dir='ltr'>“Antiochia‚</span> <span class='ocrx_word' id='word_1_181' title='bbox 1071 3250 1316 3309; x_wconf 83' lang='lat' dir='ltr'>Iconio;’&#39;</span> <span class='ocrx_word' id='word_1_182' title='bbox 1352 3251 1524 3315; x_wconf 82' lang='lat' dir='ltr'>Vu1g.‚</span> <span class='ocrx_word' id='word_1_183' title='bbox 1544 3256 1576 3279; x_wconf 77' lang='lat'>‘⁴</span> <span class='ocrx_word' id='word_1_184' title='bbox 1589 3252 1698 3300; x_wconf 84' lang='lat' dir='ltr'>An·</span> 
     </span>
     <span class='ocr_line' id='line_1_29' title="bbox 539 3329 1701 3386; baseline -0.002 -5"><span class='ocrx_word' id='word_1_185' title='bbox 539 3331 770 3386; x_wconf 83' lang='lat' dir='ltr'>tiochiae,</span> <span class='ocrx_word' id='word_1_186' title='bbox 810 3330 1024 3379; x_wconf 85' lang='lat' dir='ltr'>Iconii.&#39;’</span> <span class='ocrx_word' id='word_1_187' title='bbox 1108 3330 1208 3379; x_wconf 87' lang='lat' dir='ltr'>Th.</span> <span class='ocrx_word' id='word_1_188' title='bbox 1254 3329 1519 3380; x_wconf 80' lang='lat' dir='ltr'>overlooks</span> <span class='ocrx_word' id='word_1_189' title='bbox 1563 3330 1701 3379; x_wconf 82' lang='lat' dir='ltr'>what</span> 
     </span>
     <span class='ocr_line' id='line_1_30' title="bbox 539 3407 1699 3476; baseline 0 -16"><span class='ocrx_word' id='word_1_190' title='bbox 539 3412 721 3476; x_wconf 83' lang='lat' dir='ltr'>Chrys.</span> <span class='ocrx_word' id='word_1_191' title='bbox 756 3407 1007 3474; x_wconf 81' lang='lat' dir='ltr'>(followed</span> <span class='ocrx_word' id='word_1_192' title='bbox 1042 3410 1110 3474; x_wconf 92' lang='lat' dir='ltr'>by</span> <span class='ocrx_word' id='word_1_193' title='bbox 1137 3408 1314 3472; x_wconf 84' lang='lat' dir='ltr'>Thdt.)</span> <span class='ocrx_word' id='word_1_194' title='bbox 1352 3413 1394 3460; x_wconf 89' lang='lat' dir='ltr'>is</span> <span class='ocrx_word' id='word_1_195' title='bbox 1425 3410 1612 3461; x_wconf 85' lang='lat' dir='ltr'>caresul</span> <span class='ocrx_word' id='word_1_196' title='bbox 1647 3418 1699 3460; x_wconf 84' lang='lat' dir='ltr'>to</span> 
     </span>
     <span class='ocr_line' id='line_1_31' title="bbox 537 3489 1702 3558; baseline -0.001 -16"><span class='ocrx_word' id='word_1_197' title='bbox 537 3493 682 3558; x_wconf 88' lang='lat' dir='ltr'>point</span> <span class='ocrx_word' id='word_1_198' title='bbox 727 3499 830 3548; x_wconf 82' lang='lat' dir='ltr'>out,</span> <span class='ocrx_word' id='word_1_199' title='bbox 873 3490 960 3541; x_wconf 88' lang='lat' dir='ltr'>the</span> <span class='ocrx_word' id='word_1_200' title='bbox 1000 3489 1434 3555; x_wconf 84' lang='lat' dir='ltr'>appropriateness</span> <span class='ocrx_word' id='word_1_201' title='bbox 1466 3490 1525 3539; x_wconf 86' lang='lat' dir='ltr'>of</span> <span class='ocrx_word' id='word_1_202' title='bbox 1560 3491 1702 3542; x_wconf 82' lang='lat' dir='ltr'>these</span> 
     </span>
     <span class='ocr_line' id='line_1_32' title="bbox 539 3571 1699 3636; baseline 0 -13"><span class='ocrx_word' id='word_1_203' title='bbox 539 3573 673 3624; x_wconf 88' lang='lat' dir='ltr'>local</span> <span class='ocrx_word' id='word_1_204' title='bbox 695 3573 968 3624; x_wconf 81' lang='lat' dir='ltr'>references</span> <span class='ocrx_word' id='word_1_205' title='bbox 990 3572 1042 3621; x_wconf 86' lang='lat' dir='ltr'>in</span> <span class='ocrx_word' id='word_1_206' title='bbox 1064 3588 1130 3622; x_wconf 82' lang='lat' dir='ltr'>an</span> <span class='ocrx_word' id='word_1_207' title='bbox 1152 3571 1331 3636; x_wconf 87' lang='lat' dir='ltr'>epistle</span> <span class='ocrx_word' id='word_1_208' title='bbox 1353 3572 1624 3622; x_wconf 84' lang='lat' dir='ltr'>addressed</span> <span class='ocrx_word' id='word_1_209' title='bbox 1647 3580 1699 3623; x_wconf 88' lang='lat' dir='ltr'>to</span> 
     </span>
     <span class='ocr_line' id='line_1_33' title="bbox 543 3655 1699 3722; baseline -0.005 -13"><span class='ocrx_word' id='word_1_210' title='bbox 543 3659 600 3710; x_wconf 89' lang='lat' dir='ltr'>S.</span> <span class='ocrx_word' id='word_1_211' title='bbox 625 3657 893 3722; x_wconf 82' lang='lat' dir='ltr'>Timothy;</span> <span class='ocrx_word' id='word_1_212' title='bbox 928 3656 990 3706; x_wconf 82' lang='lat' dir='ltr'>cf.</span> <span class='ocrx_word' id='word_1_213' title='bbox 1019 3655 1145 3706; x_wconf 86' lang='lat' dir='ltr'>Acts</span> <span class='ocrx_word' id='word_1_214' title='bbox 1176 3655 1274 3706; x_wconf 81' lang='lat' dir='ltr'>xvi.</span> <span class='ocrx_word' id='word_1_215' title='bbox 1307 3671 1351 3713; x_wconf 79' lang='grc' dir='ltr'>ι.</span> <span class='ocrx_word' id='word_1_216' title='bbox 1378 3670 1422 3706; x_wconf 79' lang='lat'>2.</span> <span class='ocrx_word' id='word_1_217' title='bbox 1494 3656 1699 3705; x_wconf 75' lang='lat' dir='ltr'>Libera·</span> 
     </span>
     <span class='ocr_line' id='line_1_34' title="bbox 539 3737 1700 3801; baseline -0.003 -12"><span class='ocrx_word' id='word_1_218' title='bbox 539 3742 622 3790; x_wconf 83' lang='lat' dir='ltr'>uit</span> <span class='ocrx_word' id='word_1_219' title='bbox 637 3758 652 3801; x_wconf 73' lang='grc' dir='ltr'><strong><em>ς</em></strong></span> <span class='ocrx_word' id='word_1_220' title='bbox 686 3756 742 3790; x_wconf 89' lang='lat' dir='ltr'>so</span> <span class='ocrx_word' id='word_1_221' title='bbox 765 3739 1036 3799; x_wconf 65' lang='lat' dir='ltr'>Ambrstr„</span> <span class='ocrx_word' id='word_1_222' title='bbox 1066 3737 1302 3798; x_wconf 86' lang='lat' dir='ltr'>Clarom.,</span> <span class='ocrx_word' id='word_1_223' title='bbox 1327 3737 1498 3788; x_wconf 89' lang='lat' dir='ltr'>Sedul.</span> <span class='ocrx_word' id='word_1_224' title='bbox 1528 3738 1667 3788; x_wconf 85' lang='lat' dir='ltr'>Scot.</span> <span class='ocrx_word' id='word_1_225' title='bbox 1684 3755 1700 3798; x_wconf 70' lang='grc' dir='ltr'>ς</span> 
     </span>
     <span class='ocr_line' id='line_1_35' title="bbox 541 3819 1016 3887; baseline -0.006 -16"><span class='ocrx_word' id='word_1_226' title='bbox 541 3823 712 3887; x_wconf 85' lang='lat' dir='ltr'>Vulg.,</span> <span class='ocrx_word' id='word_1_227' title='bbox 737 3826 767 3849; x_wconf 82' lang='lat'>‘⁴</span> <span class='ocrx_word' id='word_1_228' title='bbox 783 3819 1016 3885; x_wconf 86' lang='lat' dir='ltr'>eripuit.‘’</span> 
     </span>
    </p>

    <p class='ocr_par' dir='ltr' id='par_1_20' title="bbox 541 3898 1700 4048">
     <span class='ocr_line' id='line_1_36' title="bbox 614 3898 1700 3964; baseline -0.001 -13"><span class='ocrx_word' id='word_1_229' title='bbox 614 3916 690 3951; x_wconf 83' lang='lat'>10.</span> <span class='ocrx_word' id='word_1_230' title='bbox 739 3902 797 3951; x_wconf 80' lang='lat' dir='ltr'>in</span> <span class='ocrx_word' id='word_1_231' title='bbox 819 3898 1050 3962; x_wconf 82' lang='lat' dir='ltr'>deterius]</span> <span class='ocrx_word' id='word_1_232' title='bbox 1115 3899 1185 3950; x_wconf 93' lang='lat' dir='ltr'>O.</span> <span class='ocrx_word' id='word_1_233' title='bbox 1202 3900 1262 3950; x_wconf 94' lang='lat' dir='ltr'>L.</span> <span class='ocrx_word' id='word_1_234' title='bbox 1285 3899 1387 3949; x_wconf 78' lang='lat' dir='ltr'>and</span> <span class='ocrx_word' id='word_1_235' title='bbox 1409 3899 1580 3964; x_wconf 68' lang='lat' dir='ltr'>Vulg„</span> <span class='ocrx_word' id='word_1_236' title='bbox 1606 3900 1700 3950; x_wconf 87' lang='lat' dir='ltr'>“in</span> 
     </span>
     <span class='ocr_line' id='line_1_37' title="bbox 541 3981 737 4048; baseline -0.015 -16"><span class='ocrx_word' id='word_1_237' title='bbox 541 3981 737 4048; x_wconf 84' lang='lat' dir='ltr'>peius.”</span> 
     </span>
    </p>

    <p class='ocr_par' dir='ltr' id='par_1_21' title="bbox 543 4058 1701 4210">
     <span class='ocr_line' id='line_1_38' title="bbox 615 4058 1701 4128; baseline -0.002 -14"><span class='ocrx_word' id='word_1_238' title='bbox 615 4079 691 4114; x_wconf 67' lang='grc' dir='ltr'>ια.</span> <span class='ocrx_word' id='word_1_239' title='bbox 759 4063 938 4112; x_wconf 73' lang='lat' dir='ltr'>tter-um</span> <span class='ocrx_word' id='word_1_240' title='bbox 983 4058 1070 4111; x_wconf 72' lang='lat' dir='ltr'>hoc</span> <span class='ocrx_word' id='word_1_241' title='bbox 1113 4062 1170 4112; x_wconf 77' lang='lat' dir='ltr'>in</span> <span class='ocrx_word' id='word_1_242' title='bbox 1214 4062 1331 4125; x_wconf 85' lang='lat' dir='ltr'>loco]</span> <span class='ocrx_word' id='word_1_243' title='bbox 1410 4062 1488 4127; x_wconf 78' lang='lat' dir='ltr'>Cf.</span> <span class='ocrx_word' id='word_1_244' title='bbox 1528 4070 1701 4128; x_wconf 84' lang='lat' dir='ltr'>supra,</span> 
     </span>
     <span class='ocr_line' id='line_1_39' title="bbox 543 4143 1061 4210; baseline 0.002 -18"><span class='ocrx_word' id='word_1_245' title='bbox 543 4161 596 4210; x_wconf 89' lang='lat' dir='ltr'>p.</span> <span class='ocrx_word' id='word_1_246' title='bbox 619 4145 732 4203; x_wconf 78' lang='lat'>218,</span> <span class='ocrx_word' id='word_1_247' title='bbox 761 4143 794 4194; x_wconf 90' lang='grc'>1.</span> <span class='ocrx_word' id='word_1_248' title='bbox 829 4159 904 4201; x_wconf 81' lang='lat'>12,</span> <span class='ocrx_word' id='word_1_249' title='bbox 927 4152 1061 4193; x_wconf 82' lang='lat' dir='ltr'>note.</span> 
     </span>
    </p>

    <p class='ocr_par' dir='ltr' id='par_1_22' title="bbox 541 4225 1702 4538">
     <span class='ocr_line' id='line_1_40' title="bbox 615 4225 1701 4292; baseline 0 -15"><span class='ocrx_word' id='word_1_250' title='bbox 615 4244 689 4289; x_wconf 78' lang='lat'>14.</span> <span class='ocrx_word' id='word_1_251' title='bbox 751 4226 982 4290; x_wconf 81' lang='lat' dir='ltr'>utraque]</span> <span class='ocrx_word' id='word_1_252' title='bbox 1066 4225 1299 4276; x_wconf 84' lang='lat' dir='ltr'>‘Caresul</span> <span class='ocrx_word' id='word_1_253' title='bbox 1345 4227 1554 4292; x_wconf 86' lang='lat' dir='ltr'>enquiry</span> <span class='ocrx_word' id='word_1_254' title='bbox 1597 4228 1701 4278; x_wconf 76' lang='lat' dir='ltr'>will</span> 
     </span>
     <span class='ocr_line' id='line_1_41' title="bbox 542 4307 1702 4370; baseline -0.001 -10"><span class='ocrx_word' id='word_1_255' title='bbox 542 4307 785 4360; x_wconf 83' lang='lat' dir='ltr'>establish</span> <span class='ocrx_word' id='word_1_256' title='bbox 828 4308 966 4357; x_wconf 86' lang='lat' dir='ltr'>these</span> <span class='ocrx_word' id='word_1_257' title='bbox 1012 4316 1112 4357; x_wconf 84' lang='lat' dir='ltr'>two</span> <span class='ocrx_word' id='word_1_258' title='bbox 1157 4308 1311 4359; x_wconf 85' lang='lat' dir='ltr'>facts:</span> <span class='ocrx_word' id='word_1_259' title='bbox 1359 4310 1431 4370; x_wconf 80' lang='grc' dir='ltr'>(ι)</span> <span class='ocrx_word' id='word_1_260' title='bbox 1480 4309 1589 4359; x_wconf 82' lang='lat' dir='ltr'>that</span> <span class='ocrx_word' id='word_1_261' title='bbox 1633 4309 1702 4359; x_wconf 89' lang='lat' dir='ltr'>all</span> 
     </span>
     <span class='ocr_line' id='line_1_42' title="bbox 542 4388 1701 4455; baseline 0.001 -15"><span class='ocrx_word' id='word_1_262' title='bbox 542 4388 758 4440; x_wconf 81' lang='lat' dir='ltr'>heresies</span> <span class='ocrx_word' id='word_1_263' title='bbox 779 4396 831 4439; x_wconf 86' lang='lat' dir='ltr'>at</span> <span class='ocrx_word' id='word_1_264' title='bbox 855 4389 982 4438; x_wconf 87' lang='lat' dir='ltr'>their</span> <span class='ocrx_word' id='word_1_265' title='bbox 1006 4388 1108 4439; x_wconf 88' lang='lat' dir='ltr'>first</span> <span class='ocrx_word' id='word_1_266' title='bbox 1132 4406 1441 4455; x_wconf 81' lang='lat' dir='ltr'>appearance</span> <span class='ocrx_word' id='word_1_267' title='bbox 1476 4392 1701 4455; x_wconf 87' lang='lat' dir='ltr'>provoke</span> 
     </span>
     <span class='ocr_line' id='line_1_43' title="bbox 541 4469 1700 4538; baseline 0 -16"><span class='ocrx_word' id='word_1_268' title='bbox 541 4471 822 4538; x_wconf 68' lang='lat' dir='ltr'>suspiciam</span> <span class='ocrx_word' id='word_1_269' title='bbox 862 4469 930 4534; x_wconf 65' lang='grc' dir='ltr'>(α)</span> <span class='ocrx_word' id='word_1_270' title='bbox 964 4471 1070 4520; x_wconf 88' lang='lat' dir='ltr'>that</span> <span class='ocrx_word' id='word_1_271' title='bbox 1106 4471 1235 4522; x_wconf 84' lang='lat' dir='ltr'>their</span> <span class='ocrx_word' id='word_1_272' title='bbox 1270 4471 1517 4537; x_wconf 83' lang='lat' dir='ltr'>thorough</span> <span class='ocrx_word' id='word_1_273' title='bbox 1547 4488 1700 4537; x_wconf 80' lang='lat' dir='ltr'>expo-</span> 
     </span>
    </p>
   </div>
   <div class='ocr_carea' id='block_1_20' title="bbox 1137 2790 2100 3018">
    <p class='ocr_par' dir='ltr' id='par_1_23' title="bbox 1137 2790 2100 3018">
     <span class='ocr_line' id='line_1_44' title="bbox 1346 2790 2100 2856; baseline -0.003 -15"><span class='ocrx_word' id='word_1_274' title='bbox 1346 2804 1375 2854; x_wconf 78' lang='lat'>5</span> <span class='ocrx_word' id='word_1_275' title='bbox 1409 2790 1586 2856; x_wconf 87' lang='lat' dir='ltr'>inquid</span> <span class='ocrx_word' id='word_1_276' title='bbox 1612 2791 1709 2855; x_wconf 86' lang='lat' dir='ltr'>(ast</span> <span class='ocrx_word' id='word_1_277' title='bbox 1729 2791 1888 2851; x_wconf 85' lang='lat' dir='ltr'>omn.)</span> <span class='ocrx_word' id='word_1_278' title='bbox 1912 2790 2018 2839; x_wconf 84' lang='lat' dir='ltr'>add</span> <span class='ocrx_word' id='word_1_279' title='bbox 2032 2790 2100 2839; x_wconf 87' lang='grc' dir='ltr'><em>Η</em></span> 
     </span>
     <span class='ocr_line' id='line_1_45' title="bbox 1137 2873 1712 2939; baseline -0.003 -15"><span class='ocrx_word' id='word_1_280' title='bbox 1137 2875 1168 2924; x_wconf 91' lang='lat'>8</span> <span class='ocrx_word' id='word_1_281' title='bbox 1201 2874 1252 2924; x_wconf 88' lang='lat' dir='ltr'>in</span> <span class='ocrx_word' id='word_1_282' title='bbox 1277 2873 1533 2939; x_wconf 80' lang='lat' dir='ltr'>(beshaec)</span> <span class='ocrx_word' id='word_1_283' title='bbox 1557 2874 1663 2922; x_wconf 86' lang='lat' dir='ltr'>add</span> <span class='ocrx_word' id='word_1_284' title='bbox 1679 2888 1712 2921; x_wconf 84' lang='lat' dir='ltr'>r</span> 
     </span>
     <span class='ocr_line' id='line_1_46' title="bbox 1244 2951 1954 3018; baseline -0.004 -13"><span class='ocrx_word' id='word_1_285' title='bbox 1244 2969 1300 3018; x_wconf 86' lang='lat'>15</span> <span class='ocrx_word' id='word_1_286' title='bbox 1336 2971 1511 3004; x_wconf 87' lang='lat' dir='ltr'>omnes</span> <span class='ocrx_word' id='word_1_287' title='bbox 1532 2953 1761 3004; x_wconf 86' lang='lat' dir='ltr'>haereses</span> <span class='ocrx_word' id='word_1_288' title='bbox 1789 2952 1833 3002; x_wconf 86' lang='lat' dir='ltr'><em>C</em></span> <span class='ocrx_word' id='word_1_289' title='bbox 1845 2951 1869 2977; x_wconf 77' lang='lat'>⁸</span> <span class='ocrx_word' id='word_1_290' title='bbox 1885 2953 1954 3002; x_wconf 99' lang='grc' dir='ltr'><em>Η</em></span> 
     </span>
    </p>
   </div>
   <div class='ocr_carea' id='block_1_21' title="bbox 1838 2789 2967 3021">
    <p class='ocr_par' dir='ltr' id='par_1_24' title="bbox 1838 2789 2967 3021">
     <span class='ocr_line' id='line_1_47' title="bbox 2302 2789 2957 2856; baseline 0.008 -17"><span class='ocrx_word' id='word_1_291' title='bbox 2302 2801 2329 2853; x_wconf 79' lang='lat'><strong>7</strong></span> <span class='ocrx_word' id='word_1_292' title='bbox 2364 2804 2456 2840; x_wconf 80' lang='lat' dir='ltr'>nos</span> <span class='ocrx_word' id='word_1_293' title='bbox 2476 2790 2636 2840; x_wconf 75' lang='lat' dir='ltr'>omli</span> <span class='ocrx_word' id='word_1_294' title='bbox 2656 2789 2666 2854; x_wconf 74' lang='grc' dir='ltr'>Ι</span> <span class='ocrx_word' id='word_1_295' title='bbox 2692 2792 2957 2856; x_wconf 74' lang='lat' dir='ltr'>probatam</span> 
     </span>
     <span class='ocr_line' id='line_1_48' title="bbox 1838 2872 2967 2938; baseline 0.004 -18"><span class='ocrx_word' id='word_1_296' title='bbox 1838 2887 1871 2936; x_wconf 83' lang='lat'>9</span> <span class='ocrx_word' id='word_1_297' title='bbox 1903 2872 2301 2936; x_wconf 87' lang='lat' dir='ltr'>persecutionem</span> <span class='ocrx_word' id='word_1_298' title='bbox 2324 2873 2394 2921; x_wconf 88' lang='grc' dir='ltr'><em>Η</em></span> <span class='ocrx_word' id='word_1_299' title='bbox 2529 2887 2591 2922; x_wconf 88' lang='lat'>10</span> <span class='ocrx_word' id='word_1_300' title='bbox 2623 2873 2876 2938; x_wconf 87' lang='lat' dir='ltr'>pacienter</span> <span class='ocrx_word' id='word_1_301' title='bbox 2897 2876 2967 2924; x_wconf 77' lang='lat' dir='ltr'>ll</span> 
     </span>
     <span class='ocr_line' id='line_1_49' title="bbox 2153 2952 2955 3021; baseline 0.002 -17"><span class='ocrx_word' id='word_1_302' title='bbox 2153 2952 2213 3004; x_wconf 87' lang='lat'>16</span> <span class='ocrx_word' id='word_1_303' title='bbox 2245 2952 2559 3018; x_wconf 87' lang='lat' dir='ltr'>suspectione</span> <span class='ocrx_word' id='word_1_304' title='bbox 2580 2955 2650 3004; x_wconf 89' lang='grc' dir='ltr'><em>Η</em></span> <span class='ocrx_word' id='word_1_305' title='bbox 2665 2953 2674 3018; x_wconf 87' lang='grc' dir='ltr'>Ι</span> <span class='ocrx_word' id='word_1_306' title='bbox 2704 2963 2955 3021; x_wconf 81' lang='lat' dir='ltr'>suspecta-</span> 
     </span>
    </p>
   </div>
   <div class='ocr_carea' id='block_1_22' title="bbox 1793 3152 2966 4373">
    <p class='ocr_par' dir='ltr' id='par_1_25' title="bbox 1793 3152 2966 3560">
     <span class='ocr_line' id='line_1_50' title="bbox 1793 3152 2966 3230; baseline 0.002 -14"><span class='ocrx_word' id='word_1_307' title='bbox 1793 3180 1907 3216; x_wconf 82' lang='lat' dir='ltr'>sure</span> <span class='ocrx_word' id='word_1_308' title='bbox 1940 3165 2041 3216; x_wconf 84' lang='lat' dir='ltr'>and</span> <span class='ocrx_word' id='word_1_309' title='bbox 2074 3164 2339 3216; x_wconf 83' lang='lat' dir='ltr'>refutation</span> <span class='ocrx_word' id='word_1_310' title='bbox 2373 3165 2416 3216; x_wconf 91' lang='lat' dir='ltr'>is</span> <span class='ocrx_word' id='word_1_311' title='bbox 2448 3165 2634 3230; x_wconf 86' lang='lat' dir='ltr'>always</span> <span class='ocrx_word' id='word_1_312' title='bbox 2666 3182 2699 3216; x_wconf 88' lang='lat' dir='ltr'>a</span> <span class='ocrx_word' id='word_1_313' title='bbox 2727 3166 2867 3217; x_wconf 86' lang='lat' dir='ltr'>work</span> <span class='ocrx_word' id='word_1_314' title='bbox 2904 3152 2966 3218; x_wconf 80' lang='lat' dir='ltr'>of</span> 
     </span>
     <span class='ocr_line' id='line_1_51' title="bbox 1796 3247 2957 3312; baseline 0.002 -16"><span class='ocrx_word' id='word_1_315' title='bbox 1796 3247 1954 3298; x_wconf 87' lang='lat' dir='ltr'>time.&#39;</span> <span class='ocrx_word' id='word_1_316' title='bbox 2019 3248 2282 3312; x_wconf 68' lang='lat' dir='ltr'>Suspectto,</span> <span class='ocrx_word' id='word_1_317' title='bbox 2310 3248 2608 3311; x_wconf 76' lang='lat' dir='ltr'>suspectatio,</span> <span class='ocrx_word' id='word_1_318' title='bbox 2636 3263 2722 3297; x_wconf 85' lang='lat' dir='ltr'>are</span> <span class='ocrx_word' id='word_1_319' title='bbox 2754 3248 2957 3298; x_wconf 84' lang='lat' dir='ltr'>collate·</span> 
     </span>
     <span class='ocr_line' id='line_1_52' title="bbox 1796 3329 2959 3397; baseline 0.003 -18"><span class='ocrx_word' id='word_1_320' title='bbox 1796 3330 1870 3380; x_wconf 83' lang='lat' dir='ltr'>ral</span> <span class='ocrx_word' id='word_1_321' title='bbox 1889 3329 2042 3381; x_wconf 81' lang='lat' dir='ltr'>forms</span> <span class='ocrx_word' id='word_1_322' title='bbox 2064 3331 2123 3380; x_wconf 88' lang='lat' dir='ltr'>os</span> <span class='ocrx_word' id='word_1_323' title='bbox 2138 3332 2224 3380; x_wconf 90' lang='lat' dir='ltr'>the</span> <span class='ocrx_word' id='word_1_324' title='bbox 2247 3331 2471 3381; x_wconf 75' lang='lat' dir='ltr'>classica]</span> <span class='ocrx_word' id='word_1_325' title='bbox 2503 3335 2534 3359; x_wconf 72' lang='lat'>0‘</span> <span class='ocrx_word' id='word_1_326' title='bbox 2550 3330 2767 3397; x_wconf 85' lang='lat' dir='ltr'>suspicio</span> <span class='ocrx_word' id='word_1_327' title='bbox 2783 3331 2840 3391; x_wconf 87' lang='lat'>;”</span> <span class='ocrx_word' id='word_1_328' title='bbox 2874 3348 2959 3383; x_wconf 86' lang='lat' dir='ltr'>see</span> 
     </span>
     <span class='ocr_line' id='line_1_53' title="bbox 1798 3411 2958 3464; baseline 0.003 -4"><span class='ocrx_word' id='word_1_329' title='bbox 1798 3411 1927 3462; x_wconf 86' lang='lat' dir='ltr'>lexx.</span> <span class='ocrx_word' id='word_1_330' title='bbox 1987 3412 2239 3461; x_wconf 78' lang='lat' dir='ltr'>Aduentio</span> <span class='ocrx_word' id='word_1_331' title='bbox 2261 3412 2339 3461; x_wconf 84' lang='lat' dir='ltr'>for</span> <span class='ocrx_word' id='word_1_332' title='bbox 2363 3413 2651 3463; x_wconf 85' lang='lat' dir='ltr'>“aduentus</span> <span class='ocrx_word' id='word_1_333' title='bbox 2666 3412 2697 3435; x_wconf 86' lang='lat'>&#39;‘</span> <span class='ocrx_word' id='word_1_334' title='bbox 2720 3429 2880 3464; x_wconf 87' lang='lat' dir='ltr'>seems</span> <span class='ocrx_word' id='word_1_335' title='bbox 2903 3421 2958 3464; x_wconf 84' lang='lat' dir='ltr'>to</span> 
     </span>
     <span class='ocr_line' id='line_1_54' title="bbox 1796 3494 2362 3560; baseline 0 -16"><span class='ocrx_word' id='word_1_336' title='bbox 1796 3494 1861 3544; x_wconf 87' lang='lat' dir='ltr'>be</span> <span class='ocrx_word' id='word_1_337' title='bbox 1884 3494 2092 3544; x_wconf 81' lang='lat' dir='ltr'>without</span> <span class='ocrx_word' id='word_1_338' title='bbox 2116 3495 2362 3560; x_wconf 82' lang='lat' dir='ltr'>example.</span> 
     </span>
    </p>

    <p class='ocr_par' dir='ltr' id='par_1_26' title="bbox 1797 3578 2960 3790">
     <span class='ocr_line' id='line_1_55' title="bbox 1870 3578 2960 3641; baseline 0.001 -14"><span class='ocrx_word' id='word_1_339' title='bbox 1870 3591 1946 3639; x_wconf 87' lang='lat'>¹7·</span> <span class='ocrx_word' id='word_1_340' title='bbox 1995 3592 2098 3626; x_wconf 84' lang='lat' dir='ltr'>non</span> <span class='ocrx_word' id='word_1_341' title='bbox 2110 3584 2321 3641; x_wconf 84' lang='lat' dir='ltr'>possunt</span> <span class='ocrx_word' id='word_1_342' title='bbox 2342 3578 2512 3627; x_wconf 75' lang='lat' dir='ltr'>minus</span> <span class='ocrx_word' id='word_1_343' title='bbox 2531 3578 2960 3640; x_wconf 72' lang='lat' dir='ltr'>inueniriJ=non</span> 
     </span>
     <span class='ocr_line' id='line_1_56' title="bbox 1798 3659 2957 3727; baseline 0.003 -19"><span class='ocrx_word' id='word_1_344' title='bbox 1798 3676 1850 3725; x_wconf 91' lang='lat' dir='ltr'>p.</span> <span class='ocrx_word' id='word_1_345' title='bbox 1875 3675 1977 3709; x_wconf 86' lang='lat' dir='ltr'>non</span> <span class='ocrx_word' id='word_1_346' title='bbox 2001 3659 2227 3722; x_wconf 86' lang='lat' dir='ltr'>inueniri,</span> <span class='ocrx_word' id='word_1_347' title='bbox 2255 3676 2358 3710; x_wconf 91' lang='lat' dir='ltr'>non</span> <span class='ocrx_word' id='word_1_348' title='bbox 2388 3669 2554 3726; x_wconf 84' lang='lat' dir='ltr'>potest</span> <span class='ocrx_word' id='word_1_349' title='bbox 2587 3661 2694 3712; x_wconf 78' lang='lat' dir='ltr'>fieri</span> <span class='ocrx_word' id='word_1_350' title='bbox 2726 3661 2848 3727; x_wconf 88' lang='lat' dir='ltr'>quin</span> <span class='ocrx_word' id='word_1_351' title='bbox 2881 3661 2957 3712; x_wconf 86' lang='lat' dir='ltr'>in-</span> 
     </span>
     <span class='ocr_line' id='line_1_57' title="bbox 1797 3741 2075 3790; baseline -0.007 0"><span class='ocrx_word' id='word_1_352' title='bbox 1797 3741 2075 3790; x_wconf 87' lang='lat' dir='ltr'>ueniantur.</span> 
     </span>
    </p>

    <p class='ocr_par' dir='ltr' id='par_1_27' title="bbox 1796 3820 2959 4373">
     <span class='ocr_line' id='line_1_58' title="bbox 1870 3820 2959 3888; baseline 0.006 -18"><span class='ocrx_word' id='word_1_353' title='bbox 1870 3837 1944 3888; x_wconf 89' lang='lat'>¹9·</span> <span class='ocrx_word' id='word_1_354' title='bbox 2004 3827 2052 3870; x_wconf 87' lang='lat' dir='ltr'>et</span> <span class='ocrx_word' id='word_1_355' title='bbox 2082 3821 2351 3883; x_wconf 51' lang='lat' dir='ltr'>credidessti]</span> <span class='ocrx_word' id='word_1_356' title='bbox 2416 3823 2498 3872; x_wconf 75' lang='grc' dir='ltr'>καὶ</span> <span class='ocrx_word' id='word_1_357' title='bbox 2529 3820 2815 3883; x_wconf 74' lang='grc' dir='ltr'>ἐπιστώθης.</span> <span class='ocrx_word' id='word_1_358' title='bbox 2885 3826 2959 3876; x_wconf 83' lang='grc'>80</span> 
     </span>
     <span class='ocr_line' id='line_1_59' title="bbox 1802 3904 2958 3968; baseline 0.003 -14"><span class='ocrx_word' id='word_1_359' title='bbox 1802 3904 1911 3954; x_wconf 87' lang='lat' dir='ltr'>Hil.</span> <span class='ocrx_word' id='word_1_360' title='bbox 1965 3904 2039 3968; x_wconf 81' lang='lat' dir='ltr'>(in</span> <span class='ocrx_word' id='word_1_361' title='bbox 2079 3906 2163 3955; x_wconf 80' lang='lat' dir='ltr'>Ps.</span> <span class='ocrx_word' id='word_1_362' title='bbox 2216 3904 2349 3967; x_wconf 80' lang='lat'>118);</span> <span class='ocrx_word' id='word_1_363' title='bbox 2406 3905 2492 3956; x_wconf 85' lang='lat' dir='ltr'>the</span> <span class='ocrx_word' id='word_1_364' title='bbox 2539 3906 2689 3956; x_wconf 82' lang='lat' dir='ltr'>Latin</span> <span class='ocrx_word' id='word_1_365' title='bbox 2734 3907 2958 3958; x_wconf 77' lang='lat' dir='ltr'>versions</span> 
     </span>
     <span class='ocr_line' id='line_1_60' title="bbox 1797 3984 2958 4049; baseline 0.004 -15"><span class='ocrx_word' id='word_1_366' title='bbox 1797 3984 2054 4049; x_wconf 79' lang='lat' dir='ltr'>generally</span> <span class='ocrx_word' id='word_1_367' title='bbox 2083 3984 2262 4035; x_wconf 88' lang='lat' dir='ltr'>render</span> <span class='ocrx_word' id='word_1_368' title='bbox 2293 3990 2391 4035; x_wconf 82' lang='lat' dir='ltr'>“et</span> <span class='ocrx_word' id='word_1_369' title='bbox 2424 3986 2614 4037; x_wconf 89' lang='lat' dir='ltr'>credita</span> <span class='ocrx_word' id='word_1_370' title='bbox 2651 3995 2766 4038; x_wconf 85' lang='lat' dir='ltr'>sunt</span> <span class='ocrx_word' id='word_1_371' title='bbox 2807 3989 2958 4049; x_wconf 88' lang='lat' dir='ltr'>tibi‚”</span> 
     </span>
     <span class='ocr_line' id='line_1_61' title="bbox 1797 4063 2957 4125; baseline 0.003 -9"><span class='ocrx_word' id='word_1_372' title='bbox 1797 4065 1921 4116; x_wconf 80' lang='lat' dir='ltr'>usis</span> <span class='ocrx_word' id='word_1_373' title='bbox 1946 4063 2217 4125; x_wconf 69' lang='grc' dir='ltr'>ἐπιστώθης</span> <span class='ocrx_word' id='word_1_374' title='bbox 2238 4082 2368 4117; x_wconf 82' lang='lat' dir='ltr'>were</span> <span class='ocrx_word' id='word_1_375' title='bbox 2392 4071 2590 4118; x_wconf 81' lang='lat' dir='ltr'>written</span> <span class='ocrx_word' id='word_1_376' title='bbox 2624 4069 2702 4119; x_wconf 85' lang='lat' dir='ltr'>sor</span> <span class='ocrx_word' id='word_1_377' title='bbox 2734 4072 2957 4119; x_wconf 69' lang='grc' dir='ltr'>ἐπιστεύ-</span> 
     </span>
     <span class='ocr_line' id='line_1_62' title="bbox 1800 4145 2954 4216; baseline 0.004 -19"><span class='ocrx_word' id='word_1_378' title='bbox 1800 4150 1885 4207; x_wconf 76' lang='grc' dir='ltr'>θης</span> <span class='ocrx_word' id='word_1_379' title='bbox 1908 4145 1988 4210; x_wconf 84' lang='lat' dir='ltr'>(cf.</span> <span class='ocrx_word' id='word_1_380' title='bbox 2016 4147 2129 4198; x_wconf 85' lang='lat' dir='ltr'>Gal.</span> <span class='ocrx_word' id='word_1_381' title='bbox 2153 4148 2203 4197; x_wconf 89' lang='lat' dir='ltr'>ii.</span> <span class='ocrx_word' id='word_1_382' title='bbox 2227 4159 2271 4210; x_wconf 89' lang='lat'>7,</span> <span class='ocrx_word' id='word_1_383' title='bbox 2302 4163 2322 4198; x_wconf 86' lang='lat'>1</span> <span class='ocrx_word' id='word_1_384' title='bbox 2350 4149 2525 4200; x_wconf 84' lang='lat' dir='ltr'>Thess.</span> <span class='ocrx_word' id='word_1_385' title='bbox 2554 4150 2605 4199; x_wconf 86' lang='lat' dir='ltr'>ii.</span> <span class='ocrx_word' id='word_1_386' title='bbox 2628 4163 2675 4214; x_wconf 81' lang='lat'>5,</span> <span class='ocrx_word' id='word_1_387' title='bbox 2699 4151 2800 4200; x_wconf 88' lang='lat' dir='ltr'>Tit.</span> <span class='ocrx_word' id='word_1_388' title='bbox 2826 4151 2860 4201; x_wconf 86' lang='lat' dir='ltr'>i.</span> <span class='ocrx_word' id='word_1_389' title='bbox 2885 4151 2954 4216; x_wconf 81' lang='lat'>3).</span> 
     </span>
     <span class='ocr_line' id='line_1_63' title="bbox 1801 4228 2955 4294; baseline 0.003 -16"><span class='ocrx_word' id='word_1_390' title='bbox 1801 4230 1901 4279; x_wconf 91' lang='lat' dir='ltr'>For</span> <span class='ocrx_word' id='word_1_391' title='bbox 1936 4228 2021 4279; x_wconf 85' lang='lat' dir='ltr'>the</span> <span class='ocrx_word' id='word_1_392' title='bbox 2043 4240 2186 4279; x_wconf 81' lang='lat' dir='ltr'>sense</span> <span class='ocrx_word' id='word_1_393' title='bbox 2207 4228 2272 4278; x_wconf 88' lang='lat' dir='ltr'>cs.</span> <span class='ocrx_word' id='word_1_394' title='bbox 2298 4228 2476 4294; x_wconf 84' lang='lat' dir='ltr'>Chrys.</span> <span class='ocrx_word' id='word_1_395' title='bbox 2504 4232 2788 4291; x_wconf 71' lang='grc' dir='ltr'>(τουτέστιν,</span> <span class='ocrx_word' id='word_1_396' title='bbox 2816 4233 2955 4281; x_wconf 58' lang='lat' dir='ltr'>{tco-</span> 
     </span>
     <span class='ocr_line' id='line_1_64' title="bbox 1796 4307 2959 4373; baseline 0.002 -14"><span class='ocrx_word' id='word_1_397' title='bbox 1796 4307 2020 4372; x_wconf 74' lang='grc' dir='ltr'><strong>τεύσας);</strong></span> <span class='ocrx_word' id='word_1_398' title='bbox 2063 4325 2121 4360; x_wconf 85' lang='lat' dir='ltr'>or</span> <span class='ocrx_word' id='word_1_399' title='bbox 2164 4309 2343 4368; x_wconf 84' lang='lat' dir='ltr'>better.</span> <span class='ocrx_word' id='word_1_400' title='bbox 2378 4309 2562 4362; x_wconf 62' lang='lat' dir='ltr'>Thdu:</span> <span class='ocrx_word' id='word_1_401' title='bbox 2607 4310 2698 4373; x_wconf 71' lang='grc' dir='ltr'>τὴν</span> <span class='ocrx_word' id='word_1_402' title='bbox 2726 4309 2959 4372; x_wconf 70' lang='grc' dir='ltr'>ἀλήθειαν</span> 
     </span>
    </p>
   </div>
   <div class='ocr_carea' id='block_1_23' title="bbox 1797 4389 2959 4533">
    <p class='ocr_par' dir='ltr' id='par_1_28' title="bbox 1797 4389 2959 4533">
     <span class='ocr_line' id='line_1_65' title="bbox 1797 4389 2959 4458; baseline 0.003 -16"><span class='ocrx_word' id='word_1_403' title='bbox 1797 4389 1861 4454; x_wconf 81' lang='grc' dir='ltr'>τῇ</span> <span class='ocrx_word' id='word_1_404' title='bbox 1914 4394 2058 4455; x_wconf 73' lang='grc' dir='ltr'>πείρᾳ.</span> <span class='ocrx_word' id='word_1_405' title='bbox 2110 4389 2403 4455; x_wconf 75' lang='grc' dir='ltr'><strong><em>μεμάθηκας·</em></strong></span> <span class='ocrx_word' id='word_1_406' title='bbox 2471 4391 2616 4445; x_wconf 73' lang='grc' dir='ltr'>τοῦτο</span> <span class='ocrx_word' id='word_1_407' title='bbox 2672 4392 2770 4458; x_wconf 70' lang='grc' dir='ltr'>γὰρ</span> <span class='ocrx_word' id='word_1_408' title='bbox 2827 4395 2959 4445; x_wconf 69' lang='grc' dir='ltr'>εἶπεν</span> 
     </span>
     <span class='ocr_line' id='line_1_66' title="bbox 1798 4471 2132 4533; baseline -0.006 -10"><span class='ocrx_word' id='word_1_409' title='bbox 1798 4479 1811 4500; x_wconf 89' lang='lat'>‘</span> <span class='ocrx_word' id='word_1_410' title='bbox 1828 4471 2132 4533; x_wconf 56' lang='lat' dir='ltr'>irroramur)</span> 
     </span>
    </p>
   </div>
  </div>
 </body>
</html>
