3221 5116
514 407 603 468 40

1194 403 1659 460 THEODORUS}
1699 404 2286 458 MOPSUESTENUS

2525 392 2630 476 [V.
2665 395 2950 473 24—-28,

515 575 734 659 gratia
765 577 1021 662 integra
1053 580 1120 644 in
1153 580 1281 644 illis
1312 582 1743 661 custodiatur,
1776 556 2036 648 nullam·
2062 583 2395 648 sustinens
2427 582 2950 647 minorationem

518 693 789 769 propter
819 706 1048 750 eorum
1078 686 1423 764 malitiam,
1450 686 1544 750 ita
1575 695 1651 750 ut
1681 687 1749 751 in
1782 685 2029 752 Christi
2061 688 2355 751 aduentu
2380 687 2656 769 adsequi
2682 686 2950 769 possint

468 846 473 851 ,
518 794 820 850 aeternas
851 789 1208 852 mercedes·
1257 798 1324 852 et
1357 795 1430 853 ut
1460 809 1595 852 non
1629 790 1714 853 de
1745 789 2048 853 oratione
2071 788 2257 852 dubii
2287 787 2678 861 habeantur,
2704 786 2951 852 adicit:

629 929 858 1014 fidelis·
884 931 1004 1014 qui
1027 932 1286 996 uocauit
1311 953 1442 1010 uos,
1472 932 1591 1015 qui
1598 932 1826 1015 faciet

646 1057 775 1122 hoc
806 1067 952 1123 est.
999 1061 1231 1123 ‘uerus
1277 1069 1377 1123 est
1423 1060 1535 1143 qui
1584 1081 1834 1125 uocans
1878 1082 1999 1125 uos
2040 1062 2220 1127 bona
2249 1063 2440 1180 uobis
2471 1061 2796 1147 promisit,
2826 1059 2949 1146 qui

519 1171 587 1228 et
617 1162 901 1247 replebit
931 1183 1053 1227 uos
1081 1184 1202 1227 sua
1234 1163 1734 1230 benedictione!

630 1328 912 1411 fratres,
943 1339 1125 1393 orate
1149 1340 1215 1394 et
1224 1341 1352 1413 pro
1383 1333 1584 1423 nobis·

648 1452 877 1516 scribit
907 1461 976 1517 et
1005 1463 1159 1536 post
1188 1452 1317 1518 hoc
1347 1456 1443 1520 ita
1472 1463 1546 1519 ut
1577 1464 1648 1520 et
1679 1476 1800 1540 pro
1830 1477 1902 1521 se
1933 1462 2141 1535 orent,
2175 1455 2375 1520 simul
2407 1456 2476 1521 in
2508 1457 2787 1521 caritate
2816 1475 2945 1520 sua

520 1572 635 1615 eos
686 1555 1147 1637 constringens
1173 1576 1190 1633 ;
1258 1577 1415 1621 nam
1476 1566 1544 1621 et
1603 1566 1678 1622 ut
1731 1578 1853 1642 pro
1906 1558 2224 1622 alterutro
2277 1567 2485 1635 orent,
2536 1556 2652 1621 lex
2705 1555 2945 1639 defigit

344 1674 357 1683 ‘
415 1668 495 1717 10
518 1657 831 1736 caritatiS‚
874 1678 997 1722 nec
1041 1659 1218 1723 enim
1264 1680 1583 1743 umquam
1621 1681 1809 1725 orare
1855 1662 2185 1744 patiemur
2228 1682 2350 1745 pro
2409 1659 2536 1724 illis
2581 1681 2750 1744 quos
2802 1680 2952 1736 non⁸

518 1759 875 1843 diligimus,
966 1761 1162 1825 simul
1194 1771 1261 1827 et
1304 1764 1571 1828 instruit
1608 1785 1733 1828 nos
1772 1765 2063 1849 idipsum
2105 1767 2310 1832 etiam
2357 1767 2445 1833 ab
2490 1765 2777 1831 inuicem
2823 1764 2943 1829 de-

521 1863 678 1928 bere
707 1863 1130 1947 depostulare
1161 1872 1229 1929 et
1259 1848 1476 1930 facere
1506 1886 1629 1949 pro
1659 1865 1993 1933 alterutro,

649 2020 936 2086 salutate
943 2021 1210 2104 fratres
1234 2043 1453 2088 omnes
1480 2024 1555 2089 in
1583 2024 1792 2090 osculo
1818 2034 2056 2091 sancto·

648 2159 894 2223 deinde
924 2167 992 2222 et
1023 2159 1361 2242 praecepit
1392 2159 1486 2223 eis
1517 2179 1752 2223 omnes
1784 2159 2019 2224 fratres
2050 2159 2342 2225 salutare
2363 2161 2434 2225 in
2463 2162 2672 2227 osculo
2699 2170 2938 2239 sancto,

416 2270 485 2336 15
518 2265 535 2292 ‘
559 2269 861 2324 sanctum
893 2261 1227 2325 osculum'
1260 2262 1486 2325 dicens
1518 2263 1698 2346 quod
1732 2283 1884 2326 cum
1916 2262 2211 2346 perfecta
2241 2264 2521 2328 efficitur
2549 2265 2845 2330 caritate.

648 2426 884 2491 adiuro
928 2448 1041 2492 uos
1069 2439 1195 2511 per
1235 2427 1615 2508 Dominum,
1647 2439 1727 2493 ut
1771 2428 2032 2512 legatur
2068 2430 2333 2512 epistola
2376 2430 2671 2495 omnibus
2697 2431 2943 2496 sanctis

496 2529 861 2612 fratribus.

649 2670 929 2748 adiurat,
983 2680 1056 2734 ut
1105 2669 1391 2754 epistola
1437 2670 1750 2734 omnibus
1804 2669 2066 2754 legatur
2113 2671 2364 2735 sanctis
2415 2669 2744 2745 fratribus,
2795 2686 2939 2730 sus-

516 2774 750 2855 picans
798 2794 888 2837 ex
937 2772 1266 2856 aliquibus
1311 2792 1484 2856 quae
1527 2772 1652 2836 sibi
1699 2772 1959 2836 fuerant
2005 2771 2247 2850 delata,
2302 2772 2618 2856 quoniam
2666 2791 2798 2833 non
2848 2771 2934 2833 ad

407 2887 492 2936 20
518 2877 817 2941 omnium
851 2877 1159 2940 notitiam
1192 2876 1439 2958 scripta
1468 2876 1608 2939 eius
1641 2875 2068 2942 deferrentur.
2160 2887 2228 2942 et
2258 2886 2412 2961 post
2443 2876 2569 2941 hoc
2599 2876 2896 2940 adiciens
2923 2899 2937 2940 ε

638 3038 875 3121 gratia
903 3037 1162 3102 domini
1185 3037 1400 3102 nostri
1422 3036 1571 3101 Iesu
1606 3037 1863 3104 Christi
1888 3039 2226 3104 uobiscum.
2316 3061 2520 3104 amen.

652 3196 1154 3242 consummasse
1184 3176 1450 3241 uidetur
1480 3174 1854 3259 epistolam.

617 3387 649 3431 4
683 3383 769 3418 eos
793 3365 909 3431 (for
926 3364 1036 3429 uos)
1066 3364 1142 3416 C*
1166 3366 1236 3416 H
1254 3364 1263 3431 Ι
1290 3374 1342 3416 et
1366 3366 1465 3431 (ast
1481 3365 1587 3431 qui)
1612 3366 1718 3415 add
1738 3366 1781 3416 C
1801 3366 1949 3428 (corr)
2019 3366 2170 3416 etiam
2192 3365 2298 3415 add
2311 3383 2344 3416 r

1342 3463 1406 3498 20
1437 3448 1721 3497 deserentur
1747 3448 1827 3498 C*

517 3450 632 3499 Ην
819 3464 877 3513 19
910 3448 1106 3498 delatae
1129 3464 1162 3496 r

2521 3381 2582 3417 10
2614 3366 2870 3417 caritatem
2898 3367 2941 3416 C

2006 3462 2063 3496 21
2103 3448 2217 3497 Iesu
2241 3448 2365 3497 Chr.
2389 3464 2466 3497 om
2490 3448 2560 3496 H
2725 3463 2784 3497 22
2819 3463 2937 3498 con·

521 3531 739 3582 firmasse
763 3530 877 3595 (for
894 3527 1280 3594 consummasse)
1303 3530 1370 3579 H
1429 3530 1526 3581 hoc
1548 3532 1684 3581 enim
1713 3532 1868 3581 uerbo
1899 3546 2033 3580 cons·
2061 3531 2318 3595 apostolus
2342 3531 2541 3606 uidetur
2568 3546 2708 3604 sii—am
2739 3547 2819 3596 ep.
2845 3548 2877 3580 r
2902 3529 2912 3595 Ι

519 3612 725 3676 explicit
756 3611 969 3675 epistola
1000 3612 1064 3660 ad
1098 3611 1540 3660 thessalonicenses
1573 3611 1737 3676 prima
1758 3611 1934 3676 incipit
1956 3618 2304 3675 argumentum
2326 3611 2379 3661 in
2411 3613 2526 3677 epla
2553 3612 2673 3660 seda
2705 3610 2771 3659 ad
2806 3609 2936 3660 thes-

519 3695 851 3769 salonicenses
885 3695 985 3759 (ast
1016 3694 1298 3758 epistolam)
1334 3693 1438 3742 add
1470 3692 1516 3742 C
1536 3690 1682 3757 (corr)

519 3780 723 3830 eosdem
746 3778 813 3826 H

498 3925 513 3938 ’
589 3959 637 4007 3.
704 3948 766 3992 ut
780 3941 1122 4005 non...adicit]
1154 3940 1423 3992 Ianfranc.

588 4039 635 4086 5.
702 4024 1104 4085 uerus1=uerax.
1144 4024 1337 4075 Thdt.:
1372 4025 1429 4073 τὸ
1463 4024 1681 4074 πιστὸς

518 4104 630 4158 α’ντὶ
651 4105 741 4157 τοῦ
762 4104 964 4166 ἀληθής.
1658 4130 1667 4141 ·

592 4205 668 4240 10.
702 4188 941 4249 caritatis]
957 4190 981 4237 1
996 4188 1125 4238 have
1137 4189 1359 4253 adopted
1373 4189 1449 4238 Dr
1460 4187 1681 4253 Jacobi’s

521 4269 816 4326 correction,
861 4268 1027 4318 which
1081 4268 1166 4318 the
1221 4284 1364 4319 sense
1416 4284 1577 4319 seems
1621 4275 1676 4319 to

522 4350 732 4416 require.
799 4349 911 4399 The
934 4349 1141 4415 reading
1167 4350 1226 4400 os
1253 4350 1340 4400 the
1373 4350 1529 4400 MSS.
1560 4364 1678 4413 may

519 4433 650 4483 have
704 4430 985 4496 originated
1027 4431 1080 4480 in
1136 4431 1222 4481 the
1275 4431 1452 4481 failure
1506 4430 1565 4480 of
1592 4430 1679 4483 the

522 4516 741 4582 copyists
763 4522 816 4565 to
839 4514 1144 4564 understand
1166 4514 1331 4579 dqfigit
1350 4513 1556 4563 intrans.

1762 3693 1965 3759 explicit
1999 3693 2064 3742 ad
2099 3692 2272 3743 thesal.
2321 3709 2364 3743 ι.
2403 3693 2578 3759 incipit
2610 3691 2828 3743 secunda
2869 3692 2936 3741 ad

1851 3952 1928 4003 15.
1964 3945 2219 3991 ‘sanctum
2239 3938 2348 3991 osc-³
2361 3940 2546 4002 dicens]
2569 3940 2695 3990 This
2708 3956 2766 3990 or
2781 3957 2812 3991 a
2824 3939 2934 3991 kin-

1779 4023 1905 4074 dred
1925 4030 2177 4074 comment
2199 4024 2241 4072 is
2257 4022 2413 4072 found
2430 4022 2483 4070 in
2498 4021 2746 4073 Cramer‘s
2761 4030 2937 4073 catena

1781 4103 1868 4169 (vi.
1894 4105 2212 4169 374=Coisl.
2239 4119 2352 4166 204,
2372 4104 2406 4153 f.
2428 4101 2519 4165 176
2533 4101 2618 4167 b):
2640 4100 2780 4165 ἅγιον
2802 4104 2934 4166 λέγει

1779 4185 1837 4235 τὸ
1852 4187 1979 4245 μετὰ
1999 4187 2202 4248 γνησίας
2223 4183 2309 4245 τῆς
2333 4182 2532 4246 ἀγάπης
2551 4185 2810 4245 γινόμενον.
2853 4186 2933 4235 Cf.

1778 4270 1926 4321 Oce-z
1951 4270 2023 4318 ἔνι
2034 4268 2131 4333 γὰρ
2155 4271 2232 4319 καὶ
2258 4264 2470 4331 ὅολερὸν,
2499 4269 2560 4319 ὡς
2581 4270 2638 4318 τὸ
2661 4270 2747 4317 τοῦ
2762 4267 2933 4322 Ἰούδα.

1851 4353 1925 4402 18.
1987 4351 2260 4416 suspicans]
2283 4351 2470 4401 Thdt.:
2494 4353 2617 4402 εἰκὸς
2637 4349 2731 4414 ’γὰρ
2753 4349 2813 4411 ἦν
2831 4355 2939 4403 τοὺς

1780 4433 1994 4496 πρώτους
2009 4434 2098 4493 τὴν
2121 4431 2387 4492 ἐπιστολὴν
2401 4433 2672 4494 δεξαμένους
2692 4432 2763 4493 μὴ
2784 4433 2935 4483 πᾶσιν

1781 4514 1963 4575 ταύτην
1987 4514 2345 4578 προσενεγκεῖν.
