<?xml version="1.0" encoding="UTF-8"?>
<!DOCTYPE html PUBLIC "-//W3C//DTD XHTML 1.0 Transitional//EN"
    "http://www.w3.org/TR/xhtml1/DTD/xhtml1-transitional.dtd">
<html xmlns="http://www.w3.org/1999/xhtml" xml:lang="en" lang="en">
 <head>
  <title>
</title>
<meta http-equiv="Content-Type" content="text/html;charset=utf-8" />
  <meta name='ocr-system' content='tesseract 3.04.00' />
  <meta name='ocr-capabilities' content='ocr_page ocr_carea ocr_par ocr_line ocrx_word'/>
</head>
<body>
  <div class='ocr_page' id='page_1' title='image "./theodoriepiscop02swetgoog_0203.png"; bbox 0 0 3221 5116; ppageno 0'>
   <div class='ocr_carea' id='block_1_1' title="bbox 489 423 2282 496">
    <p class='ocr_par' dir='ltr' id='par_1_1' title="bbox 489 423 2282 496">
     <span class='ocr_line' id='line_1_1' title="bbox 489 423 2282 496; baseline 0 -18"><span class='ocrx_word' id='word_1_1' title='bbox 489 429 613 496; x_wconf 83' lang='lat'><strong>192</strong></span> <span class='ocrx_word' id='word_1_2' title='bbox 1193 425 1649 479; x_wconf 86' lang='lat' dir='ltr'><strong>THEODORUS</strong></span> <span class='ocrx_word' id='word_1_3' title='bbox 1697 423 2282 480; x_wconf 86' lang='lat' dir='ltr'><strong>MOPSUESTENUS</strong></span> 
     </span>
    </p>
   </div>
   <div class='ocr_carea' id='block_1_2' title="bbox 373 584 2910 2544">
    <p class='ocr_par' dir='ltr' id='par_1_2' title="bbox 373 584 2910 2544">
     <span class='ocr_line' id='line_1_2' title="bbox 483 584 2908 683; baseline 0.003 -24"><span class='ocrx_word' id='word_1_4' title='bbox 483 616 620 660; x_wconf 90' lang='lat' dir='ltr'><strong>non</strong></span> <span class='ocrx_word' id='word_1_5' title='bbox 679 596 1003 662; x_wconf 89' lang='lat' dir='ltr'><strong>incertum</strong></span> <span class='ocrx_word' id='word_1_6' title='bbox 1063 604 1169 662; x_wconf 92' lang='lat' dir='ltr'><strong>est</strong></span> <span class='ocrx_word' id='word_1_7' title='bbox 1224 597 1542 680; x_wconf 90' lang='lat' dir='ltr'><strong>quoniam</strong></span> <span class='ocrx_word' id='word_1_8' title='bbox 1595 599 2000 683; x_wconf 90' lang='lat' dir='ltr'><strong>ubicumque</strong></span> <span class='ocrx_word' id='word_1_9' title='bbox 2057 609 2222 665; x_wconf 89' lang='lat' dir='ltr'><strong>tunc</strong></span> <span class='ocrx_word' id='word_1_10' title='bbox 2266 599 2666 665; x_wconf 84' lang='lat' dir='ltr'>Timotheus</span> <span class='ocrx_word' id='word_1_11' title='bbox 2717 584 2908 666; x_wconf 52' lang='lat' dir='ltr'><strong>comss</strong></span> 
     </span>
     <span class='ocr_line' id='line_1_3' title="bbox 486 689 2904 783; baseline 0.002 -21"><span class='ocrx_word' id='word_1_12' title='bbox 486 699 886 777; x_wconf 87' lang='lat' dir='ltr'><strong>morabatur,</strong></span> <span class='ocrx_word' id='word_1_13' title='bbox 936 720 1059 783; x_wconf 94' lang='lat' dir='ltr'><strong>pro</strong></span> <span class='ocrx_word' id='word_1_14' title='bbox 1094 698 1444 764; x_wconf 89' lang='lat' dir='ltr'><strong>uoluntate</strong></span> <span class='ocrx_word' id='word_1_15' title='bbox 1480 701 1661 766; x_wconf 91' lang='lat' dir='ltr'><strong>beati</strong></span> <span class='ocrx_word' id='word_1_16' title='bbox 1701 702 1891 766; x_wconf 90' lang='lat' dir='ltr'><strong>Pauli</strong></span> <span class='ocrx_word' id='word_1_17' title='bbox 1932 703 2020 768; x_wconf 89' lang='lat' dir='ltr'><strong>ab</strong></span> <span class='ocrx_word' id='word_1_18' title='bbox 2061 702 2343 767; x_wconf 81' lang='lat' dir='ltr'><strong>aliorum</strong></span> <span class='ocrx_word' id='word_1_19' title='bbox 2390 703 2680 768; x_wconf 88' lang='lat' dir='ltr'><strong>utilitate</strong></span> <span class='ocrx_word' id='word_1_20' title='bbox 2719 689 2904 767; x_wconf 44' lang='lat' dir='ltr'><strong>com-¹</strong></span> 
     </span>
     <span class='ocr_line' id='line_1_4' title="bbox 485 802 2898 888; baseline 0.002 -23"><span class='ocrx_word' id='word_1_21' title='bbox 485 802 887 867; x_wconf 85' lang='lat' dir='ltr'><strong>morabatur.</strong></span> <span class='ocrx_word' id='word_1_22' title='bbox 973 822 1131 866; x_wconf 90' lang='lat' dir='ltr'><strong>narn</strong></span> <span class='ocrx_word' id='word_1_23' title='bbox 1179 823 1303 866; x_wconf 89' lang='lat' dir='ltr'><strong>nec</strong></span> <span class='ocrx_word' id='word_1_24' title='bbox 1348 812 1491 867; x_wconf 90' lang='lat' dir='ltr'><strong>erat</strong></span> <span class='ocrx_word' id='word_1_25' title='bbox 1537 805 1856 886; x_wconf 91' lang='lat' dir='ltr'><strong>possibile</strong></span> <span class='ocrx_word' id='word_1_26' title='bbox 1902 805 2285 888; x_wconf 85' lang='lat' dir='ltr'><strong>apostolum</strong></span> <span class='ocrx_word' id='word_1_27' title='bbox 2327 806 2428 870; x_wconf 88' lang='lat' dir='ltr'><strong>sic</strong></span> <span class='ocrx_word' id='word_1_28' title='bbox 2472 806 2762 870; x_wconf 91' lang='lat' dir='ltr'><strong>scribere</strong></span> <span class='ocrx_word' id='word_1_29' title='bbox 2809 806 2898 870; x_wconf 92' lang='lat' dir='ltr'><strong>ad</strong></span> 
     </span>
     <span class='ocr_line' id='line_1_5' title="bbox 483 906 2902 993; baseline 0.001 -24"><span class='ocrx_word' id='word_1_30' title='bbox 483 923 656 985; x_wconf 90' lang='lat' dir='ltr'><strong>eum,</strong></span> <span class='ocrx_word' id='word_1_31' title='bbox 688 906 758 970; x_wconf 92' lang='lat' dir='ltr'><strong>in</strong></span> <span class='ocrx_word' id='word_1_32' title='bbox 788 906 1028 990; x_wconf 88' lang='lat' dir='ltr'><strong>quibus</strong></span> <span class='ocrx_word' id='word_1_33' title='bbox 1059 906 1362 972; x_wconf 84' lang='lat' dir='ltr'><strong>laudaret</strong></span> <span class='ocrx_word' id='word_1_34' title='bbox 1386 929 1545 971; x_wconf 86' lang='lat' dir='ltr'><strong>eum</strong></span> <span class='ocrx_word' id='word_1_35' title='bbox 1577 917 1647 973; x_wconf 91' lang='lat' dir='ltr'><strong>et</strong></span> <span class='ocrx_word' id='word_1_36' title='bbox 1677 929 1848 991; x_wconf 92' lang='lat' dir='ltr'><strong>opus</strong></span> <span class='ocrx_word' id='word_1_37' title='bbox 1879 910 2019 973; x_wconf 88' lang='lat' dir='ltr'><strong>eius</strong></span> <span class='ocrx_word' id='word_1_38' title='bbox 2051 911 2373 992; x_wconf 89' lang='lat' dir='ltr'><strong>reciperet</strong></span> <span class='ocrx_word' id='word_1_39' title='bbox 2404 919 2473 974; x_wconf 93' lang='lat' dir='ltr'><strong>et</strong></span> <span class='ocrx_word' id='word_1_40' title='bbox 2504 910 2592 973; x_wconf 91' lang='lat' dir='ltr'><strong>de</strong></span> <span class='ocrx_word' id='word_1_41' title='bbox 2622 907 2902 993; x_wconf 89' lang='lat' dir='ltr'><strong>singulis</strong></span> 
     </span>
     <span class='ocr_line' id='line_1_6' title="bbox 373 1009 2902 1095; baseline 0.001 -22"><span class='ocrx_word' id='word_1_42' title='bbox 373 1025 407 1093; x_wconf 81' lang='grc'><strong>5</strong></span> <span class='ocrx_word' id='word_1_43' title='bbox 483 1027 657 1090; x_wconf 89' lang='lat' dir='ltr'><strong>quae</strong></span> <span class='ocrx_word' id='word_1_44' title='bbox 686 1030 843 1093; x_wconf 87' lang='lat' dir='ltr'><strong>erga</strong></span> <span class='ocrx_word' id='word_1_45' title='bbox 873 1009 1062 1074; x_wconf 86' lang='lat' dir='ltr'><strong>illurn</strong></span> <span class='ocrx_word' id='word_1_46' title='bbox 1096 1019 1286 1074; x_wconf 88' lang='lat' dir='ltr'><strong>erant</strong></span> <span class='ocrx_word' id='word_1_47' title='bbox 1316 1010 1779 1089; x_wconf 80' lang='lat' dir='ltr'><strong>adfectaretur,</strong></span> <span class='ocrx_word' id='word_1_48' title='bbox 1812 1012 1867 1074; x_wconf 92' lang='lat' dir='ltr'><strong>si</strong></span> <span class='ocrx_word' id='word_1_49' title='bbox 1899 1021 2132 1076; x_wconf 89' lang='lat' dir='ltr'><strong>contra</strong></span> <span class='ocrx_word' id='word_1_50' title='bbox 2161 1011 2579 1077; x_wconf 85' lang='lat' dir='ltr'><strong>uoluntatem</strong></span> <span class='ocrx_word' id='word_1_51' title='bbox 2612 1012 2902 1095; x_wconf 88' lang='lat' dir='ltr'><strong>apostoli</strong></span> 
     </span>
     <span class='ocr_line' id='line_1_7' title="bbox 485 1113 2904 1199; baseline 0 -21"><span class='ocrx_word' id='word_1_52' title='bbox 485 1113 863 1197; x_wconf 88' lang='lat' dir='ltr'><strong>relinquens</strong></span> <span class='ocrx_word' id='word_1_53' title='bbox 900 1135 1052 1179; x_wconf 90' lang='lat' dir='ltr'><strong>eurn</strong></span> <span class='ocrx_word' id='word_1_54' title='bbox 1092 1115 1237 1179; x_wconf 89' lang='lat' dir='ltr'><strong>aliis</strong></span> <span class='ocrx_word' id='word_1_55' title='bbox 1282 1115 1445 1179; x_wconf 87' lang='lat' dir='ltr'><strong>locis</strong></span> <span class='ocrx_word' id='word_1_56' title='bbox 1485 1116 1601 1180; x_wconf 90' lang='lat' dir='ltr'><strong>ubi</strong></span> <span class='ocrx_word' id='word_1_57' title='bbox 1637 1115 1765 1180; x_wconf 87' lang='lat' dir='ltr'>sibi</span> <span class='ocrx_word' id='word_1_58' title='bbox 1813 1114 2136 1199; x_wconf 89' lang='lat' dir='ltr'><strong>placitum</strong></span> <span class='ocrx_word' id='word_1_59' title='bbox 2190 1115 2407 1181; x_wconf 85' lang='lat' dir='ltr'><strong>suerat</strong></span> <span class='ocrx_word' id='word_1_60' title='bbox 2446 1116 2678 1180; x_wconf 85' lang='lat' dir='ltr'><strong>suisset</strong></span> <span class='ocrx_word' id='word_1_61' title='bbox 2718 1136 2904 1180; x_wconf 90' lang='lat' dir='ltr'><strong>corn-</strong></span> 
     </span>
     <span class='ocr_line' id='line_1_8' title="bbox 487 1217 2899 1301; baseline 0.001 -21"><span class='ocrx_word' id='word_1_62' title='bbox 487 1225 800 1282; x_wconf 79' lang='lat' dir='ltr'><strong>moratus,</strong></span> <span class='ocrx_word' id='word_1_63' title='bbox 888 1217 1116 1282; x_wconf 90' lang='lat' dir='ltr'><strong>scribit</strong></span> <span class='ocrx_word' id='word_1_64' title='bbox 1157 1218 1360 1301; x_wconf 88' lang='lat' dir='ltr'><strong>igitur</strong></span> <span class='ocrx_word' id='word_1_65' title='bbox 1406 1219 1498 1283; x_wconf 86' lang='lat' dir='ltr'><strong>ad</strong></span> <span class='ocrx_word' id='word_1_66' title='bbox 1538 1237 1696 1282; x_wconf 89' lang='lat' dir='ltr'><strong>eum</strong></span> <span class='ocrx_word' id='word_1_67' title='bbox 1741 1217 1917 1281; x_wconf 89' lang='lat' dir='ltr'><strong>hanc</strong></span> <span class='ocrx_word' id='word_1_68' title='bbox 1963 1218 2338 1301; x_wconf 87' lang='lat' dir='ltr'><strong>epistolam.</strong></span> <span class='ocrx_word' id='word_1_69' title='bbox 2427 1238 2562 1283; x_wconf 91' lang='lat' dir='ltr'><strong>non</strong></span> <span class='ocrx_word' id='word_1_70' title='bbox 2609 1219 2779 1283; x_wconf 90' lang='lat' dir='ltr'><strong>sicut</strong></span> <span class='ocrx_word' id='word_1_71' title='bbox 2831 1219 2899 1283; x_wconf 88' lang='lat' dir='ltr'><strong>in</strong></span> 
     </span>
     <span class='ocr_line' id='line_1_9' title="bbox 484 1320 2904 1408; baseline 0.002 -25"><span class='ocrx_word' id='word_1_72' title='bbox 484 1320 699 1403; x_wconf 90' lang='lat' dir='ltr'><strong>prima</strong></span> <span class='ocrx_word' id='word_1_73' title='bbox 738 1322 1001 1387; x_wconf 90' lang='lat' dir='ltr'><strong>instruit</strong></span> <span class='ocrx_word' id='word_1_74' title='bbox 1038 1343 1191 1388; x_wconf 89' lang='lat' dir='ltr'><strong>eum</strong></span> <span class='ocrx_word' id='word_1_75' title='bbox 1233 1323 1806 1407; x_wconf 87' lang='lat' dir='ltr'><strong>quemadmodum</strong></span> <span class='ocrx_word' id='word_1_76' title='bbox 1860 1324 2246 1387; x_wconf 90' lang='lat' dir='ltr'><strong>conueniret</strong></span> <span class='ocrx_word' id='word_1_77' title='bbox 2287 1344 2440 1387; x_wconf 90' lang='lat' dir='ltr'><strong>eum</strong></span> <span class='ocrx_word' id='word_1_78' title='bbox 2491 1323 2576 1387; x_wconf 94' lang='lat' dir='ltr'><strong>de</strong></span> <span class='ocrx_word' id='word_1_79' title='bbox 2621 1321 2904 1408; x_wconf 87' lang='lat' dir='ltr'><strong>singulis</strong></span> 
     </span>
     <span class='ocr_line' id='line_1_10' title="bbox 484 1423 2903 1509; baseline 0.002 -23"><span class='ocrx_word' id='word_1_80' title='bbox 484 1423 613 1487; x_wconf 91' lang='lat' dir='ltr'><strong>illis</strong></span> <span class='ocrx_word' id='word_1_81' title='bbox 657 1423 872 1489; x_wconf 86' lang='lat' dir='ltr'><strong>facere</strong></span> <span class='ocrx_word' id='word_1_82' title='bbox 916 1446 1089 1509; x_wconf 85' lang='lat' dir='ltr'><strong>quae</strong></span> <span class='ocrx_word' id='word_1_83' title='bbox 1132 1425 1221 1490; x_wconf 87' lang='lat' dir='ltr'><strong>ad</strong></span> <span class='ocrx_word' id='word_1_84' title='bbox 1273 1446 1632 1491; x_wconf 88' lang='lat' dir='ltr'><strong>commune</strong></span> <span class='ocrx_word' id='word_1_85' title='bbox 1684 1435 2149 1490; x_wconf 85' lang='lat' dir='ltr'><strong>ornamentum</strong></span> <span class='ocrx_word' id='word_1_86' title='bbox 2211 1425 2530 1491; x_wconf 88' lang='lat' dir='ltr'><strong>ecclesiae</strong></span> <span class='ocrx_word' id='word_1_87' title='bbox 2588 1435 2903 1509; x_wconf 89' lang='lat' dir='ltr'><strong>poterant</strong></span> 
     </span>
     <span class='ocr_line' id='line_1_11' title="bbox 379 1527 2903 1615; baseline -0.002 -18"><span class='ocrx_word' id='word_1_88' title='bbox 379 1550 459 1597; x_wconf 92' lang='lat'><strong>10</strong></span> <span class='ocrx_word' id='word_1_89' title='bbox 485 1528 857 1611; x_wconf 80' lang='lat' dir='ltr'><strong>pertinere3</strong></span> <span class='ocrx_word' id='word_1_90' title='bbox 915 1532 1033 1595; x_wconf 90' lang='lat' dir='ltr'><strong>sed</strong></span> <span class='ocrx_word' id='word_1_91' title='bbox 1087 1531 1278 1614; x_wconf 86' lang='lat' dir='ltr'><strong>quasi</strong></span> <span class='ocrx_word' id='word_1_92' title='bbox 1326 1530 1441 1615; x_wconf 87' lang='lat' dir='ltr'><strong>qui</strong></span> <span class='ocrx_word' id='word_1_93' title='bbox 1481 1530 1883 1595; x_wconf 84' lang='lat' dir='ltr'><strong>sufficienter</strong></span> <span class='ocrx_word' id='word_1_94' title='bbox 1929 1551 2083 1594; x_wconf 90' lang='lat' dir='ltr'><strong>eum</strong></span> <span class='ocrx_word' id='word_1_95' title='bbox 2122 1530 2194 1594; x_wconf 84' lang='lat' dir='ltr'><strong>in</strong></span> <span class='ocrx_word' id='word_1_96' title='bbox 2241 1530 2457 1613; x_wconf 79' lang='lat' dir='ltr'><strong>prima</strong></span> <span class='ocrx_word' id='word_1_97' title='bbox 2494 1527 2777 1612; x_wconf 90' lang='lat' dir='ltr'><strong>epistola</strong></span> <span class='ocrx_word' id='word_1_98' title='bbox 2812 1530 2903 1593; x_wconf 91' lang='lat' dir='ltr'><strong>de</strong></span> 
     </span>
     <span class='ocr_line' id='line_1_12' title="bbox 484 1631 2910 1717; baseline -0.002 -18"><span class='ocrx_word' id='word_1_99' title='bbox 484 1632 794 1700; x_wconf 89' lang='lat' dir='ltr'><strong>omnibus</strong></span> <span class='ocrx_word' id='word_1_100' title='bbox 826 1635 1232 1700; x_wconf 87' lang='lat' dir='ltr'><strong>instruxerat</strong></span> <span class='ocrx_word' id='word_1_101' title='bbox 1262 1655 1434 1717; x_wconf 92' lang='lat' dir='ltr'><strong>quae</strong></span> <span class='ocrx_word' id='word_1_102' title='bbox 1464 1654 1618 1698; x_wconf 90' lang='lat' dir='ltr'><strong>eum</strong></span> <span class='ocrx_word' id='word_1_103' title='bbox 1652 1635 1882 1698; x_wconf 82' lang='lat' dir='ltr'><strong>instrui</strong></span> <span class='ocrx_word' id='word_1_104' title='bbox 1913 1633 2375 1709; x_wconf 85' lang='lat' dir='ltr'><strong>conueniebat,</strong></span> <span class='ocrx_word' id='word_1_105' title='bbox 2405 1632 2579 1697; x_wconf 89' lang='lat' dir='ltr'><strong>hanc</strong></span> <span class='ocrx_word' id='word_1_106' title='bbox 2625 1631 2713 1697; x_wconf 92' lang='lat' dir='ltr'><strong>ad</strong></span> <span class='ocrx_word' id='word_1_107' title='bbox 2744 1653 2910 1702; x_wconf 72' lang='lat' dir='ltr'><strong>eum,</strong></span> 
     </span>
     <span class='ocr_line' id='line_1_13' title="bbox 485 1734 2901 1820; baseline -0 -21"><span class='ocrx_word' id='word_1_108' title='bbox 485 1736 641 1802; x_wconf 85' lang='lat' dir='ltr'><strong>fecit</strong></span> <span class='ocrx_word' id='word_1_109' title='bbox 671 1738 1042 1820; x_wconf 88' lang='lat' dir='ltr'><strong>epistolam,</strong></span> <span class='ocrx_word' id='word_1_110' title='bbox 1076 1736 1422 1801; x_wconf 89' lang='lat' dir='ltr'><strong>consilium</strong></span> <span class='ocrx_word' id='word_1_111' title='bbox 1455 1736 1624 1801; x_wconf 88' lang='lat' dir='ltr'><strong>dans</strong></span> <span class='ocrx_word' id='word_1_112' title='bbox 1655 1737 1717 1800; x_wconf 77' lang='lat' dir='ltr'><strong>e‘i</strong></span> <span class='ocrx_word' id='word_1_113' title='bbox 1748 1735 2076 1819; x_wconf 90' lang='lat' dir='ltr'><strong>simulque</strong></span> <span class='ocrx_word' id='word_1_114' title='bbox 2108 1745 2176 1800; x_wconf 89' lang='lat' dir='ltr'><strong>et</strong></span> <span class='ocrx_word' id='word_1_115' title='bbox 2215 1734 2701 1820; x_wconf 85' lang='lat' dir='ltr'><strong>†commonens</strong></span> <span class='ocrx_word' id='word_1_116' title='bbox 2743 1746 2901 1798; x_wconf 82' lang='lat' dir='ltr'><strong>eum&#39;</strong></span> 
     </span>
     <span class='ocr_line' id='line_1_14' title="bbox 484 1837 2902 1923; baseline -0.002 -19"><span class='ocrx_word' id='word_1_117' title='bbox 484 1849 562 1904; x_wconf 93' lang='lat' dir='ltr'><strong>ut</strong></span> <span class='ocrx_word' id='word_1_118' title='bbox 605 1860 758 1905; x_wconf 92' lang='lat' dir='ltr'><strong>cum</strong></span> <span class='ocrx_word' id='word_1_119' title='bbox 805 1861 1070 1904; x_wconf 89' lang='lat' dir='ltr'><strong>summa</strong></span> <span class='ocrx_word' id='word_1_120' title='bbox 1105 1839 1449 1923; x_wconf 84' lang='lat' dir='ltr'><strong>diligentia</strong></span> <span class='ocrx_word' id='word_1_121' title='bbox 1486 1861 1567 1904; x_wconf 92' lang='lat' dir='ltr'><strong>ea</strong></span> <span class='ocrx_word' id='word_1_122' title='bbox 1610 1859 1785 1922; x_wconf 87' lang='lat' dir='ltr'><strong>quae</strong></span> <span class='ocrx_word' id='word_1_123' title='bbox 1820 1839 1906 1903; x_wconf 93' lang='lat' dir='ltr'><strong>ad</strong></span> <span class='ocrx_word' id='word_1_124' title='bbox 1949 1837 2229 1903; x_wconf 89' lang='lat' dir='ltr'><strong>aliorum</strong></span> <span class='ocrx_word' id='word_1_125' title='bbox 2278 1840 2613 1922; x_wconf 85' lang='lat' dir='ltr'><strong>pertinent</strong></span> <span class='ocrx_word' id='word_1_126' title='bbox 2652 1837 2902 1903; x_wconf 89' lang='lat' dir='ltr'><strong>utilita-</strong></span> 
     </span>
     <span class='ocr_line' id='line_1_15' title="bbox 483 1940 2899 2027; baseline -0.001 -21"><span class='ocrx_word' id='word_1_127' title='bbox 483 1950 624 2007; x_wconf 89' lang='lat' dir='ltr'><strong>tem</strong></span> <span class='ocrx_word' id='word_1_128' title='bbox 673 1943 1024 2027; x_wconf 86' lang='lat' dir='ltr'><strong>expediret</strong></span> <span class='ocrx_word' id='word_1_129' title='bbox 1068 1964 1221 2007; x_wconf 90' lang='lat' dir='ltr'><strong>cum</strong></span> <span class='ocrx_word' id='word_1_130' title='bbox 1275 1943 1458 2006; x_wconf 91' lang='lat' dir='ltr'><strong>omni</strong></span> <span class='ocrx_word' id='word_1_131' title='bbox 1503 1941 1848 2006; x_wconf 87' lang='lat' dir='ltr'><strong>alacritate</strong></span> <span class='ocrx_word' id='word_1_132' title='bbox 1867 1962 1887 2020; x_wconf 65' lang='grc' dir='ltr'><strong><em>ς</em></strong></span> <span class='ocrx_word' id='word_1_133' title='bbox 1953 1950 2021 2006; x_wconf 89' lang='lat' dir='ltr'><strong>et</strong></span> <span class='ocrx_word' id='word_1_134' title='bbox 2064 1951 2141 2006; x_wconf 93' lang='lat' dir='ltr'><strong>ut</strong></span> <span class='ocrx_word' id='word_1_135' title='bbox 2185 1963 2307 2024; x_wconf 93' lang='lat' dir='ltr'><strong>pro</strong></span> <span class='ocrx_word' id='word_1_136' title='bbox 2361 1942 2506 2024; x_wconf 92' lang='lat' dir='ltr'><strong>ipsa</strong></span> <span class='ocrx_word' id='word_1_137' title='bbox 2558 1940 2899 2024; x_wconf 87' lang='lat' dir='ltr'><strong>praedica·</strong></span> 
     </span>
     <span class='ocr_line' id='line_1_16' title="bbox 379 2041 2899 2130; baseline -0.002 -16"><span class='ocrx_word' id='word_1_138' title='bbox 379 2062 451 2130; x_wconf 82' lang='lat'><strong>15</strong></span> <span class='ocrx_word' id='word_1_139' title='bbox 486 2045 669 2110; x_wconf 86' lang='lat' dir='ltr'><strong>tione</strong></span> <span class='ocrx_word' id='word_1_140' title='bbox 709 2047 931 2125; x_wconf 85' lang='lat' dir='ltr'><strong>etiam,</strong></span> <span class='ocrx_word' id='word_1_141' title='bbox 973 2045 1030 2110; x_wconf 86' lang='lat' dir='ltr'><strong>si</strong></span> <span class='ocrx_word' id='word_1_142' title='bbox 1070 2065 1176 2110; x_wconf 92' lang='lat' dir='ltr'><strong>res</strong></span> <span class='ocrx_word' id='word_1_143' title='bbox 1219 2046 1456 2129; x_wconf 86' lang='lat' dir='ltr'><strong>exigit,</strong></span> <span class='ocrx_word' id='word_1_144' title='bbox 1487 2065 1614 2110; x_wconf 90' lang='lat' dir='ltr'><strong>nec</strong></span> <span class='ocrx_word' id='word_1_145' title='bbox 1657 2044 1966 2128; x_wconf 90' lang='lat' dir='ltr'><strong>periculis</strong></span> <span class='ocrx_word' id='word_1_146' title='bbox 2002 2064 2074 2108; x_wconf 88' lang='lat' dir='ltr'><strong>se</strong></span> <span class='ocrx_word' id='word_1_147' title='bbox 2119 2044 2458 2109; x_wconf 88' lang='lat' dir='ltr'><strong>dubitaret</strong></span> <span class='ocrx_word' id='word_1_148' title='bbox 2501 2041 2899 2108; x_wconf 52' lang='lat' dir='ltr'><strong>obiectare?</strong></span> 
     </span>
     <span class='ocr_line' id='line_1_17' title="bbox 484 2146 2900 2233; baseline -0.001 -20"><span class='ocrx_word' id='word_1_149' title='bbox 484 2170 641 2233; x_wconf 89' lang='lat' dir='ltr'><strong>nam</strong></span> <span class='ocrx_word' id='word_1_150' title='bbox 692 2157 760 2213; x_wconf 90' lang='lat' dir='ltr'><strong>et</strong></span> <span class='ocrx_word' id='word_1_151' title='bbox 805 2148 1093 2232; x_wconf 91' lang='lat' dir='ltr'><strong>plurima</strong></span> <span class='ocrx_word' id='word_1_152' title='bbox 1143 2169 1296 2232; x_wconf 90' lang='lat' dir='ltr'><strong>pars</strong></span> <span class='ocrx_word' id='word_1_153' title='bbox 1343 2148 1540 2212; x_wconf 87' lang='lat' dir='ltr'><strong>huius</strong></span> <span class='ocrx_word' id='word_1_154' title='bbox 1588 2147 1914 2232; x_wconf 89' lang='lat' dir='ltr'><strong>epistolae</strong></span> <span class='ocrx_word' id='word_1_155' title='bbox 1962 2146 2089 2212; x_wconf 90' lang='lat' dir='ltr'><strong>hoc</strong></span> <span class='ocrx_word' id='word_1_156' title='bbox 2137 2147 2317 2212; x_wconf 89' lang='lat' dir='ltr'><strong>idem</strong></span> <span class='ocrx_word' id='word_1_157' title='bbox 2367 2148 2636 2212; x_wconf 87' lang='lat' dir='ltr'><strong>uidetur</strong></span> <span class='ocrx_word' id='word_1_158' title='bbox 2673 2148 2900 2230; x_wconf 92' lang='lat' dir='ltr'><strong>expri-</strong></span> 
     </span>
     <span class='ocr_line' id='line_1_18' title="bbox 487 2251 2901 2337; baseline -0.001 -20"><span class='ocrx_word' id='word_1_159' title='bbox 487 2273 707 2333; x_wconf 89' lang='lat' dir='ltr'><strong>mere;</strong></span> <span class='ocrx_word' id='word_1_160' title='bbox 752 2254 1190 2337; x_wconf 90' lang='lat' dir='ltr'><strong>quamobrem</strong></span> <span class='ocrx_word' id='word_1_161' title='bbox 1221 2254 1423 2318; x_wconf 85' lang='lat' dir='ltr'><strong>etiam</strong></span> <span class='ocrx_word' id='word_1_162' title='bbox 1465 2253 1551 2318; x_wconf 92' lang='lat' dir='ltr'><strong>de</strong></span> <span class='ocrx_word' id='word_1_163' title='bbox 1581 2275 1672 2330; x_wconf 93' lang='lat' dir='ltr'><strong>se,</strong></span> <span class='ocrx_word' id='word_1_164' title='bbox 1702 2251 1929 2336; x_wconf 89' lang='lat' dir='ltr'><strong>qualia</strong></span> <span class='ocrx_word' id='word_1_165' title='bbox 1969 2261 2037 2317; x_wconf 87' lang='lat' dir='ltr'><strong>et</strong></span> <span class='ocrx_word' id='word_1_166' title='bbox 2078 2262 2331 2335; x_wconf 85' lang='lat' dir='ltr'><strong>quanta</strong></span> <span class='ocrx_word' id='word_1_167' title='bbox 2372 2251 2596 2316; x_wconf 87' lang='lat' dir='ltr'><strong>multis</strong></span> <span class='ocrx_word' id='word_1_168' title='bbox 2636 2251 2704 2315; x_wconf 90' lang='lat' dir='ltr'><strong>in</strong></span> <span class='ocrx_word' id='word_1_169' title='bbox 2735 2251 2901 2315; x_wconf 90' lang='lat' dir='ltr'><strong>locis</strong></span> 
     </span>
     <span class='ocr_line' id='line_1_19' title="bbox 485 2353 2898 2440; baseline -0 -21"><span class='ocrx_word' id='word_1_170' title='bbox 485 2355 683 2421; x_wconf 86' lang='lat' dir='ltr'><strong>suerit</strong></span> <span class='ocrx_word' id='word_1_171' title='bbox 711 2378 1078 2440; x_wconf 79' lang='lat' dir='ltr'><strong>perpessuS,</strong></span> <span class='ocrx_word' id='word_1_172' title='bbox 1111 2357 1348 2422; x_wconf 89' lang='lat' dir='ltr'><strong>referre</strong></span> <span class='ocrx_word' id='word_1_173' title='bbox 1390 2357 1730 2432; x_wconf 89' lang='lat' dir='ltr'><strong>adnititur,</strong></span> <span class='ocrx_word' id='word_1_174' title='bbox 1760 2364 1836 2419; x_wconf 92' lang='lat' dir='ltr'><strong>ut</strong></span> <span class='ocrx_word' id='word_1_175' title='bbox 1873 2356 1959 2419; x_wconf 91' lang='lat' dir='ltr'><strong>ad</strong></span> <span class='ocrx_word' id='word_1_176' title='bbox 2001 2355 2505 2419; x_wconf 87' lang='lat' dir='ltr'><strong>similitudinem</strong></span> <span class='ocrx_word' id='word_1_177' title='bbox 2547 2353 2648 2417; x_wconf 87' lang='lat' dir='ltr'><strong>sui</strong></span> <span class='ocrx_word' id='word_1_178' title='bbox 2694 2354 2898 2418; x_wconf 89' lang='lat' dir='ltr'><strong>etiam</strong></span> 
     </span>
     <span class='ocr_line' id='line_1_20' title="bbox 484 2456 2899 2544; baseline -0 -21"><span class='ocrx_word' id='word_1_179' title='bbox 484 2457 671 2524; x_wconf 88' lang='lat' dir='ltr'><strong>illurn</strong></span> <span class='ocrx_word' id='word_1_180' title='bbox 703 2460 1081 2526; x_wconf 90' lang='lat' dir='ltr'><strong>hortaretur</strong></span> <span class='ocrx_word' id='word_1_181' title='bbox 1108 2461 1295 2544; x_wconf 83' lang='lat' dir='ltr'><strong>paria</strong></span> <span class='ocrx_word' id='word_1_182' title='bbox 1335 2461 1674 2524; x_wconf 84' lang='lat' dir='ltr'><strong>sustinere.</strong></span> <span class='ocrx_word' id='word_1_183' title='bbox 1768 2460 1834 2523; x_wconf 89' lang='lat' dir='ltr'><strong>in</strong></span> <span class='ocrx_word' id='word_1_184' title='bbox 1882 2460 2104 2524; x_wconf 87' lang='lat' dir='ltr'><strong>media</strong></span> <span class='ocrx_word' id='word_1_185' title='bbox 2144 2481 2304 2523; x_wconf 93' lang='lat' dir='ltr'><strong>uero</strong></span> <span class='ocrx_word' id='word_1_186' title='bbox 2349 2467 2539 2543; x_wconf 90' lang='lat' dir='ltr'><strong>parte</strong></span> <span class='ocrx_word' id='word_1_187' title='bbox 2576 2456 2899 2541; x_wconf 88' lang='lat' dir='ltr'><strong>epistolae</strong></span> 
     </span>
    </p>
   </div>
   <div class='ocr_carea' id='block_1_3' title="bbox 371 2618 2903 2924">
    <p class='ocr_par' dir='ltr' id='par_1_3' title="bbox 371 2618 2903 2924">
     <span class='ocr_line' id='line_1_21' title="bbox 371 2618 2901 2715; baseline -0.005 -20"><span class='ocrx_word' id='word_1_188' title='bbox 371 2648 458 2698; x_wconf 90' lang='lat'><strong>20</strong></span> <span class='ocrx_word' id='word_1_189' title='bbox 617 2625 940 2715; x_wconf 76' lang='grc' dir='ltr'>διεγείρων</span> <span class='ocrx_word' id='word_1_190' title='bbox 997 2626 1191 2695; x_wconf 73' lang='grc' dir='ltr'>αὐτὸν</span> <span class='ocrx_word' id='word_1_191' title='bbox 1248 2628 1340 2698; x_wconf 78' lang='grc' dir='ltr'><strong>εἷς</strong></span> <span class='ocrx_word' id='word_1_192' title='bbox 1398 2625 1473 2693; x_wconf 78' lang='grc' dir='ltr'><strong>τὸ</strong></span> <span class='ocrx_word' id='word_1_193' title='bbox 1533 2626 1705 2709; x_wconf 79' lang='grc' dir='ltr'>μετὰ</span> <span class='ocrx_word' id='word_1_194' title='bbox 1762 2625 2056 2708; x_wconf 78' lang='grc' dir='ltr'>σπουδῆς</span> <span class='ocrx_word' id='word_1_195' title='bbox 2115 2624 2203 2690; x_wconf 80' lang='grc' dir='ltr'><strong>τὰ</strong></span> <span class='ocrx_word' id='word_1_196' title='bbox 2267 2623 2432 2712; x_wconf 78' lang='grc' dir='ltr'>ὑπὲρ</span> <span class='ocrx_word' id='word_1_197' title='bbox 2491 2626 2610 2707; x_wconf 76' lang='grc' dir='ltr'><strong>τῆς</strong></span> <span class='ocrx_word' id='word_1_198' title='bbox 2669 2618 2901 2705; x_wconf 79' lang='grc' dir='ltr'>ἑτέρων</span> 
     </span>
     <span class='ocr_line' id='line_1_22' title="bbox 486 2723 2903 2817; baseline -0.004 -19"><span class='ocrx_word' id='word_1_199' title='bbox 486 2730 808 2811; x_wconf 76' lang='grc' dir='ltr'>ὠφελείας</span> <span class='ocrx_word' id='word_1_200' title='bbox 866 2732 1197 2798; x_wconf 80' lang='grc' dir='ltr'>ἐπιτελεῖν</span> <span class='ocrx_word' id='word_1_201' title='bbox 1268 2729 1393 2796; x_wconf 69' lang='lat' dir='ltr'><strong>mlv</strong></span> <span class='ocrx_word' id='word_1_202' title='bbox 1462 2728 1678 2815; x_wconf 80' lang='grc' dir='ltr'>ἡδονῇ,</span> <span class='ocrx_word' id='word_1_203' title='bbox 1736 2728 1851 2795; x_wconf 82' lang='grc' dir='ltr'><strong>καὶ</strong></span> <span class='ocrx_word' id='word_1_204' title='bbox 1910 2726 2000 2794; x_wconf 57' lang='lat' dir='ltr'><strong>vo*</strong></span> <span class='ocrx_word' id='word_1_205' title='bbox 2062 2727 2362 2817; x_wconf 80' lang='grc' dir='ltr'>πάσχειν</span> <span class='ocrx_word' id='word_1_206' title='bbox 2421 2725 2586 2814; x_wconf 80' lang='grc' dir='ltr'>ὑπὲρ</span> <span class='ocrx_word' id='word_1_207' title='bbox 2651 2723 2903 2792; x_wconf 81' lang='grc' dir='ltr'>τούτων</span> 
     </span>
     <span class='ocr_line' id='line_1_23' title="bbox 485 2833 884 2924; baseline 0.005 -23"><span class='ocrx_word' id='word_1_208' title='bbox 485 2833 884 2924; x_wconf 80' lang='grc' dir='ltr'>αἱρούμενον.</span> 
     </span>
    </p>
   </div>
   <div class='ocr_carea' id='block_1_4' title="bbox 483 2964 2908 3352">
    <p class='ocr_par' dir='ltr' id='par_1_4' title="bbox 483 2964 2908 3352">
     <span class='ocr_line' id='line_1_24' title="bbox 548 2964 2908 3047; baseline -0.005 -15"><span class='ocrx_word' id='word_1_209' title='bbox 548 3002 563 3017; x_wconf 70' lang='lat'><strong><em>¹</em></strong></span> <span class='ocrx_word' id='word_1_210' title='bbox 589 2995 611 3031; x_wconf 87' lang='lat'>1</span> <span class='ocrx_word' id='word_1_211' title='bbox 648 2980 904 3047; x_wconf 88' lang='lat' dir='ltr'><strong>quomodo</strong></span> <span class='ocrx_word' id='word_1_212' title='bbox 947 2977 1064 3046; x_wconf 74' lang='lat' dir='ltr'><strong>(for</strong></span> <span class='ocrx_word' id='word_1_213' title='bbox 1101 2964 1361 3047; x_wconf 55' lang='lat' dir='ltr'><strong>guouiaru}</strong></span> <span class='ocrx_word' id='word_1_214' title='bbox 1405 2980 1475 3031; x_wconf 86' lang='grc' dir='ltr'><em>Η</em></span> <span class='ocrx_word' id='word_1_215' title='bbox 1764 2993 1792 3030; x_wconf 78' lang='lat'><em>2</em></span> <span class='ocrx_word' id='word_1_216' title='bbox 1826 2978 2145 3030; x_wconf 86' lang='lat' dir='ltr'><strong>ob..utilitate</strong></span> <span class='ocrx_word' id='word_1_217' title='bbox 2193 2978 2239 3028; x_wconf 90' lang='lat' dir='ltr'><em>C</em></span> <span class='ocrx_word' id='word_1_218' title='bbox 2279 2975 2425 3043; x_wconf 82' lang='lat' dir='ltr'><strong>(corr)</strong></span> <span class='ocrx_word' id='word_1_219' title='bbox 2459 2974 2833 3027; x_wconf 80' lang='lat' dir='ltr'><strong>ad..utilitatem</strong></span> <span class='ocrx_word' id='word_1_220' title='bbox 2873 2987 2908 3021; x_wconf 84' lang='lat' dir='ltr'><strong>r</strong></span> 
     </span>
     <span class='ocr_line' id='line_1_25' title="bbox 488 3051 2872 3125; baseline -0.004 -13"><span class='ocrx_word' id='word_1_221' title='bbox 488 3073 517 3125; x_wconf 88' lang='lat'>5</span> <span class='ocrx_word' id='word_1_222' title='bbox 552 3062 862 3113; x_wconf 79' lang='lat' dir='ltr'><strong>effeetaretur</strong></span> <span class='ocrx_word' id='word_1_223' title='bbox 889 3063 934 3113; x_wconf 91' lang='lat' dir='ltr'><em>C</em></span> <span class='ocrx_word' id='word_1_224' title='bbox 950 3064 1015 3112; x_wconf 85' lang='lat' dir='ltr'><em>H</em></span> <span class='ocrx_word' id='word_1_225' title='bbox 1030 3078 1064 3113; x_wconf 83' lang='lat' dir='ltr'><strong>r</strong></span> <span class='ocrx_word' id='word_1_226' title='bbox 1285 3062 1319 3112; x_wconf 85' lang='lat'><strong>6</strong></span> <span class='ocrx_word' id='word_1_227' title='bbox 1352 3062 1502 3112; x_wconf 86' lang='lat' dir='ltr'><strong>fuisse</strong></span> <span class='ocrx_word' id='word_1_228' title='bbox 1523 3061 1592 3110; x_wconf 86' lang='lat' dir='ltr'><em>H</em></span> <span class='ocrx_word' id='word_1_229' title='bbox 1811 3062 1841 3110; x_wconf 87' lang='lat'>8</span> <span class='ocrx_word' id='word_1_230' title='bbox 1875 3060 2142 3110; x_wconf 85' lang='lat' dir='ltr'><strong>conuenire</strong></span> <span class='ocrx_word' id='word_1_231' title='bbox 2163 3060 2232 3108; x_wconf 89' lang='grc' dir='ltr'><em>Η</em></span> <span class='ocrx_word' id='word_1_232' title='bbox 2437 3072 2470 3124; x_wconf 87' lang='grc'><strong>9</strong></span> <span class='ocrx_word' id='word_1_233' title='bbox 2503 3058 2664 3107; x_wconf 79' lang='lat' dir='ltr'><strong>facere</strong></span> <span class='ocrx_word' id='word_1_234' title='bbox 2687 3055 2787 3105; x_wconf 83' lang='lat' dir='ltr'><strong>illis</strong></span> <span class='ocrx_word' id='word_1_235' title='bbox 2807 3070 2840 3104; x_wconf 87' lang='lat' dir='ltr'><strong>r</strong></span> <span class='ocrx_word' id='word_1_236' title='bbox 2861 3051 2872 3117; x_wconf 84' lang='grc'>1</span> 
     </span>
     <span class='ocr_line' id='line_1_26' title="bbox 485 3135 2903 3207; baseline -0.003 -15"><span class='ocrx_word' id='word_1_237' title='bbox 485 3157 802 3192; x_wconf 86' lang='lat' dir='ltr'><strong>communem</strong></span> <span class='ocrx_word' id='word_1_238' title='bbox 831 3141 909 3192; x_wconf 80' lang='lat' dir='ltr'><strong>C*</strong></span> <span class='ocrx_word' id='word_1_239' title='bbox 931 3143 1002 3192; x_wconf 85' lang='lat' dir='ltr'><em>H</em></span> <span class='ocrx_word' id='word_1_240' title='bbox 1126 3157 1186 3206; x_wconf 80' lang='lat'><strong>13</strong></span> <span class='ocrx_word' id='word_1_241' title='bbox 1220 3156 1349 3207; x_wconf 78' lang='lat' dir='ltr'><strong>quae</strong></span> <span class='ocrx_word' id='word_1_242' title='bbox 1370 3141 1481 3191; x_wconf 81' lang='lat' dir='ltr'><strong>aliis</strong></span> <span class='ocrx_word' id='word_1_243' title='bbox 1505 3148 1669 3191; x_wconf 81' lang='lat' dir='ltr'><strong>essent</strong></span> <span class='ocrx_word' id='word_1_244' title='bbox 1691 3139 1835 3191; x_wconf 86' lang='lat' dir='ltr'><strong>utilia</strong></span> <span class='ocrx_word' id='word_1_245' title='bbox 1859 3139 1973 3205; x_wconf 85' lang='lat' dir='ltr'><strong>(for</strong></span> <span class='ocrx_word' id='word_1_246' title='bbox 2000 3156 2132 3205; x_wconf 87' lang='lat' dir='ltr'><strong>quae</strong></span> <span class='ocrx_word' id='word_1_247' title='bbox 2155 3140 2221 3190; x_wconf 87' lang='lat' dir='ltr'><strong>ad</strong></span> <span class='ocrx_word' id='word_1_248' title='bbox 2236 3139 2467 3199; x_wconf 78' lang='lat' dir='ltr'><strong>aliorum,</strong></span> <span class='ocrx_word' id='word_1_249' title='bbox 2496 3135 2609 3201; x_wconf 72' lang='grc' dir='ltr'>διο.)</span> <span class='ocrx_word' id='word_1_250' title='bbox 2635 3153 2668 3187; x_wconf 86' lang='lat' dir='ltr'><strong>r</strong></span> <span class='ocrx_word' id='word_1_251' title='bbox 2844 3150 2903 3197; x_wconf 83' lang='lat'><strong>¹4</strong></span> 
     </span>
     <span class='ocr_line' id='line_1_27' title="bbox 484 3219 2908 3290; baseline -0.002 -16"><span class='ocrx_word' id='word_1_252' title='bbox 484 3231 535 3274; x_wconf 90' lang='lat' dir='ltr'><strong>et</strong></span> <span class='ocrx_word' id='word_1_253' title='bbox 559 3224 658 3289; x_wconf 80' lang='lat' dir='ltr'><strong>(ast</strong></span> <span class='ocrx_word' id='word_1_254' title='bbox 677 3224 877 3290; x_wconf 82' lang='lat' dir='ltr'><strong>exped.)</strong></span> <span class='ocrx_word' id='word_1_255' title='bbox 901 3225 1006 3274; x_wconf 84' lang='lat' dir='ltr'><strong>add</strong></span> <span class='ocrx_word' id='word_1_256' title='bbox 1020 3241 1054 3274; x_wconf 83' lang='lat' dir='ltr'><strong>r</strong></span> <span class='ocrx_word' id='word_1_257' title='bbox 1236 3238 1294 3288; x_wconf 87' lang='lat'><strong>15</strong></span> <span class='ocrx_word' id='word_1_258' title='bbox 1328 3224 1449 3273; x_wconf 78' lang='lat' dir='ltr'><strong>exiit</strong></span> <span class='ocrx_word' id='word_1_259' title='bbox 1475 3223 1590 3288; x_wconf 55' lang='grc' dir='ltr'><strong>(χον</strong></span> <span class='ocrx_word' id='word_1_260' title='bbox 1607 3222 1783 3287; x_wconf 81' lang='lat' dir='ltr'><strong>exigit)</strong></span> <span class='ocrx_word' id='word_1_261' title='bbox 1813 3223 1856 3272; x_wconf 88' lang='lat' dir='ltr'><strong><em>C</em></strong></span> <span class='ocrx_word' id='word_1_262' title='bbox 1873 3222 1942 3271; x_wconf 86' lang='lat' dir='ltr'><em>H</em></span> <span class='ocrx_word' id='word_1_263' title='bbox 1952 3234 1965 3270; x_wconf 90' lang='lat'>:</span> <span class='ocrx_word' id='word_1_264' title='bbox 1998 3228 2080 3271; x_wconf 78' lang='lat' dir='ltr'><strong>txt</strong></span> <span class='ocrx_word' id='word_1_265' title='bbox 2098 3238 2132 3271; x_wconf 85' lang='lat' dir='ltr'><strong>r</strong></span> <span class='ocrx_word' id='word_1_266' title='bbox 2340 3221 2399 3271; x_wconf 80' lang='lat'><strong>18</strong></span> <span class='ocrx_word' id='word_1_267' title='bbox 2433 3219 2591 3270; x_wconf 80' lang='lat' dir='ltr'><strong>fuerat</strong></span> <span class='ocrx_word' id='word_1_268' title='bbox 2613 3235 2647 3269; x_wconf 86' lang='lat' dir='ltr'><strong>r</strong></span> <span class='ocrx_word' id='word_1_269' title='bbox 2841 3230 2908 3281; x_wconf 82' lang='lat'><strong>19</strong></span> 
     </span>
     <span class='ocr_line' id='line_1_28' title="bbox 483 3300 1343 3352; baseline -0.005 0"><span class='ocrx_word' id='word_1_270' title='bbox 483 3302 710 3352; x_wconf 82' lang='lat' dir='ltr'><strong>hortetur</strong></span> <span class='ocrx_word' id='word_1_271' title='bbox 731 3317 765 3351; x_wconf 82' lang='lat' dir='ltr'><strong>r</strong></span> <span class='ocrx_word' id='word_1_272' title='bbox 957 3314 1022 3350; x_wconf 63' lang='grc' dir='ltr'><strong>ἰο</strong></span> <span class='ocrx_word' id='word_1_273' title='bbox 1054 3300 1213 3350; x_wconf 85' lang='lat' dir='ltr'><strong>Coisl.</strong></span> <span class='ocrx_word' id='word_1_274' title='bbox 1246 3300 1280 3350; x_wconf 86' lang='lat' dir='ltr'><strong>l.</strong></span> <span class='ocrx_word' id='word_1_275' title='bbox 1299 3316 1343 3348; x_wconf 88' lang='lat' dir='ltr'><strong>c.</strong></span> 
     </span>
    </p>
   </div>
   <div class='ocr_carea' id='block_1_5' title="bbox 484 3439 1648 3669">
    <p class='ocr_par' dir='ltr' id='par_1_5' title="bbox 484 3439 1648 3669">
     <span class='ocr_line' id='line_1_29' title="bbox 551 3439 1648 3506; baseline -0.001 -15"><span class='ocrx_word' id='word_1_276' title='bbox 551 3455 600 3491; x_wconf 69' lang='grc' dir='ltr'><strong>α.</strong></span> <span class='ocrx_word' id='word_1_277' title='bbox 666 3440 728 3491; x_wconf 83' lang='lat' dir='ltr'><strong>ab</strong></span> <span class='ocrx_word' id='word_1_278' title='bbox 755 3441 971 3490; x_wconf 71' lang='lat' dir='ltr'><strong>aliorum</strong></span> <span class='ocrx_word' id='word_1_279' title='bbox 1002 3440 1236 3503; x_wconf 73' lang='lat' dir='ltr'><strong>utilitate]</strong></span> <span class='ocrx_word' id='word_1_280' title='bbox 1300 3441 1416 3490; x_wconf 87' lang='lat' dir='ltr'><strong>For.</strong></span> <span class='ocrx_word' id='word_1_281' title='bbox 1452 3439 1553 3506; x_wconf 78' lang='lat' dir='ltr'><strong>leg.</strong></span> <span class='ocrx_word' id='word_1_282' title='bbox 1590 3440 1648 3491; x_wconf 78' lang='lat' dir='ltr'><strong>ob</strong></span> 
     </span>
     <span class='ocr_line' id='line_1_30' title="bbox 484 3520 1639 3586; baseline -0.002 -14"><span class='ocrx_word' id='word_1_283' title='bbox 484 3522 556 3573; x_wconf 81' lang='lat' dir='ltr'><strong>al.</strong></span> <span class='ocrx_word' id='word_1_284' title='bbox 588 3522 875 3571; x_wconf 81' lang='lat' dir='ltr'><strong>utilitatem.</strong></span> <span class='ocrx_word' id='word_1_285' title='bbox 946 3521 1102 3582; x_wconf 87' lang='lat' dir='ltr'><strong>Here,</strong></span> <span class='ocrx_word' id='word_1_286' title='bbox 1138 3536 1193 3571; x_wconf 76' lang='lat' dir='ltr'><strong>as</strong></span> <span class='ocrx_word' id='word_1_287' title='bbox 1219 3520 1381 3571; x_wconf 64' lang='lat' dir='ltr'><strong>above</strong></span> <span class='ocrx_word' id='word_1_288' title='bbox 1416 3522 1484 3586; x_wconf 90' lang='lat' dir='ltr'><strong>(p.</strong></span> <span class='ocrx_word' id='word_1_289' title='bbox 1532 3521 1639 3585; x_wconf 89' lang='lat'><strong>189,</strong></span> 
     </span>
     <span class='ocr_line' id='line_1_31' title="bbox 485 3602 1646 3669; baseline -0.003 -13"><span class='ocrx_word' id='word_1_290' title='bbox 485 3605 520 3656; x_wconf 87' lang='lat'><strong>1.</strong></span> <span class='ocrx_word' id='word_1_291' title='bbox 542 3625 574 3668; x_wconf 84' lang='lat'>4</span> <span class='ocrx_word' id='word_1_292' title='bbox 592 3605 711 3669; x_wconf 83' lang='lat' dir='ltr'><strong>sq.),</strong></span> <span class='ocrx_word' id='word_1_293' title='bbox 738 3604 837 3653; x_wconf 87' lang='lat' dir='ltr'><strong>Th.</strong></span> <span class='ocrx_word' id='word_1_294' title='bbox 854 3618 1014 3653; x_wconf 80' lang='lat' dir='ltr'><strong>seems</strong></span> <span class='ocrx_word' id='word_1_295' title='bbox 1031 3609 1085 3653; x_wconf 88' lang='lat' dir='ltr'><strong>to</strong></span> <span class='ocrx_word' id='word_1_296' title='bbox 1099 3602 1288 3668; x_wconf 80' lang='lat' dir='ltr'><strong>qualisy</strong></span> <span class='ocrx_word' id='word_1_297' title='bbox 1303 3603 1391 3652; x_wconf 89' lang='lat' dir='ltr'><strong>the</strong></span> <span class='ocrx_word' id='word_1_298' title='bbox 1408 3603 1646 3654; x_wconf 82' lang='lat' dir='ltr'><strong>tradition</strong></span> 
     </span>
    </p>
   </div>
   <div class='ocr_carea' id='block_1_6' title="bbox 388 3684 1645 3739">
    <p class='ocr_par' dir='ltr' id='par_1_6' title="bbox 388 3684 1645 3739">
     <span class='ocr_line' id='line_1_32' title="bbox 388 3684 1645 3739; baseline -0.004 0"><span class='ocrx_word' id='word_1_299' title='bbox 388 3734 393 3739; x_wconf 82' lang='lat'><strong>.</strong></span> <span class='ocrx_word' id='word_1_300' title='bbox 485 3686 650 3737; x_wconf 81' lang='lat' dir='ltr'><strong>which</strong></span> <span class='ocrx_word' id='word_1_301' title='bbox 672 3685 821 3735; x_wconf 85' lang='lat' dir='ltr'><strong>made</strong></span> <span class='ocrx_word' id='word_1_302' title='bbox 850 3685 1145 3735; x_wconf 77' lang='lat' dir='ltr'><strong>Timotheus</strong></span> <span class='ocrx_word' id='word_1_303' title='bbox 1173 3685 1260 3734; x_wconf 89' lang='lat' dir='ltr'><strong>the</strong></span> <span class='ocrx_word' id='word_1_304' title='bbox 1283 3684 1388 3735; x_wconf 85' lang='lat' dir='ltr'><strong>first</strong></span> <span class='ocrx_word' id='word_1_305' title='bbox 1410 3684 1645 3735; x_wconf 84' lang='lat' dir='ltr'><strong>diocesan</strong></span> 
     </span>
    </p>
   </div>
   <div class='ocr_carea' id='block_1_7' title="bbox 485 3766 1643 3993">
    <p class='ocr_par' dir='ltr' id='par_1_7' title="bbox 485 3766 1643 3993">
     <span class='ocr_line' id='line_1_33' title="bbox 486 3766 1638 3832; baseline -0.003 -15"><span class='ocrx_word' id='word_1_306' title='bbox 486 3767 678 3832; x_wconf 87' lang='lat' dir='ltr'><strong>Bishop</strong></span> <span class='ocrx_word' id='word_1_307' title='bbox 700 3766 760 3817; x_wconf 80' lang='lat' dir='ltr'><strong>of</strong></span> <span class='ocrx_word' id='word_1_308' title='bbox 784 3766 1015 3832; x_wconf 55' lang='lat' dir='ltr'><strong>Ephesus</strong></span> <span class='ocrx_word' id='word_1_309' title='bbox 1045 3766 1252 3827; x_wconf 83' lang='lat' dir='ltr'><strong>(Euseb.</strong></span> <span class='ocrx_word' id='word_1_310' title='bbox 1274 3766 1347 3816; x_wconf 85' lang='lat' dir='ltr'><strong>H.</strong></span> <span class='ocrx_word' id='word_1_311' title='bbox 1380 3766 1450 3814; x_wconf 87' lang='lat' dir='ltr'><strong>E.</strong></span> <span class='ocrx_word' id='word_1_312' title='bbox 1473 3766 1544 3815; x_wconf 85' lang='lat' dir='ltr'><strong>iii.</strong></span> <span class='ocrx_word' id='word_1_313' title='bbox 1567 3767 1638 3829; x_wconf 82' lang='lat'><strong>4),</strong></span> 
     </span>
     <span class='ocr_line' id='line_1_34' title="bbox 485 3847 1642 3914; baseline -0.002 -14"><span class='ocrx_word' id='word_1_314' title='bbox 485 3857 575 3900; x_wconf 87' lang='lat' dir='ltr'><strong>not</strong></span> <span class='ocrx_word' id='word_1_315' title='bbox 597 3865 723 3899; x_wconf 85' lang='lat' dir='ltr'><strong>even</strong></span> <span class='ocrx_word' id='word_1_316' title='bbox 755 3849 984 3914; x_wconf 84' lang='lat' dir='ltr'><strong>carrying</strong></span> <span class='ocrx_word' id='word_1_317' title='bbox 1009 3848 1161 3899; x_wconf 82' lang='lat' dir='ltr'><strong>down</strong></span> <span class='ocrx_word' id='word_1_318' title='bbox 1187 3848 1269 3897; x_wconf 86' lang='lat' dir='ltr'><strong>his</strong></span> <span class='ocrx_word' id='word_1_319' title='bbox 1300 3847 1642 3913; x_wconf 85' lang='lat' dir='ltr'><strong>superintend-</strong></span> 
     </span>
     <span class='ocr_line' id='line_1_35' title="bbox 485 3927 1643 3993; baseline -0.001 -15"><span class='ocrx_word' id='word_1_320' title='bbox 485 3944 610 3979; x_wconf 84' lang='lat' dir='ltr'><strong>ence</strong></span> <span class='ocrx_word' id='word_1_321' title='bbox 631 3928 690 3979; x_wconf 83' lang='lat' dir='ltr'><strong>os</strong></span> <span class='ocrx_word' id='word_1_322' title='bbox 704 3929 791 3980; x_wconf 82' lang='lat' dir='ltr'><strong>the</strong></span> <span class='ocrx_word' id='word_1_323' title='bbox 813 3929 1068 3993; x_wconf 86' lang='lat' dir='ltr'><strong>Ephesian</strong></span> <span class='ocrx_word' id='word_1_324' title='bbox 1090 3928 1294 3979; x_wconf 86' lang='lat' dir='ltr'><strong>Chureh</strong></span> <span class='ocrx_word' id='word_1_325' title='bbox 1318 3934 1373 3977; x_wconf 91' lang='lat' dir='ltr'><strong>to</strong></span> <span class='ocrx_word' id='word_1_326' title='bbox 1396 3927 1481 3978; x_wconf 84' lang='lat' dir='ltr'><strong>the</strong></span> <span class='ocrx_word' id='word_1_327' title='bbox 1508 3943 1643 3977; x_wconf 86' lang='lat' dir='ltr'><strong>com·</strong></span> 
     </span>
    </p>
   </div>
   <div class='ocr_carea' id='block_1_8' title="bbox 485 4007 1644 4155">
    <p class='ocr_par' dir='ltr' id='par_1_8' title="bbox 485 4007 1644 4155">
     <span class='ocr_line' id='line_1_36' title="bbox 486 4007 1636 4075; baseline -0.003 -15"><span class='ocrx_word' id='word_1_328' title='bbox 486 4016 799 4061; x_wconf 85' lang='lat' dir='ltr'><strong>mencement</strong></span> <span class='ocrx_word' id='word_1_329' title='bbox 832 4011 891 4061; x_wconf 83' lang='lat' dir='ltr'><strong>of</strong></span> <span class='ocrx_word' id='word_1_330' title='bbox 918 4012 972 4062; x_wconf 93' lang='lat' dir='ltr'><strong>S.</strong></span> <span class='ocrx_word' id='word_1_331' title='bbox 993 4007 1172 4075; x_wconf 86' lang='lat' dir='ltr'><strong>John’s</strong></span> <span class='ocrx_word' id='word_1_332' title='bbox 1205 4009 1458 4059; x_wconf 87' lang='lat' dir='ltr'><strong>residence</strong></span> <span class='ocrx_word' id='word_1_333' title='bbox 1492 4008 1574 4073; x_wconf 80' lang='lat' dir='ltr'><strong>(cf.</strong></span> <span class='ocrx_word' id='word_1_334' title='bbox 1600 4021 1636 4058; x_wconf 92' lang='lat'><strong>1.</strong></span> 
     </span>
     <span class='ocr_line' id='line_1_37' title="bbox 485 4087 1644 4155; baseline -0.004 -14"><span class='ocrx_word' id='word_1_335' title='bbox 485 4107 537 4155; x_wconf 89' lang='lat' dir='ltr'><strong>p.</strong></span> <span class='ocrx_word' id='word_1_336' title='bbox 564 4103 670 4154; x_wconf 87' lang='lat'><strong>115,</strong></span> <span class='ocrx_word' id='word_1_337' title='bbox 693 4090 729 4138; x_wconf 91' lang='lat' dir='ltr'><strong>l.</strong></span> <span class='ocrx_word' id='word_1_338' title='bbox 750 4088 849 4153; x_wconf 86' lang='lat'><strong>10).</strong></span> <span class='ocrx_word' id='word_1_339' title='bbox 904 4087 1370 4153; x_wconf 80' lang='lat' dir='ltr'><strong>Notwithstanding</strong></span> <span class='ocrx_word' id='word_1_340' title='bbox 1395 4088 1482 4137; x_wconf 90' lang='lat' dir='ltr'><strong>the</strong></span> <span class='ocrx_word' id='word_1_341' title='bbox 1513 4087 1644 4137; x_wconf 86' lang='lat' dir='ltr'><strong>salu-</strong></span> 
     </span>
    </p>
   </div>
   <div class='ocr_carea' id='block_1_9' title="bbox 485 4166 1642 4236">
    <p class='ocr_par' dir='ltr' id='par_1_9' title="bbox 485 4166 1642 4236">
     <span class='ocr_line' id='line_1_38' title="bbox 485 4166 1642 4236; baseline -0.003 -15"><span class='ocrx_word' id='word_1_342' title='bbox 485 4172 673 4221; x_wconf 83' lang='lat' dir='ltr'><strong>tations</strong></span> <span class='ocrx_word' id='word_1_343' title='bbox 695 4171 747 4220; x_wconf 87' lang='lat' dir='ltr'><strong>in</strong></span> <span class='ocrx_word' id='word_1_344' title='bbox 769 4186 814 4220; x_wconf 87' lang='lat' dir='ltr'><strong>c.</strong></span> <span class='ocrx_word' id='word_1_345' title='bbox 839 4170 904 4220; x_wconf 89' lang='lat' dir='ltr'><strong>iv.</strong></span> <span class='ocrx_word' id='word_1_346' title='bbox 937 4184 997 4236; x_wconf 89' lang='lat'><strong>19</strong></span> <span class='ocrx_word' id='word_1_347' title='bbox 1019 4169 1104 4231; x_wconf 82' lang='lat' dir='ltr'><strong>[cf.</strong></span> <span class='ocrx_word' id='word_1_348' title='bbox 1132 4170 1259 4219; x_wconf 85' lang='lat' dir='ltr'><strong>Acts</strong></span> <span class='ocrx_word' id='word_1_349' title='bbox 1280 4169 1417 4218; x_wconf 81' lang='lat' dir='ltr'><strong>xviii.</strong></span> <span class='ocrx_word' id='word_1_350' title='bbox 1446 4183 1522 4231; x_wconf 81' lang='lat'><strong>24,</strong></span> <span class='ocrx_word' id='word_1_351' title='bbox 1553 4166 1642 4226; x_wconf 63' lang='grc' dir='ltr'><strong>τός</strong></span> 
     </span>
    </p>
   </div>
   <div class='ocr_carea' id='block_1_10' title="bbox 488 4251 1726 4316">
    <p class='ocr_par' dir='ltr' id='par_1_10' title="bbox 488 4251 1726 4316">
     <span class='ocr_line' id='line_1_39' title="bbox 488 4251 1726 4316; baseline -0.005 -11"><span class='ocrx_word' id='word_1_352' title='bbox 488 4271 517 4305; x_wconf 74' lang='lat'>2</span> <span class='ocrx_word' id='word_1_353' title='bbox 541 4254 675 4304; x_wconf 87' lang='lat' dir='ltr'><strong>Tim.</strong></span> <span class='ocrx_word' id='word_1_354' title='bbox 699 4252 734 4303; x_wconf 89' lang='lat' dir='ltr'><strong>i.</strong></span> <span class='ocrx_word' id='word_1_355' title='bbox 766 4252 845 4314; x_wconf 84' lang='lat'><strong>18]</strong></span> <span class='ocrx_word' id='word_1_356' title='bbox 876 4252 942 4302; x_wconf 89' lang='lat' dir='ltr'><strong>he</strong></span> <span class='ocrx_word' id='word_1_357' title='bbox 967 4253 1169 4316; x_wconf 85' lang='lat' dir='ltr'><strong>regards</strong></span> <span class='ocrx_word' id='word_1_358' title='bbox 1191 4268 1218 4302; x_wconf 73' lang='grc' dir='ltr'>ο</span> <span class='ocrx_word' id='word_1_359' title='bbox 1244 4252 1378 4302; x_wconf 87' lang='lat' dir='ltr'><strong>Tim.</strong></span> <span class='ocrx_word' id='word_1_360' title='bbox 1405 4251 1471 4301; x_wconf 77' lang='lat' dir='ltr'><strong>iv,</strong></span> <span class='ocrx_word' id='word_1_361' title='bbox 1508 4265 1563 4299; x_wconf 79' lang='lat'><strong>12</strong></span> <span class='ocrx_word' id='word_1_362' title='bbox 1587 4266 1644 4301; x_wconf 81' lang='lat' dir='ltr'><strong>as</strong></span> <span class='ocrx_word' id='word_1_363' title='bbox 1723 4296 1726 4299; x_wconf 90' lang='lat'><strong>.</strong></span> 
     </span>
    </p>
   </div>
   <div class='ocr_carea' id='block_1_11' title="bbox 484 4331 1642 4565">
    <p class='ocr_par' dir='ltr' id='par_1_11' title="bbox 484 4331 1642 4565">
     <span class='ocr_line' id='line_1_40' title="bbox 484 4331 1642 4399; baseline -0.003 -15"><span class='ocrx_word' id='word_1_364' title='bbox 484 4334 756 4397; x_wconf 87' lang='lat' dir='ltr'><strong>decisively</strong></span> <span class='ocrx_word' id='word_1_365' title='bbox 788 4332 1002 4399; x_wconf 83' lang='lat' dir='ltr'><strong>proving</strong></span> <span class='ocrx_word' id='word_1_366' title='bbox 1034 4331 1142 4383; x_wconf 81' lang='lat' dir='ltr'><strong>that</strong></span> <span class='ocrx_word' id='word_1_367' title='bbox 1180 4332 1235 4383; x_wconf 90' lang='lat' dir='ltr'><strong>S.</strong></span> <span class='ocrx_word' id='word_1_368' title='bbox 1268 4332 1509 4396; x_wconf 84' lang='lat' dir='ltr'><strong>Timothy</strong></span> <span class='ocrx_word' id='word_1_369' title='bbox 1540 4331 1642 4380; x_wconf 86' lang='lat' dir='ltr'><strong>had</strong></span> 
     </span>
     <span class='ocr_line' id='line_1_41' title="bbox 484 4415 1641 4481; baseline -0.003 -14"><span class='ocrx_word' id='word_1_370' title='bbox 484 4417 688 4481; x_wconf 82' lang='lat' dir='ltr'><strong>already</strong></span> <span class='ocrx_word' id='word_1_371' title='bbox 720 4416 811 4466; x_wconf 78' lang='lat' dir='ltr'><strong>left</strong></span> <span class='ocrx_word' id='word_1_372' title='bbox 854 4416 1084 4480; x_wconf 83' lang='lat' dir='ltr'><strong>Ephesus</strong></span> <span class='ocrx_word' id='word_1_373' title='bbox 1121 4416 1269 4465; x_wconf 80' lang='lat' dir='ltr'><strong>when</strong></span> <span class='ocrx_word' id='word_1_374' title='bbox 1313 4415 1398 4465; x_wconf 87' lang='lat' dir='ltr'><strong>the</strong></span> <span class='ocrx_word' id='word_1_375' title='bbox 1444 4415 1641 4466; x_wconf 89' lang='lat' dir='ltr'><strong>Second</strong></span> 
     </span>
     <span class='ocr_line' id='line_1_42' title="bbox 484 4495 1639 4565; baseline -0.004 -15"><span class='ocrx_word' id='word_1_376' title='bbox 484 4497 679 4565; x_wconf 83' lang='lat' dir='ltr'><strong>Epistle</strong></span> <span class='ocrx_word' id='word_1_377' title='bbox 688 4512 790 4550; x_wconf 77' lang='lat' dir='ltr'><strong>was</strong></span> <span class='ocrx_word' id='word_1_378' title='bbox 801 4497 1013 4548; x_wconf 81' lang='lat' dir='ltr'><strong>written.</strong></span> <span class='ocrx_word' id='word_1_379' title='bbox 1049 4496 1163 4547; x_wconf 89' lang='lat' dir='ltr'><strong>‘But</strong></span> <span class='ocrx_word' id='word_1_380' title='bbox 1177 4495 1221 4545; x_wconf 84' lang='lat' dir='ltr'><strong>is</strong></span> <span class='ocrx_word' id='word_1_381' title='bbox 1228 4502 1316 4546; x_wconf 87' lang='lat' dir='ltr'><strong>not</strong></span> <span class='ocrx_word' id='word_1_382' title='bbox 1331 4503 1382 4546; x_wconf 79' lang='lat' dir='ltr'><strong>at</strong></span> <span class='ocrx_word' id='word_1_383' title='bbox 1392 4495 1639 4559; x_wconf 76' lang='lat' dir='ltr'><strong>EphesuS,</strong></span> 
     </span>
    </p>
   </div>
   <div class='ocr_carea' id='block_1_12' title="bbox 1746 3433 2906 3490">
    <p class='ocr_par' dir='ltr' id='par_1_12' title="bbox 1746 3433 2906 3490">
     <span class='ocr_line' id='line_1_43' title="bbox 1746 3433 2906 3490; baseline -0.006 -1"><span class='ocrx_word' id='word_1_384' title='bbox 1746 3438 1913 3490; x_wconf 79' lang='lat' dir='ltr'><strong>where</strong></span> <span class='ocrx_word' id='word_1_385' title='bbox 1934 3454 2037 3489; x_wconf 77' lang='lat' dir='ltr'><strong>was</strong></span> <span class='ocrx_word' id='word_1_386' title='bbox 2057 3436 2124 3488; x_wconf 85' lang='lat' dir='ltr'><strong>he</strong></span> <span class='ocrx_word' id='word_1_387' title='bbox 2146 3444 2199 3488; x_wconf 83' lang='lat' dir='ltr'><strong>at</strong></span> <span class='ocrx_word' id='word_1_388' title='bbox 2217 3435 2320 3487; x_wconf 87' lang='lat' dir='ltr'><strong>this</strong></span> <span class='ocrx_word' id='word_1_389' title='bbox 2344 3436 2494 3487; x_wconf 84' lang='lat' dir='ltr'><strong>time?</strong></span> <span class='ocrx_word' id='word_1_390' title='bbox 2520 3434 2621 3485; x_wconf 83' lang='lat' dir='ltr'><strong>and</strong></span> <span class='ocrx_word' id='word_1_391' title='bbox 2643 3433 2778 3485; x_wconf 77' lang='lat' dir='ltr'><strong>what</strong></span> <span class='ocrx_word' id='word_1_392' title='bbox 2801 3447 2906 3482; x_wconf 79' lang='lat' dir='ltr'><strong>was</strong></span> 
     </span>
    </p>
   </div>
   <div class='ocr_carea' id='block_1_13' title="bbox 1746 3515 2906 3661">
    <p class='ocr_par' dir='ltr' id='par_1_13' title="bbox 1746 3515 2906 3661">
     <span class='ocr_line' id='line_1_44' title="bbox 1747 3515 2905 3582; baseline -0.009 -9"><span class='ocrx_word' id='word_1_393' title='bbox 1747 3524 1833 3573; x_wconf 89' lang='lat' dir='ltr'><strong>the</strong></span> <span class='ocrx_word' id='word_1_394' title='bbox 1846 3530 2022 3573; x_wconf 83' lang='lat' dir='ltr'><strong>nature</strong></span> <span class='ocrx_word' id='word_1_395' title='bbox 2036 3521 2093 3571; x_wconf 86' lang='lat' dir='ltr'><strong>of</strong></span> <span class='ocrx_word' id='word_1_396' title='bbox 2107 3521 2187 3572; x_wconf 89' lang='lat' dir='ltr'><strong>his</strong></span> <span class='ocrx_word' id='word_1_397' title='bbox 2208 3519 2349 3570; x_wconf 81' lang='lat' dir='ltr'><strong>work</strong></span> <span class='ocrx_word' id='word_1_398' title='bbox 2362 3521 2388 3569; x_wconf 68' lang='grc' dir='ltr'><strong>Ρ</strong></span> <span class='ocrx_word' id='word_1_399' title='bbox 2453 3518 2581 3569; x_wconf 81' lang='lat' dir='ltr'><strong>Two</strong></span> <span class='ocrx_word' id='word_1_400' title='bbox 2597 3516 2765 3582; x_wconf 88' lang='lat' dir='ltr'><strong>points</strong></span> <span class='ocrx_word' id='word_1_401' title='bbox 2783 3515 2905 3577; x_wconf 85' lang='lat' dir='ltr'><strong>only</strong></span> 
     </span>
     <span class='ocr_line' id='line_1_45' title="bbox 1746 3592 2906 3661; baseline -0.006 -10"><span class='ocrx_word' id='word_1_402' title='bbox 1746 3616 1831 3651; x_wconf 82' lang='lat' dir='ltr'><strong>are</strong></span> <span class='ocrx_word' id='word_1_403' title='bbox 1851 3601 2106 3661; x_wconf 79' lang='lat' dir='ltr'><strong>clear;(1)</strong></span> <span class='ocrx_word' id='word_1_404' title='bbox 2128 3597 2194 3648; x_wconf 90' lang='lat' dir='ltr'><strong>he</strong></span> <span class='ocrx_word' id='word_1_405' title='bbox 2206 3613 2310 3647; x_wconf 79' lang='lat' dir='ltr'><strong>was</strong></span> <span class='ocrx_word' id='word_1_406' title='bbox 2332 3596 2437 3647; x_wconf 89' lang='lat' dir='ltr'><strong>still</strong></span> <span class='ocrx_word' id='word_1_407' title='bbox 2459 3595 2723 3659; x_wconf 81' lang='lat' dir='ltr'><strong>labouring</strong></span> <span class='ocrx_word' id='word_1_408' title='bbox 2743 3594 2795 3642; x_wconf 89' lang='lat' dir='ltr'><strong>in</strong></span> <span class='ocrx_word' id='word_1_409' title='bbox 2818 3592 2906 3644; x_wconf 85' lang='lat' dir='ltr'><strong>the</strong></span> 
     </span>
    </p>
   </div>
   <div class='ocr_carea' id='block_1_14' title="bbox 1743 3675 2906 3826">
    <p class='ocr_par' dir='ltr' id='par_1_14' title="bbox 1743 3675 2906 3826">
     <span class='ocr_line' id='line_1_46' title="bbox 1745 3675 2904 3743; baseline -0.006 -12"><span class='ocrx_word' id='word_1_410' title='bbox 1745 3696 1893 3730; x_wconf 84' lang='lat' dir='ltr'><strong>cause</strong></span> <span class='ocrx_word' id='word_1_411' title='bbox 1927 3680 1986 3730; x_wconf 89' lang='lat' dir='ltr'><strong>of</strong></span> <span class='ocrx_word' id='word_1_412' title='bbox 2010 3680 2096 3730; x_wconf 87' lang='lat' dir='ltr'><strong>the</strong></span> <span class='ocrx_word' id='word_1_413' title='bbox 2127 3679 2334 3743; x_wconf 87' lang='lat' dir='ltr'><strong>Gospel,</strong></span> <span class='ocrx_word' id='word_1_414' title='bbox 2357 3678 2458 3727; x_wconf 85' lang='lat' dir='ltr'><strong>and</strong></span> <span class='ocrx_word' id='word_1_415' title='bbox 2495 3677 2566 3738; x_wconf 72' lang='grc' dir='ltr'><strong>(ο)</strong></span> <span class='ocrx_word' id='word_1_416' title='bbox 2599 3676 2665 3727; x_wconf 87' lang='lat' dir='ltr'><strong>he</strong></span> <span class='ocrx_word' id='word_1_417' title='bbox 2697 3690 2800 3725; x_wconf 80' lang='lat' dir='ltr'><strong>was</strong></span> <span class='ocrx_word' id='word_1_418' title='bbox 2833 3675 2904 3724; x_wconf 80' lang='lat' dir='ltr'><strong>la-</strong></span> 
     </span>
     <span class='ocr_line' id='line_1_47' title="bbox 1743 3755 2906 3826; baseline -0.006 -15"><span class='ocrx_word' id='word_1_419' title='bbox 1743 3761 1960 3826; x_wconf 88' lang='lat' dir='ltr'><strong>bouring</strong></span> <span class='ocrx_word' id='word_1_420' title='bbox 1979 3760 2139 3810; x_wconf 87' lang='lat' dir='ltr'><strong>under</strong></span> <span class='ocrx_word' id='word_1_421' title='bbox 2162 3762 2217 3811; x_wconf 90' lang='lat' dir='ltr'><strong>S.</strong></span> <span class='ocrx_word' id='word_1_422' title='bbox 2237 3756 2402 3808; x_wconf 86' lang='lat' dir='ltr'><strong>Paul’s</strong></span> <span class='ocrx_word' id='word_1_423' title='bbox 2425 3756 2685 3807; x_wconf 87' lang='lat' dir='ltr'><strong>direction.</strong></span> <span class='ocrx_word' id='word_1_424' title='bbox 2726 3755 2906 3806; x_wconf 88' lang='lat' dir='ltr'><strong>Other·</strong></span> 
     </span>
    </p>
   </div>
   <div class='ocr_carea' id='block_1_15' title="bbox 1743 3839 2912 4560">
    <p class='ocr_par' dir='ltr' id='par_1_15' title="bbox 1743 3839 2912 4058">
     <span class='ocr_line' id='line_1_48' title="bbox 1745 3839 2903 3906; baseline -0.005 -13"><span class='ocrx_word' id='word_1_425' title='bbox 1745 3844 1865 3893; x_wconf 86' lang='lat' dir='ltr'><strong>wise</strong></span> <span class='ocrx_word' id='word_1_426' title='bbox 1899 3843 2000 3893; x_wconf 86' lang='lat' dir='ltr'><strong>this</strong></span> <span class='ocrx_word' id='word_1_427' title='bbox 2040 3842 2236 3906; x_wconf 87' lang='lat' dir='ltr'><strong>Epistle</strong></span> <span class='ocrx_word' id='word_1_428' title='bbox 2277 3841 2445 3892; x_wconf 80' lang='lat' dir='ltr'><strong>would</strong></span> <span class='ocrx_word' id='word_1_429' title='bbox 2481 3848 2569 3890; x_wconf 91' lang='lat' dir='ltr'><strong>not</strong></span> <span class='ocrx_word' id='word_1_430' title='bbox 2608 3840 2738 3888; x_wconf 80' lang='lat' dir='ltr'><strong>have</strong></span> <span class='ocrx_word' id='word_1_431' title='bbox 2773 3839 2903 3889; x_wconf 89' lang='lat' dir='ltr'><strong>been</strong></span> 
     </span>
     <span class='ocr_line' id='line_1_49' title="bbox 1743 3918 2912 3987; baseline -0.006 -12"><span class='ocrx_word' id='word_1_432' title='bbox 1743 3925 2108 3976; x_wconf 80' lang='lat' dir='ltr'><strong>characterized</strong></span> <span class='ocrx_word' id='word_1_433' title='bbox 2138 3940 2194 3974; x_wconf 80' lang='lat' dir='ltr'><strong>as</strong></span> <span class='ocrx_word' id='word_1_434' title='bbox 2224 3924 2262 3974; x_wconf 90' lang='lat' dir='ltr'><strong>it</strong></span> <span class='ocrx_word' id='word_1_435' title='bbox 2292 3924 2336 3973; x_wconf 88' lang='lat' dir='ltr'><strong>is</strong></span> <span class='ocrx_word' id='word_1_436' title='bbox 2363 3924 2432 3987; x_wconf 85' lang='lat' dir='ltr'><strong>by</strong></span> <span class='ocrx_word' id='word_1_437' title='bbox 2462 3921 2548 3972; x_wconf 85' lang='lat' dir='ltr'><strong>the</strong></span> <span class='ocrx_word' id='word_1_438' title='bbox 2579 3922 2825 3985; x_wconf 83' lang='lat' dir='ltr'><strong>language</strong></span> <span class='ocrx_word' id='word_1_439' title='bbox 2851 3918 2912 3968; x_wconf 83' lang='lat' dir='ltr'><strong>of</strong></span> 
     </span>
     <span class='ocr_line' id='line_1_50' title="bbox 1743 4002 2563 4058; baseline -0.005 0"><span class='ocrx_word' id='word_1_440' title='bbox 1743 4007 1976 4058; x_wconf 80' lang='lat' dir='ltr'><strong>affection</strong></span> <span class='ocrx_word' id='word_1_441' title='bbox 1995 4007 2098 4056; x_wconf 85' lang='lat' dir='ltr'><strong>and</strong></span> <span class='ocrx_word' id='word_1_442' title='bbox 2120 4002 2563 4056; x_wconf 83' lang='lat' dir='ltr'><strong>commendation.&#39;</strong></span> 
     </span>
    </p>

    <p class='ocr_par' dir='ltr' id='par_1_16' title="bbox 1743 4083 2903 4236">
     <span class='ocr_line' id='line_1_51' title="bbox 1809 4083 2903 4156; baseline -0.005 -17"><span class='ocrx_word' id='word_1_443' title='bbox 1809 4104 1857 4156; x_wconf 89' lang='lat'><strong>9.</strong></span> <span class='ocrx_word' id='word_1_444' title='bbox 1927 4089 2270 4138; x_wconf 78' lang='lat' dir='ltr'><strong>adcommune</strong></span> <span class='ocrx_word' id='word_1_445' title='bbox 2287 4084 2665 4147; x_wconf 78' lang='lat' dir='ltr'><strong>ornamentum]</strong></span> <span class='ocrx_word' id='word_1_446' title='bbox 2717 4083 2799 4135; x_wconf 88' lang='lat' dir='ltr'><strong>Cf.</strong></span> <span class='ocrx_word' id='word_1_447' title='bbox 2838 4094 2903 4133; x_wconf 87' lang='lat'><strong>11.</strong></span> 
     </span>
     <span class='ocr_line' id='line_1_52' title="bbox 1743 4169 2569 4236; baseline -0.001 -20"><span class='ocrx_word' id='word_1_448' title='bbox 1743 4185 1832 4234; x_wconf 89' lang='lat' dir='ltr'><strong>pp.</strong></span> <span class='ocrx_word' id='word_1_449' title='bbox 1856 4170 1935 4232; x_wconf 81' lang='lat'><strong>84,</strong></span> <span class='ocrx_word' id='word_1_450' title='bbox 1963 4169 1998 4219; x_wconf 92' lang='lat'><strong>1.</strong></span> <span class='ocrx_word' id='word_1_451' title='bbox 2033 4184 2121 4236; x_wconf 80' lang='lat'><strong>193</strong></span> <span class='ocrx_word' id='word_1_452' title='bbox 2157 4184 2239 4235; x_wconf 82' lang='lat'><strong>94,</strong></span> <span class='ocrx_word' id='word_1_453' title='bbox 2265 4169 2301 4219; x_wconf 84' lang='lat'><strong>1.</strong></span> <span class='ocrx_word' id='word_1_454' title='bbox 2329 4184 2403 4227; x_wconf 79' lang='grc' dir='ltr'><strong>ιο,</strong></span> <span class='ocrx_word' id='word_1_455' title='bbox 2432 4174 2569 4217; x_wconf 89' lang='lat' dir='ltr'><strong>note.</strong></span> 
     </span>
    </p>

    <p class='ocr_par' dir='ltr' id='par_1_17' title="bbox 1743 4245 2906 4473">
     <span class='ocr_line' id='line_1_53' title="bbox 1816 4245 2906 4313; baseline -0.002 -14"><span class='ocrx_word' id='word_1_456' title='bbox 1816 4264 1891 4312; x_wconf 83' lang='lat'><strong>¹5·</strong></span> <span class='ocrx_word' id='word_1_457' title='bbox 1946 4250 2122 4313; x_wconf 58' lang='lat' dir='ltr'><strong>exigit]</strong></span> <span class='ocrx_word' id='word_1_458' title='bbox 2156 4250 2236 4300; x_wconf 88' lang='lat' dir='ltr'><strong>Cf.</strong></span> <span class='ocrx_word' id='word_1_459' title='bbox 2260 4265 2341 4299; x_wconf 77' lang='lat' dir='ltr'><strong>vv.</strong></span> <span class='ocrx_word' id='word_1_460' title='bbox 2370 4249 2422 4299; x_wconf 92' lang='lat'><strong>11.</strong></span> <span class='ocrx_word' id='word_1_461' title='bbox 2445 4247 2560 4310; x_wconf 84' lang='lat' dir='ltr'><strong>;for</strong></span> <span class='ocrx_word' id='word_1_462' title='bbox 2587 4262 2652 4297; x_wconf 82' lang='lat' dir='ltr'><strong>an</strong></span> <span class='ocrx_word' id='word_1_463' title='bbox 2674 4245 2906 4312; x_wconf 75' lang='lat' dir='ltr'><strong>example</strong></span> 
     </span>
     <span class='ocr_line' id='line_1_54' title="bbox 1746 4328 2904 4390; baseline -0.004 -11"><span class='ocrx_word' id='word_1_464' title='bbox 1746 4329 1806 4380; x_wconf 84' lang='lat' dir='ltr'><strong>os</strong></span> <span class='ocrx_word' id='word_1_465' title='bbox 1821 4330 1906 4379; x_wconf 90' lang='lat' dir='ltr'><strong>the</strong></span> <span class='ocrx_word' id='word_1_466' title='bbox 1927 4345 2166 4380; x_wconf 84' lang='lat' dir='ltr'><strong>converse</strong></span> <span class='ocrx_word' id='word_1_467' title='bbox 2189 4345 2342 4390; x_wconf 87' lang='lat' dir='ltr'><strong>error,</strong></span> <span class='ocrx_word' id='word_1_468' title='bbox 2369 4344 2453 4379; x_wconf 85' lang='lat' dir='ltr'><strong>see</strong></span> <span class='ocrx_word' id='word_1_469' title='bbox 2475 4344 2542 4379; x_wconf 89' lang='lat' dir='ltr'><strong>on</strong></span> <span class='ocrx_word' id='word_1_470' title='bbox 2572 4345 2591 4378; x_wconf 80' lang='grc' dir='ltr'>ι</span> <span class='ocrx_word' id='word_1_471' title='bbox 2620 4328 2754 4377; x_wconf 86' lang='lat' dir='ltr'><strong>Tim.</strong></span> <span class='ocrx_word' id='word_1_472' title='bbox 2780 4343 2828 4376; x_wconf 82' lang='lat' dir='ltr'><strong>v.</strong></span> <span class='ocrx_word' id='word_1_473' title='bbox 2855 4340 2904 4389; x_wconf 83' lang='lat'><strong>3.</strong></span> 
     </span>
     <span class='ocr_line' id='line_1_55' title="bbox 1743 4411 2570 4473; baseline -0.005 -10"><span class='ocrx_word' id='word_1_474' title='bbox 1743 4413 1933 4463; x_wconf 76' lang='lat' dir='ltr'><strong>Multis</strong></span> <span class='ocrx_word' id='word_1_475' title='bbox 1951 4412 2008 4461; x_wconf 76' lang='lat' dir='ltr'><strong>in</strong></span> <span class='ocrx_word' id='word_1_476' title='bbox 2029 4411 2170 4473; x_wconf 76' lang='lat' dir='ltr'><strong>locis]</strong></span> <span class='ocrx_word' id='word_1_477' title='bbox 2217 4411 2295 4462; x_wconf 82' lang='lat' dir='ltr'><strong>Cf.</strong></span> <span class='ocrx_word' id='word_1_478' title='bbox 2325 4427 2369 4462; x_wconf 85' lang='lat' dir='ltr'><strong>c.</strong></span> <span class='ocrx_word' id='word_1_479' title='bbox 2397 4411 2468 4461; x_wconf 84' lang='lat' dir='ltr'><strong>iii.</strong></span> <span class='ocrx_word' id='word_1_480' title='bbox 2493 4426 2570 4461; x_wconf 88' lang='lat'><strong>11.</strong></span> 
     </span>
    </p>

    <p class='ocr_par' dir='ltr' id='par_1_18' title="bbox 1814 4491 2836 4560">
     <span class='ocr_line' id='line_1_56' title="bbox 1814 4491 2836 4560; baseline -0.006 -16"><span class='ocrx_word' id='word_1_481' title='bbox 1814 4509 1889 4560; x_wconf 85' lang='lat'><strong>¹9·</strong></span> <span class='ocrx_word' id='word_1_482' title='bbox 1958 4494 2016 4543; x_wconf 83' lang='lat' dir='ltr'><strong>in</strong></span> <span class='ocrx_word' id='word_1_483' title='bbox 2041 4494 2200 4544; x_wconf 82' lang='lat' dir='ltr'><strong>media</strong></span> <span class='ocrx_word' id='word_1_484' title='bbox 2221 4509 2352 4554; x_wconf 80' lang='lat' dir='ltr'><strong>uero,</strong></span> <span class='ocrx_word' id='word_1_485' title='bbox 2379 4492 2492 4554; x_wconf 63' lang='lat' dir='ltr'><strong>Sic-1</strong></span> <span class='ocrx_word' id='word_1_486' title='bbox 2526 4492 2585 4543; x_wconf 93' lang='lat' dir='ltr'><strong>C.</strong></span> <span class='ocrx_word' id='word_1_487' title='bbox 2615 4491 2684 4541; x_wconf 88' lang='lat' dir='ltr'><strong>iii.</strong></span> <span class='ocrx_word' id='word_1_488' title='bbox 2715 4506 2733 4540; x_wconf 84' lang='grc' dir='ltr'>ι</span> <span class='ocrx_word' id='word_1_489' title='bbox 2762 4506 2836 4556; x_wconf 90' lang='lat' dir='ltr'><strong>sq.</strong></span> 
     </span>
    </p>
   </div>
  </div>
 </body>
</html>
