3221 5116
221 428 279 493 1.
327 429 461 514 11.]
941 440 1023 493 IN
1074 440 1330 493 EP..AD
1376 440 1844 492 TIMOTHEUM
1893 442 1938 493 1.
2583 435 2667 502 77

216 612 797 677 resurrectionem
829 612 1045 677 aderit
1075 609 1477 688 hominibuS,
1509 611 1699 695 quasi
1733 611 1846 694 qui
1877 619 1945 675 et
1977 612 2043 675 in
2078 610 2421 675 meliorem
2453 617 2668 672 trans-

219 716 402 778 ituri
441 725 599 780 sunt
630 725 923 794 statum3
966 717 1335 781 seminatur
1365 717 1544 781 enim
1595 715 1742 797 (ait)
1788 715 1857 779 in
1898 716 2307 800 corruptione,
2338 713 2560 796 surgit
2596 712 2666 776 in

214 816 781 902 incorruptionem
802 842 831 893 ,·
874 818 1243 883 seminatur
1270 820 1338 884 in
1373 819 1773 903 infirmitate,
1803 819 2024 902 surgit
2051 819 2120 882 in
2153 819 2398 883 uirtute
2414 841 2446 893 ,·
2475 814 2668 880 semi-

217 930 453 983 natur
495 921 562 984 in
613 920 1033 1005 ignobilitate,
1075 921 1299 1006 surgit
1339 922 1409 986 in
1444 921 1683 1006 gloria.
1770 922 2181 1004 euangelium
2219 942 2379 985 uero
2413 918 2668 1002 gloriae

214 1033 445 1088 uocat
507 1024 690 1089 illam
752 1025 1317 1108 praedicationem
1380 1044 1555 1108 quae
1614 1022 1699 1087 de
1761 1023 2112 1107 euangelio
2173 1032 2291 1099 est,
2355 1022 2535 1106 quod
2599 1029 2666 1084 et
2740 1026 2771 1092 5

216 1136 729 1210 consequenter
790 1129 1151 1192 ‘creditum
1212 1126 1374 1191 sibi'
1436 1147 1580 1191 esse
1645 1127 1878 1203 edixit,
1941 1136 2016 1191 ut
2089 1128 2361 1191 doceret
2432 1145 2667 1190 omnes

214 1228 552 1294 homines
597 1231 839 1295 debere
885 1241 1246 1314 expectare
1292 1230 1406 1294 illa
1453 1251 1571 1313 per
1616 1251 1765 1293 eam
1809 1229 2031 1302 fidem,
2064 1252 2237 1313 quae
2284 1231 2348 1295 in
2399 1230 2665 1296 Christo

220 1344 365 1399 est.
457 1334 740 1416 gloriam
787 1355 947 1398 uero
991 1334 1165 1398 beati
1203 1333 1337 1396 Dei
1377 1333 1571 1409 dixit,
1604 1341 1680 1396 ut
1725 1332 1908 1395 dicat
1937 1339 2148 1415 ‘quae
2192 1333 2278 1397 ab
2322 1333 2436 1397 illo
2475 1333 2666 1396 nobis

219 1436 588 1502 tribuitur.'
652 1436 854 1520 †iure
887 1437 1212 1501 ‘beatum’
1248 1436 1469 1499 Deum
1496 1435 1623 1497 hoc
1649 1435 1715 1497 in
1741 1434 1889 1498 loco
1912 1445 2127 1511 uocat,
2161 1457 2241 1498 eo
2272 1437 2450 1519 quod
2486 1436 2664 1500 idem

222 1542 307 1605 in
373 1551 613 1606 natura
672 1542 1155 1606 beatitudinem
1216 1540 1462 1605 habeat
1510 1549 1785 1622 propter
1835 1560 2025 1603 suam
2078 1539 2662 1614 inuertibilitatem,
2701 1553 2777 1600 10

225 1645 440 1708 nobis
471 1663 628 1708 uero
651 1645 857 1727 gratis
889 1645 956 1708 id
995 1641 1302 1708 tribuat*
1350 1641 1515 1705 haec
1547 1661 1708 1724 ergo
1739 1643 2150 1724 praedicatio
2181 1655 2283 1707 est
2313 1643 2398 1707 de
2431 1642 2667 1708 suturis

225 1768 418 1832 quae
449 1759 807 1831 expectare
837 1769 1071 1813 omnes
1102 1750 1436 1823 docemuS,
1470 1756 1992 1830 consequentem
2041 1749 2102 1812 ei
2149 1747 2468 1812 facientes
2510 1748 2667 1811 doc-

230 1854 534 1929 trinam;
617 1872 1091 1936 praeparamus
1150 1852 1327 1914 enim
1389 1871 1624 1913 omnes
1686 1851 1873 1914 illam
1933 1853 2144 1915 uitam
2209 1853 2276 1914 in
2330 1853 2664 1935 praesenti

230 1956 514 2021 saeculo
559 1958 820 2034 imitari,
866 1965 1062 2040 prout
1104 1965 1328 2040 potest
1374 1966 1690 2020 canentes
1734 1976 1775 2019 a
1823 1966 2116 2039 peccat0,
2157 1978 2238 2020 eo
2284 1958 2464 2041 quod
2513 1957 2668 2020 licet

233 2061 342 2124 eis
391 2060 814 2124 credentibus
856 2080 973 2142 per
1012 2060 1435 2143 baptismatis
1490 2059 1772 2123 formam
1826 2072 2165 2125 consortes
2218 2061 2479 2125 illorum
2530 2059 2666 2123 fieri
2702 2067 2770 2133 15

234 2163 594 2229 bonorum.
682 2164 927 2228 talibus
973 2184 1132 2227 uero
1175 2164 1563 2227 extantibus
1604 2162 1938 2246 superflua
1978 2175 2081 2230 est
2124 2164 2251 2228 illis
2289 2164 2420 2241 lex,
2459 2185 2665 2228 unum

234 2267 539 2349 quidem,
578 2267 733 2349 quia
773 2266 969 2330 rebus
1001 2268 1160 2351 ipsis
1192 2266 1315 2330 frui
1360 2266 1471 2331 illa
1508 2276 1874 2351 expectant
1907 2268 1973 2331 in
2015 2269 2258 2352 quibus
2301 2270 2669 2332 existentes

379 2443 647 2516 εἰκότως
691 2445 763 2512 δὲ
806 2448 1180 2533 *μακάριοί
1227 2448 1427 2516 αὑτὸν
1472 2448 1760 2516 ἐνταῦθα,
1804 2451 2011 2526 καλεῖ,
2050 2445 2135 2518 ὥς
2179 2447 2262 2512 ἂν
2305 2444 2509 2513 αὑτοῦ
2547 2446 2671 2530 μὲν

239 2546 324 2613 τὸ
365 2546 692 2634 μακάρων
737 2548 1002 2640 ἔχοντος
1049 2553 1117 2619 ἐν
1161 2555 1242 2638 τῇ
1289 2549 1490 2642 φύσει
1535 2548 1643 2617 διὰ
1685 2555 1804 2633 τῆς
1851 2549 2354 2639 ἀτρεπτότητος,
2396 2547 2555 2634 ἡμῖν
2599 2548 2670 2616 δὲ

239 2647 479 2740 χάριτι
524 2657 727 2719 τοῦτο·
762 2659 1276 2741 περιποιοῦντος.
2693 2677 2784 2725 20

348 2822 377 2857 2
412 2818 579 2875 surget
601 2812 671 2861 Η
677 2829 711 2861 ν
884 2831 913 2879 3
947 2813 1322 2881 incorruptione
1344 2833 1376 2866 r
1400 2813 1409 2880 Ι
1440 2822 1606 2880 surget
1630 2815 1698 2864 Η
1701 2831 1733 2864 ν
1910 2832 1940 2876 4
1975 2818 2142 2876 surget
2164 2813 2266 2862 Ην
2289 2809 2298 2876 Ι
2326 2810 2514 2875 gloriae
2535 2827 2614 2860 om
2639 2826 2672 2859 r

241 2892 277 2944 6
314 2894 439 2943 dixit
464 2895 531 2944 Η
537 2910 570 2943 ν
837 2909 865 2959 7
901 2895 1039 2946 illam
1065 2897 1178 2961 (sor
1208 2898 1295 2946 illa
1317 2913 1408 2962 per
1429 2897 1563 2956 eam)
1586 2896 1655 2944 Η
1908 2896 1939 2944 8
1970 2893 2039 2958 gl.
2067 2901 2234 2942 autem
2251 2893 2375 2942 dixit
2399 2893 2447 2942 b.
2478 2893 2544 2943 D.
2580 2894 2625 2942 C
2638 2910 2670 2941 r

249 2989 268 3023 ι
287 2988 307 3022 1
347 2990 476 3039 quae
499 2976 517 3036 (
536 2974 733 3039 forest)
758 2976 864 3026 Ην
1031 2993 1087 3028 12
1123 2994 1274 3043 quam
1297 2987 1347 3028 et
1375 2977 1492 3043 (fir
1510 2974 1659 3041 quae)
1695 2975 1764 3025 Η
1834 2989 1985 3039 quam
2011 2973 2105 3037 (om
2129 2971 2197 3038 et)
2221 2990 2255 3022 ν
2278 2971 2286 3037 Ι
2316 2973 2553 3023 docemur
2580 2974 2670 3022 Cr

270 3055 281 3122 Ι
312 3056 471 3107 doctr.
498 3056 590 3107 sac.
618 3058 687 3108 Η
944 3074 1002 3123 ¹4
1034 3060 1243 3124 potestis
1272 3062 1316 3110 C
1340 3057 1349 3124 Ι
1377 3058 1595 3125 peccatis
1618 3073 1650 3106 r
1892 3069 1948 3119 15
1984 3070 2074 3119 per
2098 3055 2398 3119 baptismate
2421 3054 2488 3103 Η
2511 3053 2520 3120 Ι
2549 3069 2665 3103 con-

240 3146 407 3188 sortes
427 3154 505 3187 om
534 3140 577 3188 C
594 3139 661 3188 H
673 3158 686 3189 z
719 3146 802 3188 txt
821 3155 853 3188 r
1042 3142 1100 3191 18
1136 3141 1291 3192 Coisl.
1325 3155 1436 3202 204,
1464 3139 1499 3189 s.
1532 3139 1623 3204 189
1646 3139 1681 3187 b
1705 3138 1815 3201 [Cr.
1837 3136 1922 3187 vii.
1951 3152 2001 3201 9,
2027 3137 2109 3186 Fr.
2141 3135 2257 3201 150]
2292 3139 2535 3200 θεόδωρος.
2606 3138 2666 3185 εἰ·

241 3221 414 3279 norm,
445 3221 593 3269 κ.τ.λ.

314 3381 356 3415 2.
424 3365 718 3426 seminatur,
763 3365 879 3428 ἂι]
957 3383 976 3418 r
1025 3368 1143 3419 Cor.
1188 3384 1269 3418 xv.
1307 3381 1403 3431 433
1506 3367 1665 3426 αὐτοῦ,
1723 3364 1896 3428 τολλῷ
1950 3367 2002 3416 δὲ
2051 3361 2242 3427 μᾶλλον
2285 3364 2351 3416 τὰ
2398 3365 2664 3428 μέλλοντα.

243 3447 312 3497 cs.
345 3459 407 3496 ιι.
437 3462 489 3512 p.
528 3463 605 3511 25,
641 3447 676 3497 l.
707 3463 786 3512 41,
820 3456 952 3499 note.
1508 3448 1742 3512 Pelagius
1764 3448 2096 3499 understands
2118 3449 2305 3513 simply
2333 3448 2448 3499 ‘the
2471 3448 2665 3514 Gospel

313 3547 362 3590 4.
398 3530 725 3594 ‘euangelium
742 3531 1172 3596 u.gloriae'...⁸gl.
1196 3530 1239 3580 b.
1254 3530 1356 3579 Dei
1367 3529 1404 3592 ⁹]
1506 3530 1673 3580 which
1699 3531 1868 3597 brings
1888 3531 2032 3596 glory
2056 3540 2109 3582 to
2133 3532 2248 3582 God
2268 3531 2297 3581 :’
2334 3533 2454 3581 “eu.
2478 3532 2671 3596 gloride

244 3607 330 3659 Cf.
372 3608 560 3659 Thdt:
616 3612 632 3635 ⁴
650 3609 965 3672 εὐαγγέλιον*
1006 3613 1059 3660 δὲ
1109 3613 1123 3636 ⁸
1143 3612 1306 3671 δόξης’
1347 3613 1405 3662 τὸ
1513 3628 1664 3677 ...per
1685 3629 1837 3678 quam
1858 3613 2163 3679 glorificatur
2185 3611 2377 3663 Deus.’'

242 3690 469 3752 κήρυγμα
509 3691 756 3750 κέκληκεν,
792 3692 958 3749 ἐπειδὴ
995 3691 1086 3750 τήν
1125 3694 1402 3752 μέλλουσαν
1570 3693 1621 3741 8.
1687 3709 1812 3758 quae
1903 3693 2346 3755 inuertibile'tatem]
2398 3693 2546 3742 Cited
2596 3693 2667 3756 by

246 3772 391 3831 δόξαν
465 3773 831 3833 ἐπαγγέλλεται
904 3775 1002 3823 τοῖς
1077 3777 1399 3825 πιστεύουσα.
1508 3778 1777 3837 Lansranc,
1827 3777 1944 3826 who
1986 3776 2220 3825 however
2252 3774 2545 3823 substitutes
2586 3772 2665 3824 sor

244 3849 429 3912 Chrys.
470 3850 639 3915 places
682 3851 895 3901 another
938 3853 1260 3917 explanation
1297 3854 1406 3903 side
1505 3860 1591 3910 the
1613 3861 1711 3911 last
1732 3860 1872 3909 word
1906 3858 1991 3908 the
2027 3856 2187 3907 easier
2227 3859 2262 3882 ⁸⁶
2285 3856 2665 3906 immutabilia-

244 3931 315 3995 by
337 3930 446 3981 side
474 3931 594 3980 with
626 3932 750 3981 this:
795 3934 893 3982 (εὖ.
919 3931 984 3983 δ.’
1017 3935 1215 3996 εἴρηκεν,
1244 3932 1403 3994 δηλῶν
1504 3942 1667 3994 tem‚”

244 4015 322 4062 ὅτι
377 4015 491 4073 δόξα
539 4015 675 4062 ἐστὶν
722 4013 779 4064 τὸ
828 4013 984 4066 πάθος
1038 4018 1125 4064 τοῦ
1169 4017 1406 4077 Χριστοῦ·
1572 4040 1623 4091 9.
1691 4025 1802 4073 iure
1843 4022 2064 4071 ‘beatum
2083 4017 2097 4041 ⁹
2136 4018 2530 4081 Deum...uocae]
2564 4020 2663 4071 See

243 4090 281 4153 ἥ
311 4095 389 4142 καὶ
423 4096 488 4143 τὰ
520 4097 767 4149 μέλλοντα
788 4099 1063 4148 αἰνίττεται.
1140 4098 1267 4148 Like
1301 4099 1397 4149 Th.
1507 4103 1593 4152 the
1616 4118 1800 4153 comm.
1824 4117 1891 4151 on
1915 4117 1958 4151 c.
1988 4100 2052 4150 vi.
2089 4114 2163 4163 15,
2190 4101 2347 4165 infra.

245 4175 311 4226 he
349 4175 457 4226 also
483 4176 656 4251 brings
688 4180 774 4238 τῆς
811 4175 947 4237 δόξης
980 4178 1087 4227 into
1123 4178 1405 4228 connexion
1578 4200 1654 4235 ιι.
1720 4181 2130 4244 nobis...tribuat]
2170 4181 2249 4232 Cf.
2281 4180 2379 4231 Th.
2412 4197 2478 4230 on
2515 4181 2592 4232 Ps.
2629 4182 2663 4232 i.

244 4252 371 4304 with
412 4253 500 4302 τοῦ
545 4255 669 4314 θεοῦ,
711 4255 811 4305 and
859 4255 988 4305 from
1032 4254 1133 4305 this
1176 4255 1318 4320 point
1353 4255 1413 4305 os
1511 4263 1775 4329 1(Migne,
1799 4261 1936 4329 648).

242 4334 374 4386 view
394 4336 544 4400 again
565 4335 712 4386 offers
745 4352 777 4386 a
801 4337 989 4387 double
1022 4336 1405 4403 interpretation
1577 4342 1656 4394 16.
1720 4359 1883 4393 unum
1930 4342 2131 4409 quidem
2260 4344 2473 4393 alterum
2525 4345 2665 4408 uero]

244 4416 350 4478 -ἤ
371 4414 464 4477 τὴν
487 4420 720 4482 λατρείαν
750 4421 900 4480 φησὶν
930 4419 1018 4469 τοῦ
1041 4420 1166 4481 θεοῦ,
1202 4417 1239 4481 ἢ
1266 4422 1342 4470 ὅτι
1364 4422 1409 4470 cl
1512 4425 1550 4452 “
1570 4425 1673 4474 For
1693 4439 1788 4475 one
1812 4423 2120 4489 thing...and
2146 4423 2332 4474 further
2351 4422 2381 4448 '⁹
2406 4425 2476 4485 (ἓν
2496 4426 2584 4483 μὲν

244 4503 310 4550 τὰ
332 4500 549 4564 παρόντα
571 4502 732 4550 πάντα
766 4502 1111 4562 ἐμπέπλησται
1147 4502 1232 4561 τῆς
1270 4504 1407 4564 δόξης
1507 4505 1633 4556 ἄλλο
1656 4504 1745 4570 δέ).
1813 4504 1895 4555 Cf.
1922 4504 2084 4568 infra,
2111 4519 2159 4568 p.
2184 4506 2266 4566 85,
2294 4504 2348 4552 ll.
2371 4502 2442 4564 16,
2478 4517 2554 4568 17.
