3221 5116
1054 392 1135 442 IN
1188 392 1292 443 ΕΡ.
1340 392 1441 442 ΑΙ)
1491 391 2021 443 PHILEMONEM.

2623 377 2747 457 263

330 586 532 647 quam
568 573 845 646 poterat,
879 566 931 628 si
980 584 1113 628 non
1158 566 1344 629 Deus
1390 586 1538 629 eam
1587 587 1732 629 esse
1766 565 2086 629 uoluisset
2111 584 2127 641 3
2175 585 2295 628 nec
2335 573 2561 628 autem
2606 571 2748 627 erat

332 668 571 731 durum
619 678 736 732 aut
780 668 1184 733 laboriosum
1234 670 1384 734 Deo
1429 671 1482 733 si
1528 691 1763 734 omnes
1811 667 2122 751 aequales
2160 668 2374 733 facere
2406 667 2746 740 uoluisset,

329 772 383 833 si
417 780 642 835 tamen
676 772 800 836 hoc
832 775 1063 837 scisset
1094 775 1472 838 hominibus
1504 776 1840 858 expedire.
1931 775 2144 837 sciens
2175 794 2336 836 uero
2367 771 2530 836 illud
2563 769 2742 851 quod

329 875 483 940 talis
543 875 915 939 differentia
978 876 1159 939 nulla
1220 879 1283 940 in
1347 888 1537 960 parte
1586 879 1854 960 pietatis
1910 877 2133 940 laedat
2187 876 2530 948 rationem,
2590 892 2743 935 cum

328 987 602 1060 possent
645 989 711 1041 et
742 979 985 1042 diuites
1026 988 1094 1042 et
1126 1000 1450 1062 pauperes
1492 989 1560 1043 et
1601 981 1773 1043 serui
1818 989 1885 1043 et
1918 979 2104 1043 liberi
2148 980 2202 1041 si
2235 987 2460 1042 tamen
2493 976 2745 1040 uellent
2822 990 2853 1058 5

328 1081 594 1144 studere
637 1082 900 1162 pietati3
947 1083 1138 1145 sicuti
1179 1092 1247 1146 et
1292 1103 1329 1145 e
1368 1083 1700 1145 contrario
1733 1090 2012 1164 possunt
2044 1081 2207 1145 illud
2239 1081 2418 1163 quod
2453 1083 2743 1161 deterius

328 1193 429 1245 est
483 1186 898 1268 praeeligere,
932 1188 985 1249 si
1043 1186 1108 1250 id
1159 1188 1340 1269 quod
1386 1187 1719 1250 uoluerint
1767 1187 1907 1249 erit.

1997 1206 2171 1267 quae
2214 1195 2455 1248 cuncta
2505 1186 2570 1247 in
2622 1206 2744 1248 suo

330 1288 561 1351 ordine
595 1308 860 1351 manere
902 1288 1203 1365 uolebat3
1244 1290 1424 1352 unde
1454 1299 1523 1354 et
1553 1289 1968 1372 diligentiam
2001 1288 2315 1352 adhibere
2347 1289 2744 1351 conuenien-

330 1394 498 1455 tium
546 1412 778 1455 omnes
816 1395 1062 1475 pariter
1098 1395 1484 1458 instruebat.
1563 1396 1714 1458 ideo
1746 1403 1814 1457 et
1846 1394 2254 1476 principibus
2285 1392 2746 1473 obtemperare

332 1495 514 1559 iubet
559 1518 690 1569 eos,
740 1499 1042 1580 inquiens
1088 1520 1356 1563 ornnem
1406 1509 1807 1583 potestatem
1861 1520 1900 1562 a
1944 1497 2092 1560 Deo
2133 1517 2277 1560 esse
2314 1495 2706 1578 dispositam
2735 1516 2751 1571 ;
2785 1505 2863 1553 10

331 1608 399 1663 et
444 1599 529 1662 ad
577 1599 849 1681 plenum
889 1603 1209 1684 praecipit
1255 1613 1330 1665 ut
1375 1603 1730 1686 unicuique
1769 1603 2069 1666 debitum
2109 1600 2567 1684 persoluamus
2608 1599 2748 1662 siue

332 1702 654 1766 tributum
703 1705 843 1766 siue
890 1705 1174 1786 uectigal
1223 1706 1364 1769 siue
1409 1707 1718 1770 timorem
1766 1707 1908 1769 siue
1953 1705 2318 1780 honorem;
2365 1704 2749 1787 plenissime

331 1807 739 1889 praecipiens
801 1817 875 1871 ut
949 1810 1263 1891 quicquid
1342 1812 1406 1872 in
1469 1811 1771 1873 debitum
1849 1818 1917 1872 et
1992 1817 2406 1872 contractum
2468 1807 2753 1871 habetur

331 1909 764 1992 persoluatur.
839 1912 954 1974 sed
990 1932 1205 1993 neque
1226 1913 1320 1975 ‘de
1354 1912 1659 1996 largitate
1691 1933 1862 1995 quae
1895 1913 1970 1976 fit
2003 1915 2067 1976 in
2102 1933 2426 1994 pauperes
2457 1913 2750 1976 scribens

330 2015 753 2095 praeceptiue
791 2015 856 2078 id
896 2015 1032 2079 fieri
1081 2017 1279 2088 iubet,
1320 2019 1435 2081 sed
1487 2019 1722 2081 melius
1753 2039 1897 2081 esse
1939 2017 2356 2080 existimauit
2385 2017 2750 2080 concedere
2787 2032 2856 2099 15

329 2122 457 2184 illis
502 2130 578 2184 ut
624 2122 1073 2201 unusquisque
1121 2123 1439 2203 propositi
1481 2123 1582 2184 sui
1626 2130 1783 2202 agat
1826 2120 2138 2196 arbitrio;
2202 2119 2421 2183 adhuc
2460 2128 2529 2182 et
2582 2118 2746 2182 illud

331 2226 574 2288 adiecit
627 2234 698 2288 ut
748 2227 1113 2288 secundum
1167 2227 1339 2289 uires
1387 2247 1539 2289 suas
1594 2227 2000 2307 praebeant;
2053 2245 2173 2287 nec
2218 2232 2442 2287 autem
2498 2221 2751 2304 patitur

313 2339 404 2417 ‘ut
459 2329 567 2392 alii
614 2330 884 2411 quidem
932 2330 1066 2392 sint
1113 2331 1177 2392 in
1225 2331 1538 2412 requiem,
1572 2329 1695 2408 ipsi
1741 2347 1900 2390 uero
1944 2328 2058 2410 qui
2105 2328 2426 2408 praebent
2473 2325 2749 2407 penuria

330 2444 773 2498 conterantur.
861 2453 1087 2496 seruos
1119 2453 1318 2495 omne
1358 2430 1596 2494 seruile
1629 2430 2021 2511 obsequium
2061 2430 2195 2492 suis
2236 2429 2524 2492 dominis
2555 2449 2748 2510 prae-

438 2625 454 2658 ι
495 2626 555 2659 ea
589 2610 702 2674 (for
737 2611 868 2669 eam)
906 2610 972 2658 Η
990 2607 998 2673 Ι
1029 2625 1121 2659 nec
1149 2608 1620 2660 autem...uoluisset
1654 2624 1732 2656 om
1763 2625 1795 2656 r
1823 2609 1945 2672 (per
1964 2608 2252 2667 homoeolcl.)

1580 2701 1605 2750 7
1645 2690 1917 2755 pereligere
1937 2691 2005 2739 H
2022 2688 2031 2754 Ι
2061 2688 2168 2739 fieri
2192 2689 2287 2755 (afl
2307 2690 2573 2750 noluerint)
2598 2691 2704 2739 add
2718 2707 2752 2737 r

1467 2788 1501 2839 9
1532 2771 1868 2836 obtemperari
1892 2788 1925 2821 r

651 2871 702 2905 11
742 2863 791 2905 et
817 2853 1024 2918 (sot-ut)
1050 2853 1112 2917 νΙ
1144 2854 1488 2919 prosoluamus
1515 2854 1646 2903 CH

334 2706 362 2755 5
398 2691 554 2757 possit
578 2692 645 2740 H
716 2691 909 2755 possint
934 2707 966 2739 r
990 2689 999 2754 Ι
1028 2692 1185 2743 uelint
1214 2692 1257 2741 C
1277 2708 1309 2740 r

331 2777 363 2824 8
396 2772 656 2839 diligentia
678 2790 710 2822 r
734 2771 742 2837 Ι
772 2773 1173 2822 conuenientiatn
1194 2788 1228 2821 r

332 2856 479 2917 (corr)

332 2936 450 3000 (jbr
471 2936 540 2999 id)
566 2937 629 2985 H
826 2948 883 2999 17
917 2951 1061 2985 aures
1085 2936 1202 3000 (sor
1221 2934 1370 2999 uires)
1396 2936 1462 2985 H

331 3103 518 3165 ἐροῦσιν
554 3102 653 3165 ’γὰρ
683 3104 761 3151 καὶ
780 3100 1023 3159 Ἕλληνες
1049 3100 1124 3151 ὅτι
1155 3099 1353 3152 δύναται
1382 3103 1487 3150 δον·

330 3182 481 3233 λεύων
505 3182 780 3244 εὐαρεστεῖν
803 3183 874 3247 τῷ
895 3184 1006 3248 θεῷ’.

395 3282 444 3332 9.
513 3268 825 3332 principibus
869 3268 958 3317 obt.
1017 3267 1161 3328 iubet,
1209 3267 1327 3328 δια]
1404 3266 1486 3315 Cf.

334 3349 484 3397 Rom.
518 3349 623 3397 xiii.
663 3366 704 3409 1,
733 3350 915 3413 Vulg.:
953 3349 1163 3399 “omnis
1195 3349 1363 3398 anima
1397 3363 1486 3412 po·

329 3429 592 3479 testatibus
621 3429 992 3479 sublimioribus
1025 3428 1225 3478 subdita
1256 3428 1347 3484 sit;
1383 3443 1485 3477 non

328 3521 403 3562 est
427 3514 561 3562 enim
584 3521 803 3578 potestas
823 3511 918 3561 nisi
942 3528 973 3561 a
997 3511 1139 3571 Deo;
1168 3526 1295 3576 quae
1317 3518 1483 3559 autem

330 3604 462 3655 sunt,
500 3613 531 3644 a
567 3596 679 3644 Deo
712 3596 943 3644 ordinata
973 3592 1142 3644 sunt.''
1225 3592 1328 3641 Tit.
1353 3592 1422 3642 iii.
1457 3608 1477 3641 1

331 3676 547 3739 (supra):
599 3681 911 3725 “commone
954 3691 1040 3724 eos
1084 3672 1392 3738 principibus
1429 3680 1480 3723 et

329 3757 657 3820 potestatibus
678 3756 902 3805 subditos
924 3753 1084 3805 esse.“

406 3853 477 3887 ιι.
536 3837 805 3902 animique
825 3837 1057 3895 debitum,
1077 3834 1193 3897 δια]
1229 3834 1309 3886 Cf.
1334 3836 1483 3884 Rom.

329 3918 432 3967 xiii.
466 3930 510 3980 7,
537 3919 689 3982 Vulg.
711 3937 727 3980 3
760 3918 999 3968 “reddite
1024 3917 1257 3967 omnibus
1285 3916 1484 3973 debita;

329 4000 411 4049 cui
467 4000 725 4057 tributum,
782 4001 1048 4060 tributum3
1115 3999 1194 4048 cui
1249 3998 1479 4064 uectigal,

331 4081 576 4143 uectigal;
632 4080 713 4129 cui
773 4080 1020 4138 timorem,
1086 4081 1347 4139 timorum
1403 4081 1483 4131 cui

332 4161 593 4222 honorem,
620 4160 911 4211 honorem.'’

404 4256 475 4306 15.
521 4239 844 4307 promptim]
890 4242 1029 4293 Tert.
1072 4243 1192 4292 adu.
1229 4243 1393 4292 Δίαν-ε.
1429 4253 1482 4290 ν.

336 4339 426 4374 10:
462 4328 493 4349 “
511 4322 847 4387 praeceptiue,
870 4338 974 4372 non
995 4322 1340 4388 promissiue.”

405 4400 478 4450 16.
533 4400 873 4465 unusquisque
877 4402 1131 4465 propositi,
1153 4401 1271 4463 &c.]
1320 4418 1346 4452 2
1364 4402 1481 4452 Cor.

333 4482 435 4533 viii.
480 4485 526 4543 8,
566 4498 666 4547 sq„
707 4482 773 4533 ix.
824 4495 868 4545 7,
908 4481 1083 4548 Vulg.:
1141 4485 1294 4532 “non
1343 4483 1484 4547 quasi

2515 2626 2544 2668 4
2581 2606 2667 2655 tali
2691 2606 2758 2656 H

2171 2787 2231 2822 10
2263 2771 2316 2821 in
2339 2770 2558 2835 (befeos)
2582 2770 2688 2819 add
2708 2772 2754 2820 C

1806 2869 1864 2917 13
1897 2861 2156 2903 contractu
2178 2852 2330 2903 habet
2354 2854 2421 2902 H
2592 2870 2648 2916 15
2682 2856 2748 2904 ad

1655 2938 1712 2985 18
1746 2936 1916 3000 requie
1944 2937 1988 2986 C
2008 2938 2155 2998 (corr)

1587 3099 1840 3164 imperans
1857 3096 2298 3147 dico...consilium
2323 3096 2375 3145 in
2397 3096 2494 3146 hoc
2510 3095 2748 3145 do,..non

1587 3179 1722 3227 enim
1766 3186 1822 3228 ut
1864 3178 1978 3227 aliis
2015 3177 2078 3226 sit
2113 3176 2356 3237 remissio,
2393 3176 2540 3225 uobis
2577 3184 2745 3225 autem

1587 3260 1895 3310 tribulatio.”
1948 3265 1979 3287 ‘⁶
1996 3259 2333 3324 unusquisque
2356 3266 2503 3324 prout
2527 3258 2745 3307 destina·

1588 3341 1660 3390 vit
1682 3342 1747 3390 de
1767 3341 1919 3391 corde
1941 3339 2086 3390 suo.”

1658 3439 1730 3489 19·
1786 3440 1950 3473 sentos
1963 3421 2311 3481 omnent-uile,
2331 3420 2448 3482 δια]
2490 3436 2507 3469 ι
2531 3419 2745 3470 Tim.vi.

1593 3523 1633 3565 π,
1656 3520 1683 3554 2
1708 3506 1926 3570 (supra):
1964 3505 2050 3554 “si
2073 3504 2160 3569 qui
2183 3503 2278 3553 sub
2309 3503 2426 3568 iugo
2448 3509 2564 3551 sunt
2593 3499 2740 3561 serui,

1585 3590 1819 3640 dominos
1855 3604 1971 3638 suos
2010 3588 2147 3638 omni
2187 3588 2377 3637 honore
2415 3585 2595 3649 dignos
2639 3599 2748 3634 esse

1586 3669 2020 3734 existiment...qui
2082 3677 2250 3718 autem
2317 3666 2489 3717 fideles
2556 3665 2746 3715 habent

1587 3751 1835 3809 dominos.
1877 3768 1979 3801 non
2022 3746 2437 3815 contempnant.”

1588 3835 1640 3884 ii.
1664 3849 1710 3898 9.
2269 3871 2279 3879 .

1653 3914 1766 3964 The
1844 3913 2124 3980 paragraph
2202 3927 2365 3961 seruos
2435 3909 2749 3973 omne...pios

1585 3995 1808 4044 dominos
1846 3995 1889 4044 is
1926 3994 2114 4059 quoted
2154 3993 2222 4057 by
2258 3992 2352 4041 lvo
2389 3990 2448 4041 of
2485 3990 2738 4049 ChartreS,

1584 4079 1756 4128 decret.
1775 4078 1861 4127 xii.
1881 4080 1971 4140 84;
2004 4075 2068 4126 cs.
2099 4087 2137 4124 1.
2155 4092 2206 4141 p.
2227 4075 2264 4123 l.
2307 4075 2442 4124 Ivo’s
2464 4073 2676 4123 mistake
2693 4072 2746 4122 in

1584 4157 1840 4223 assigning
1856 4156 1935 4206 his
1952 4156 2097 4205 other
2110 4155 2320 4206 citation
2335 4153 2461 4204 from
2479 4154 2746 4204 Theodore

1585 4244 1690 4304 (see
1730 4253 1792 4289 11.
1828 4255 1879 4304 p.
1932 4252 2038 4302 174,
2082 4238 2116 4288 l.
2162 4253 2209 4299 2,
2252 4239 2392 4298 note)
2437 4244 2492 4286 to
2535 4251 2568 4285 a
2610 4251 2744 4286 com-

1585 4328 1811 4384 mentary
1833 4335 1900 4369 on
1927 4336 1946 4370 1
1977 4318 2317 4378 Corinthians,
2349 4333 2510 4368 seems
2543 4324 2598 4366 to
2617 4317 2746 4367 have

1586 4405 1712 4454 been
1736 4403 1904 4467 owing
1929 4412 1980 4452 to
2001 4403 2088 4453 the
2107 4402 2356 4453 reference
2376 4408 2427 4450 to
2447 4401 2550 4450 that
2568 4399 2746 4464 epistle

1586 4487 1764 4546 above,
1793 4501 1843 4550 p.
1876 4482 1986 4545 262,
2014 4484 2050 4534 l.
2079 4496 2105 4546 7
2129 4500 2203 4550 sq.
2267 4483 2378 4534 The
2413 4490 2611 4547 present
2636 4498 2744 4546 pas·

2515 3747 2595 3799 Cs.
2639 3746 2746 3796 Tit.
