3221 5116
355 401 813 458 FRAGMENTS
858 402 953 454 OF
998 400 1156 452 THE
1201 397 1590 452 DOGMATIC
1638 395 1904 448 WORKS
1950 395 2045 447 OF
2091 394 2522 446 THEODORE.
2555 396 2718 463 ,313

297 579 400 654 τῆς
437 577 735 654 παρθένου,
775 578 826 636 εἰ
849 575 932 656 μή
959 574 1070 655 ἄρα
1095 573 1305 638 ταῦτόν
1327 574 1464 657 ἡγη-

1563 577 1763 637 Deum
1799 574 1877 636 de
1911 574 2138 653 uirgine
2171 585 2383 636 uatum
2419 594 2568 650 esse,
2608 573 2724 635 nisi

298 672 428 733 τίον
465 671 605 750 ἡμῖν
642 671 710 735 τό
750 698 814 733 τε
852 672 1120 755 γεννηθὲν
1159 671 1253 731 καὶ
1294 671 1362 733 τὰ
1405 675 1464 733 ἐν
1559 675 1712 736 forte
1739 673 1901 735 idem
1938 673 2399 735 existimandum
2426 672 2605 735 nobis
2632 682 2723 734 est

299 770 380 849 τῷ
418 769 754 853 γεννηθέντι,
797 769 899 830 τᾶν
945 768 1081 830 mar
1122 771 1218 831 καὶ
1259 768 1361 832 τὸν
1406 773 1465 831 ἄν

302 874 381 948 τῷ
434 874 546 948 vac?
598 866 729 930 θεόν
781 868 986 951 λόγον·
1049 869 1117 928 οὗ
1169 866 1286 944 μήν
1331 866 1468 928 οὐδὲ

302 965 450 1028 κατὰ
513 965 623 1042 τήν
688 966 804 1043 miv
857 964 1055 1043 φωνὴν
1107 964 1471 1040 οἷποφαντέον

303 1062 491 1139 πάντη
543 1061 645 1124 τόν
697 1067 761 1124 ἐκ
807 1066 910 1139 τῆς
955 1062 1238 1140 παρθένον
1277 1086 1468 1143 γεννη-

305 1160 476 1222 θέντα
517 1158 654 1222 θεᾶν
694 1161 838 1223 εἶναι
876 1164 940 1219 ἐκ
983 1161 1118 1222 θεοῦ
1158 1158 1470 1238 ὅμοούσιον

305 1262 385 1338 τῷ
450 1261 638 1338 πατρί.
743 1261 793 1319 εἰ
847 1257 960 1341 γαῖρ
1021 1259 1122 1318 οὔκ
1179 1255 1474 1336 ἅνθρωπός

311 1359 487 1430 ἐστιν,
530 1354 602 1420 ὥς
641 1353 775 1435 φής,
814 1353 1172 1432 ἀναληφθεὶς
1209 1352 1242 1413 ὅ
1281 1378 1472 1437 γεννη-

309 1453 428 1517 θεὶς
456 1457 519 1514 ἐκ
545 1456 648 1531 τῆς
672 1453 975 1532 παρθένου,
1006 1451 1133 1516 θεὸς
1166 1452 1226 1513 δὲ
1257 1477 1474 1530 σαρκω-

312 1551 446 1625 θείς,
487 1554 605 1615 πῶς
642 1551 677 1611 ὅ
720 1552 1013 1634 γεννηθεὶς
1062 1549 1190 1615 θεός
1237 1554 1299 1611 ἐκ
1343 1550 1476 1611 θεοῦ

313 1647 406 1709 καὶ
443 1646 750 1727 ὄμοούσιος
790 1649 1019 1729 λέγοιτο
1057 1646 1127 1709 ἂν
1169 1651 1246 1729 τῷ
1282 1648 1473 1726 πατρί,

310 1749 414 1823 τῆς
487 1745 701 1824 σαρκὸς
766 1746 837 1807 οὗ
901 1746 1200 1824 δυναμένης
1271 1747 1478 1821 ταύτην

311 1845 660 1923 προσίεσθαι
704 1843 809 1921 τήν
864 1845 1098 1923 ‹hotv-»im
1160 1845 1320 1906 ἔστιν
1369 1846 1477 1922 μὲν

312 1940 426 2023 γσῖρ
493 1938 736 2018 ἀνόητον
787 1940 855 2002 τό
909 1939 1012 2002 τὸν
1065 1940 1200 2004 θεὸν
1256 1945 1319 2002 ἑκ
1373 1943 1477 2017 τῆς

312 2038 597 2116 παρθένου
620 2039 1003 2120 γεγεννῆσθαι
1030 2038 1235 2120 λέγειν.
1307 2040 1477 2099 τοῦτο

315 2139 428 2221 γὰρ
477 2136 639 2198 οὐδὲν
686 2134 874 2213 ἔτερόν
917 2140 1077 2197 ἐστιν
1120 2133 1160 2210 ἦ
1203 2139 1264 2195 ἐκ
1306 2134 1479 2213 σπέρ-

313 2259 492 2311 ματος
527 2231 703 2293 miv-dv
744 2233 934 2314 λέγειν
973 2231 1165 2309 Δαβῶ
1177 2232 1233 2306 *,
1277 2235 1339 2292 ἐκ
1378 2234 1478 2308 τῆς

319 2330 515 2396 οὐσίας
560 2334 662 2407 τῆς
699 2330 982 2409 παρθένου
1018 2328 1347 2411 τετεγμένον
1388 2328 1481 2389 καὶ

319 2433 381 2490 ἓν
418 2426 562 2507 αὐτῇ
595 2427 1098 2504 διαπεπλασμένον
1117 2447 1131 2461 ·
1172 2426 1300 2486 ἐπεί
1317 2451 1387 2507 γε
1411 2424 1481 2485 rc?

321 2523 436 2608 [ἐκ]
494 2526 822 2604 σπέρματος
872 2522 1066 2601 Δαβὶδ
1120 2521 1213 2584 καὶ
1266 2526 1327 2582 ἐκ
1381 2524 1483 2600 τῆς

323 2622 526 2687 nicias-
579 2626 682 2701 *ἧς
720 2620 1005 2699 παρθένου
1044 2619 1269 2682 συστὰν
1310 2624 1371 2681 ἐν
1410 2624 1484 2699 τῆ

320 2722 552 2799 μητρῷςι
613 2718 825 2801 γαστρὶ
882 2720 977 2778 καὶ
1030 2725 1104 2797 τῇ
1160 2721 1262 2779 τοῦ
1317 2717 1485 2801 ἁγίου

322 2817 636 2894 πνεύματος
663 2815 1018 2876 διαπλασθὲν
1045 2814 1275 2891 δυνάμει
1299 2839 1484 2897 γεγεν-

326 2916 540 2993 νῆσθαι
566 2915 758 2992 φαμὲν
784 2918 845 2975 ἐκ
871 2916 974 2992 τῆς
999 2915 1298 2993 παρθένου.

1563 783 1626 832 et
1666 772 1831 848 quod
1872 782 2079 831 natum
2118 782 2208 833 est
2246 782 2305 833 et
2341 771 2505 849 quod
2542 782 2634 832 est
2662 770 2724 831 in

1563 877 1725 938 nate,
1755 869 2046 945 templum
2076 878 2138 930 et
2157 867 2260 945 qui
2290 866 2353 927 in
2379 870 2609 946 templo
2636 864 2727 930 est

1567 963 1737 1023 Deus
1769 964 2054 1024 Verbum.
2097 982 2219 1024 non
2262 973 2465 1024 tamen
2501 983 2614 1026 nec
2642 984 2729 1027 se-
2799 976 2832 1038 5

1565 1061 1834 1121 cundum
1878 1071 2045 1120 tuam
2083 1079 2302 1122 uocem
2345 1061 2732 1139 pronuntian-

1567 1158 1715 1218 dum
1748 1170 1839 1219 est
1866 1156 2119 1219 omnino
2148 1178 2224 1219 ex
2264 1158 2496 1238 uirgine
2524 1162 2729 1221 Deum

1567 1267 1778 1317 natum
1841 1276 1974 1318 esse
2033 1270 2095 1318 et
2156 1276 2230 1318 ex
2288 1259 2425 1319 Deo
2478 1260 2733 1320 consub-

1569 1351 1904 1414 stantialem
1937 1352 2109 1413 Patri.
2165 1373 2307 1413 nam
2328 1353 2524 1415 sinon
2545 1356 2733 1417 homo

1569 1461 1680 1523 est,
1702 1450 1855 1511 sicut
1875 1450 2042 1525 dicis,
2062 1453 2414 1530 adsumptus
2435 1452 2539 1530 qui
2558 1464 2734 1515 natus
2768 1479 2841 1520 ιο

1571 1558 1665 1608 est
1701 1566 1776 1608 ex
1810 1546 2056 1624 uirgine,
2087 1550 2254 1611 Deus
2292 1567 2437 1610 uero
2474 1548 2737 1610 incarna-

1572 1655 1688 1717 ωε,
1728 1646 2040 1721 quomodo
2077 1645 2183 1723 qui
2219 1658 2392 1706 natus
2434 1659 2525 1708 est
2568 1649 2737 1709 Deus

1572 1761 1650 1803 ex
1679 1744 1815 1803 Deo
1852 1754 1914 1804 et
1949 1743 2470 1806 consubstantialis
2508 1745 2741 1807 dicetur

1576 1840 1754 1916 Patri,
1789 1860 1970 1902 carne
2002 1861 2125 1904 non
2163 1853 2411 1923 potente
2447 1845 2604 1904 hanc
2636 1864 2741 1906 uo-

1575 1956 1711 1998 cem
1753 1937 2096 2015 suscipere?
2176 1959 2318 2000 nam
2359 1951 2450 2003 est
2491 1940 2737 2018 quidem
2770 1962 2841 2021 15

1577 2035 1883 2096 dementia
1921 2037 2123 2096 Deum
2157 2055 2229 2097 ex
2267 2037 2494 2116 uirgine
2532 2050 2737 2099 natum

1578 2154 1711 2195 esse
1751 2135 1964 2196 dicere.
2029 2136 2147 2197 hoc
2188 2135 2351 2197 enim
2390 2136 2538 2197 nihil
2577 2137 2741 2199 aliud

1579 2243 1672 2293 est
1719 2252 1902 2311 quam
1952 2252 2027 2294 ex
2073 2232 2299 2295 semine
2352 2254 2490 2295 eum
2542 2234 2742 2297 dicere

1584 2327 1789 2390 Dauid
1821 2329 1900 2389 de
1937 2330 2268 2390 substantia
2302 2329 2546 2409 uirginis
2582 2330 2742 2409 geni-

1579 2436 1710 2486 tum
1760 2437 1821 2486 et
1864 2425 1927 2485 in
1983 2425 2112 2504 ipsa
2163 2428 2539 2504 plasmatum,
2598 2428 2740 2507 quia
2771 2457 2847 2496 20

1581 2523 1751 2600 quod
1792 2543 1868 2584 ex
1907 2522 2138 2584 semine
2174 2524 2376 2587 Dauid
2413 2537 2475 2587 et
2501 2526 2580 2588 de
2608 2527 2744 2589 sub·

1583 2620 1801 2681 stantia
1871 2619 2113 2699 uirginis
2182 2634 2273 2683 est
2339 2622 2402 2682 in
2470 2635 2742 2685 materno

1583 2732 1792 2781 uentre
1838 2718 2103 2781 constitit
2150 2731 2212 2781 et
2258 2721 2450 2782 sancti
2494 2721 2744 2799 Spiritus

1584 2818 1944 2896 plasmatum
2007 2815 2243 2892 uirtute,
2298 2829 2508 2879 natum
2563 2818 2744 2881 fuisse

1586 2912 1840 2974 dicimus
1867 2913 1946 2974 de
1978 2911 2221 2991 uirgine.
2294 2925 2362 2976 ut
2402 2927 2603 2976 autem
2642 2916 2746 2977 ali-
2773 2939 2847 2999 25

324 3027 457 3106 quis
499 3049 573 3090 ex
613 3030 731 3089 hoc
771 3028 1068 3089 concedat
1115 3027 1313 3089 dicere
1359 3026 1500 3106 ipsis
1540 3027 1706 3106 quod
1751 3029 1921 3088 Deus
1961 3046 2036 3087 ex
2081 3030 2217 3090 Deo
2258 3039 2320 3090 et
2359 3029 2747 3091 consubstan-

324 3125 477 3187 tialis
522 3124 680 3187 Patri
722 3136 897 3187 natus
938 3137 1031 3188 est
1071 3146 1144 3187 ex
1183 3125 1431 3204 uirgine,
1475 3144 1550 3187 eo
1587 3125 1753 3203 quod
1790 3134 1883 3185 est
1923 3123 1986 3184 in
2027 3127 2254 3204 templo
2290 3137 2454 3200 nat0,
2486 3127 2594 3188 sed
2620 3146 2747 3188 non

326 3244 431 3301 per
456 3243 522 3284 se
550 3235 725 3284 natus
753 3233 846 3283 est
890 3225 1057 3283 Deus
1085 3223 1370 3294 Verbum,
1401 3221 1742 3282 incarnatus
1785 3241 1946 3295 uer0,
1978 3219 2129 3282 sicut
2167 3222 2312 3284 dicit
2350 3223 2462 3284 iste
2489 3224 2745 3304 sapiens.

325 3322 374 3383 si
425 3321 602 3400 igitur
648 3343 786 3383 cum
836 3342 1014 3384 carne
1064 3342 1203 3384 eum
1252 3334 1460 3382 natum
1509 3341 1641 3383 esse
1684 3319 1909 3394 dicunt,
1955 3320 2120 3398 quod
2163 3332 2361 3383 autem
2409 3334 2616 3383 natum
2659 3331 2750 3384 est

326 3420 492 3479 Deus
521 3429 581 3480 et
609 3437 684 3479 ex
712 3420 850 3480 Deo
878 3429 938 3479 et
979 3417 1506 3479 consubstantialis
1536 3416 1696 3478 Patri
1726 3427 1833 3490 est,
1866 3435 2110 3478 necesse
2139 3429 2229 3479 est
2257 3420 2374 3479 hoc
2412 3430 2472 3480 et
2507 3439 2746 3481 carnem
2776 3445 2853 3502 30

326 3515 544 3576 dicere.
614 3516 782 3592 quod
814 3512 864 3575 si
892 3534 1017 3575 non
1052 3515 1169 3575 hoc
1205 3533 1345 3575 caro
1381 3525 1473 3575 est
1514 3512 1802 3591 quoniam
1842 3532 1957 3573 nec
2001 3515 2167 3574 Deus
2194 3533 2308 3575 nec
2341 3534 2416 3575 ex
2460 3518 2594 3576 Deo
2634 3535 2752 3576 nec

325 3610 852 3674 consubstantialis
891 3610 1068 3686 Patri,
1100 3612 1208 3672 sed
1248 3631 1320 3673 ex
1352 3610 1582 3672 semine
1624 3608 1828 3671 Dauid
1858 3621 1918 3670 et
1946 3610 2470 3672 consubstantialis
2499 3610 2555 3672 ei
2582 3611 2751 3673 cuius

328 3729 534 3771 semen
563 3722 669 3782 est,
694 3721 755 3771 et
782 3729 907 3770 non
937 3709 999 3771 id
1027 3708 1194 3787 quod
1225 3720 1433 3769 natum
1457 3720 1549 3769 est
1574 3726 1656 3769 ex
1687 3706 1913 3786 uirgine
1943 3709 2111 3769 Deus
2138 3719 2229 3768 est
2256 3727 2328 3768 ex
2360 3709 2498 3770 Deo
2525 3720 2585 3770 et
2613 3728 2752 3770 con-

328 3808 734 3869 substantialis
764 3809 960 3879 Patri;
1011 3806 1125 3868 nisi
1154 3808 1307 3869 sorte
1334 3827 1471 3886 pars
1491 3805 1636 3881 nati,
1658 3816 1835 3885 prout
1856 3804 2068 3884 ipsein
2089 3804 2464 3868 inferioribus
2495 3810 2750 3885 ‘partem

331 3902 578 3965 Christi'
614 3903 887 3965 nominat
916 3902 1221 3964 deitatem.

411 4014 550 4075 ἀλλ’
571 4017 677 4096 οὔχ
701 4013 739 4093 ἦ
768 4017 893 4078 θεία
919 4019 1098 4094 φύσις
1124 4021 1185 4079 ἐκ
1212 4017 1493 4096 παρθενου

328 4114 674 4196 γεγέννηται,
698 4112 1031 4235 γεγέννηῖαι
1052 4113 1113 4174 δὲ
1139 4118 1201 4175 ἐκ
1227 4116 1328 4190 τῆς
1354 4140 1492 4193 παρ-

333 4207 564 4272 θένου”
531 4236 564 4270 ο
598 4214 662 4271 ἐκ
696 4216 801 4286 τῆς
836 4212 1034 4275 οὐσίας
1071 4217 1175 4289 τῆς
1211 4214 1495 4291 παρθενου

333 4305 583 4371 συστάς·
639 4331 749 4387 ουχ
794 4305 830 4366 ὅ
876 4306 1006 4371 θεός
1051 4306 1226 4390 λόγος
1282 4313 1344 4368 ἐκ
1391 4312 1494 4385 τῆς

854 4423 886 4467 4
921 4413 1041 4455 nato
1076 4405 1270 4470 templo
1307 4407 1350 4456 C
1362 4406 1413 4457 V

1675 4016 1781 4077 sed
1804 4035 1927 4076 non
1955 4014 2163 4075 diuina
2191 4026 2400 4076 natura
2427 4035 2499 4077 ex
2528 4015 2755 4095 uirgine
2777 3934 2851 3994 ³⁵

1592 4125 1735 4176 nata
1775 4127 1883 4188 est,
1929 4126 2103 4174 natus
2143 4124 2346 4175 autem
2390 4125 2481 4175 est
2524 4134 2599 4174 ex
2641 4115 2753 4175 uir-

1590 4210 1730 4289 gine
1758 4210 1861 4288 qui
1888 4231 1962 4273 ex
1988 4210 2322 4271 substantia
2348 4210 2589 4291 uirginis
2615 4231 2757 4274 con-

1593 4317 1747 4382 stat3
1791 4327 1912 4368 non
1955 4310 2122 4369 Deus
2147 4309 2412 4370 Verbum
2451 4329 2522 4372 ex
2563 4310 2758 4371 Maria

1565 4421 1621 4470 3¹
1662 4405 1849 4455 idcirco
1874 4405 1990 4469 (fir
2009 4403 2121 4470 hoc)
2151 4406 2195 4456 C
2203 4406 2255 4456 V

1148 4484 1176 4510 ⁶
1210 4486 1384 4548 [Rom.
1411 4486 1442 4535 i.
1472 4503 1518 4551 3.
1589 4502 1618 4537 α
1643 4486 1774 4537 Tim.
1806 4486 1856 4536 ii.
1884 4486 1955 4549 81.
