3221 5116
544 405 667 487 164
1205 413 1665 467 ‘rnaonoaus
1712 409 2301 465 mopsusssrsnus
2718 396 2822 481 [V.
2863 415 2886 460 1
2902 412 2939 477 3

537 593 717 675 quod
745 591 1084 658 Christum
1108 593 1555 676 promiserunt
1579 592 2029 675 spernendum
2054 611 2200 655 esse
2223 591 2802 668 existimauerunt,
2827 591 2963 675 pri-

540 717 720 760 mam
744 698 1083 762 duntaxat
1105 697 1306 761 fidem
1331 697 1598 761 inritam
1622 696 1975 761 facientes?
2035 717 2158 760 nec
2182 704 2408 760 autem
2434 696 2519 760 de
2549 696 2800 779 nuptiis
2831 696 2962 759 ista

537 800 732 878 dixit,
786 802 957 866 sicut
1004 801 1278 885 quidam
1332 822 1374 865 a
1424 802 1637 867 multa
1684 801 2082 885 desipientia
2119 801 2436 883 suspicati
2486 808 2659 877 sunt,
2704 800 2821 864 sed
2875 799 2963 863 de

538 905 946 987 professione
998 907 1176 969 dixit
1223 905 1607 985 uiduitatis3
1676 906 1833 988 quia
1881 927 2004 969 nec
2044 904 2145 968 fas
2196 913 2338 968 erat
2378 912 2454 968 ut
2494 903 2959 987 dampnationi

473 1016 506 1084 5
540 1008 875 1073 obnoxias
933 1009 1181 1072 diceret
1234 1008 1380 1073 illas
1438 1029 1614 1092 quae
1673 1009 1836 1073 illud
1897 1008 2149 1072 faciunt
2200 1009 2382 1092 quod
2433 1008 2546 1072 ille
2595 1007 2734 1071 fieri
2776 1008 2963 1072 uisus

539 1120 643 1176 est
673 1112 1006 1177 adnuisse.
1095 1120 1163 1175 et
1194 1112 1553 1176 otiositatis
1583 1112 1792 1196 ipsius
1824 1112 2151 1177 malitiam
2182 1112 2562 1195 explanans
2592 1112 2837 1175 adiecit
2865 1132 2880 1175 :

666 1247 877 1312 simul
896 1258 1114 1312 autem
1143 1257 1208 1312 et
1230 1247 1471 1313 otiosae
1498 1247 1767 1313 discunt
1790 1248 2059 1313 circuire
2087 1248 2323 1326 domos,
2352 1270 2478 1313 non
2506 1248 2715 1313 solum
2745 1260 2963 1313 autem

538 1354 774 1419 otiosae
799 1353 918 1417 sed
937 1361 1003 1416 et
1028 1352 1326 1417 uerbosae
1350 1363 1415 1416 et
1440 1352 1746 1428 curiosae,
1779 1352 2095 1434 loquentes
2123 1373 2289 1434 quae
2315 1374 2441 1415 non
2471 1352 2871 1417 conueniunt.

670 1458 796 1521 hoc
843 1457 988 1522 uult
1036 1477 1155 1540 per
1205 1459 1334 1522 ista
1381 1458 1609 1521 omnia
1656 1459 1890 1536 dicere,
1942 1460 2260 1541 quoniam
2322 1459 2574 1522 nullam
2635 1457 2964 1521 habentes

436 1584 516 1632 10
540 1562 1054 1629 sollicitudinem
1104 1561 1544 1645 corporalium
1595 1562 1759 1625 dum
1820 1582 2090 1626 securae
2135 1563 2591 1644 adsequuntur
2634 1562 2745 1626 illa
2790 1583 2968 1645 quae

541 1669 688 1733 usui
733 1676 890 1731 sunt
936 1665 1323 1740 necessaria,
1354 1667 1624 1731 discunt
1667 1677 1736 1730 et
1766 1688 1858 1731 ex
1904 1669 2050 1750 ipsa
2095 1667 2409 1750 largitate
2440 1668 2706 1731 studere
2737 1667 2966 1730 otiosi·
3053 1679 3062 1685 ·

539 1772 706 1851 tati;
791 1791 914 1834 nec
973 1777 1199 1833 autem
1259 1779 1361 1834 est
1419 1770 1556 1836 ulla
1618 1793 1721 1836 res
1773 1794 1948 1857 quae
1997 1773 2145 1837 illas
2193 1772 2406 1855 possit
2442 1772 2618 1837 ultra
2658 1773 2744 1835 ad
2792 1760 2967 1854 opus

541 1874 887 1939 cohortari.
979 1874 1233 1938 otiosae
1285 1896 1445 1939 uero
1493 1886 1810 1941 extantes
1857 1888 2104 1942 uacant
2159 1898 2317 1960 erga
2353 1877 2849 1947 uerbositatem,
2893 1884 2964 1938 et

539 1985 899 2061 properant
948 1976 1183 2040 horum
1237 1978 1417 2042 dicta
1457 1980 1542 2044 ad
1593 1979 1742 2043 illos
1782 1980 2036 2044 deferre
2080 1990 2149 2045 et
2191 1980 2450 2044 illorum
2501 1980 2587 2043 ad
2639 1980 2845 2055 istos;
2893 1989 2967 2042 et

438 2101 509 2167 15
542 2101 632 2144 ex
681 2079 806 2143 hoc
856 2081 1306 2145 adnascuntur
1353 2085 1678 2162 tristitiae,
1729 2087 1891 2149 dum
1941 2086 2027 2149 de
2080 2086 2315 2149 alienis
2362 2084 2619 2148 curiose
2666 2091 2965 2165 agentes,

545 2184 725 2267 loqui
785 2184 897 2248 illa
946 2186 1219 2249 student
1270 2207 1443 2269 quae
1485 2188 1666 2271 loqui
1717 2191 1990 2255 minime
2030 2199 2313 2274 oportet.
2402 2188 2492 2252 ob
2539 2187 2712 2251 hanc
2766 2186 2970 2268 igitur

462 2281 471 2290 ’
542 2308 813 2352 causam
845 2287 1245 2371 significauit
1276 2291 1342 2354 in
1376 2295 1823 2376 superioribus
1852 2304 1921 2359 et
1954 2304 2247 2359 aetatem
2280 2303 2349 2358 et
2392 2312 2628 2368 moreS,
2661 2298 2967 2354 statuens

544 2406 618 2462 ut
647 2419 819 2482 quae
849 2418 1006 2481 erga
1038 2400 1259 2463 studia
1289 2402 1610 2467 uirtutum
1642 2423 1869 2467 curam
1904 2424 2036 2467 non
2072 2403 2470 2486 impendunt
2514 2396 2968 2463 ecclesiastico

544 2511 815 2585 sumptu
860 2502 1132 2567 minime
1179 2492 1568 2570 nutriantur.
1663 2526 1819 2570 nam
1860 2506 2013 2571 illae
2050 2526 2223 2589 quae
2264 2505 2329 2569 in
2370 2505 2715 2568 iuuentute
2745 2500 2967 2565 adhuc

433 2625 519 2673 20
543 2607 714 2671 tales
744 2616 900 2670 sunt
930 2607 1180 2671 debent
1210 2629 1369 2691 erga
1398 2611 1651 2674 uictum
1684 2611 1980 2693 corporis
2010 2611 2526 2675 sollicitudinem
2557 2610 2968 2692 expendere,

544 2731 626 2774 eo
656 2711 836 2793 quod
869 2711 1081 2792 possit
1119 2711 1275 2775 talis
1315 2712 1693 2776 sollicitudo
1730 2714 1935 2777 etiam
1980 2734 2139 2797 erga
2180 2714 2476 2778 studium
2521 2712 2793 2795 pietatis
2834 2711 2966 2774 illis

542 2814 831 2879 multum
879 2816 1209 2898 prodesse,
1255 2836 1337 2879 eo
1377 2819 1557 2899 quod
1605 2818 1748 2901 ipsa
1801 2818 2179 2881 sollicitudo
2220 2817 2687 2882 alimentorum
2742 2824 2968 2897 potest

647 2966 667 3000 1
707 2965 857 3015 quem
881 2949 996 3014 (sor
1014 2948 1170 3015 quod)
1201 2949 1272 3000 C*
1289 2951 1358 3000 H
1362 2969 1394 3000 r
1420 2950 1430 3012 Ι
1459 2952 1661 3002 Christo
1689 2952 1734 3001 C
1753 2951 1899 3013 (corr)
1930 2949 1941 3016 Ι
1969 2951 2173 3017 promis.
2202 2951 2326 3001 Chr.
2351 2967 2384 3000 r
2589 2966 2618 3014 3
2653 2948 2971 3015 dissipientia

548 3031 626 3082 C*
650 3032 719 3081 H
935 3046 962 3094 5
999 3031 1072 3080 illi
1095 3046 1129 3079 r
1342 3031 1373 3081 6
1406 3033 1561 3098 ipsius
1580 3050 1660 3082 om
1683 3034 1750 3082 H
1768 3032 1775 3097 Ι
1805 3033 1959 3083 adicit
1987 3034 2031 3083 C
2048 3050 2082 3082 r
2293 3045 2320 3098 7
2355 3033 2614 3083 circumite
2642 3033 2687 3082 C
2703 3048 2736 3081 r
2760 3030 2768 3095 Ι
2799 3039 2970 3080 autem

542 3129 621 3164 om
644 3128 677 3161 r
916 3127 973 3161 ro
1006 3111 1356 3177 temporalium
1378 3112 1495 3179 (fhr
1513 3116 1671 3178 corp.)
1694 3115 1719 3163 l
1741 3113 1748 3178 Ι
1780 3114 1866 3163 diu
1892 3114 2003 3180 (for
2022 3112 2163 3177 dum)
2196 3114 2273 3165 C*
2510 3131 2562 3165 11
2601 3113 2678 3163 sui
2704 3111 2815 3179 (fir
2835 3110 2967 3175 usui)

548 3193 628 3245 C*
658 3193 665 3258 Ι
696 3201 747 3243 et
767 3208 900 3242 οων
1116 3208 1176 3256 13
1199 3194 1491 3244 uerbositati
1517 3195 1630 3260 (sor
1648 3211 1767 3261 erga
1789 3197 1915 3256 u.)r
2134 3213 2195 3258 14
2225 3196 2339 3246 illas
2366 3197 2460 3246 Cr
2485 3196 2496 3259 Ι
2521 3196 2697 3246 istasr
2908 3208 2966 3256 ¹5

544 3277 612 3328 ad
635 3276 751 3342 (sor
767 3276 853 3336 de)
879 3274 973 3324 H·
1176 3274 1236 3327 16
1269 3277 1435 3342 eloqui
1460 3294 1493 3326 r
1713 3292 1768 3342 17
1806 3278 2021 3343 signauit
2043 3280 2111 3330 H
2304 3294 2361 3346 ¹9
2394 3279 2448 3328 in
2470 3277 2795 3343 (befiuuent.)
2818 3292 2894 3326 om
2925 3277 2973 3326 C

548 3376 613 3415 ao
645 3359 771 3409 tales
795 3357 872 3407 C·
1072 3373 1129 3408 21
1167 3357 1383 3409 sollicito
1411 3358 1489 3410 C*

620 3484 661 3519 1.
732 3462 866 3529 quod
902 3460 1162 3511 Chr-Letum
1189 3464 1556 3527 promiserunt]
1610 3466 1708 3516 See
1807 3466 1926 3515 bono
1961 3466 2065 3516 uid.
2115 3482 2202 3516 12:
2242 3468 2274 3495 “
2290 3482 2392 3516 non
2427 3466 2546 3532 quia
2585 3465 2724 3531 ipsae
2763 3463 2970 3528 nuptiae

549 3565 631 3598 vv.
658 3547 713 3597 ll.
761 3545 873 3594 The
894 3543 1081 3593 double
1103 3560 1207 3594 acc.
1233 3545 1275 3595 is
1296 3546 1395 3596 due
1418 3553 1472 3595 to
1495 3546 1709 3596 careless
1808 3546 1890 3596 uel
1912 3547 2090 3597 talium
2126 3548 2444 3598 damnandae
2475 3547 2971 3597 iudicantur...dam·

550 3632 767 3695 writing,
827 3628 1077 3695 probably
1114 3645 1182 3679 on
1234 3630 1318 3697 the
1362 3638 1478 3695 part
1523 3630 1581 3680 of
1621 3631 1707 3680 the
1809 3638 1992 3679 uantur
2014 3629 2153 3690 tales,
2182 3647 2284 3694 non
2318 3631 2436 3697 quia
2467 3632 2782 3696 coniugalem
2815 3629 2970 3679 fidem

553 3716 842 3768 translator.
1812 3711 2060 3775 posterius
2094 3712 2326 3773 inierunt,
2354 3713 2443 3764 sed
2477 3713 2596 3778 quia
2630 3713 2972 3763 continentiae

621 3814 664 3862 3.
737 3798 826 3847 sed
861 3800 920 3848 de
949 3797 1267 3865 professione,
1319 3795 1435 3857 &c.]
1504 3796 1574 3847 So
1625 3795 1711 3845 the
1810 3796 2024 3861 primam
2060 3794 2211 3846 fidem
2236 3796 2427 3846 irritam
2451 3794 2728 3847 fecerunt.’'
2799 3795 2973 3859 Pelag.

552 3882 724 3944 Apost.
766 3880 932 3930 Consi.
989 3880 1060 3930 iii.
1115 3895 1141 3929 α
1200 3879 1423 3940 (διγαμία
1469 3879 1522 3927 δὲ
1564 3877 1715 3938 μετὰ
1812 3876 1946 3926 adh.
1965 3877 2021 3925 1.:
2048 3878 2316 3942 “primam
2335 3876 2693 3943 fidem...quae
2716 3877 2829 3942 [leg.
2846 3875 2972 3941 qua]

554 3962 937 4024 ἐπαγγελίαν
953 3961 1245 4024 παράνομον,
1273 3961 1329 4008 οὐ
1351 3955 1430 4008 διὰ
1457 3959 1545 4020 τὴ
1570 3961 1710 4008 md·
1812 3975 1867 4009 se
1889 3961 2065 4010 uiduas
2087 3961 2417 4025 promiserant
2440 3955 2842 4026 permansuras.”

555 4050 715 4104 φειαν,
763 4042 898 4092 ἀλλὰ
949 4039 1028 4093 διὰ
1063 4043 1120 4092 τὸ
1170 4040 1385 4106 fidibus->3
1445 4042 1546 4092 and
1585 4058 1711 4092 even
1878 4040 1925 4091 6.
1996 4042 2275 4104 otiositatis]
2334 4043 2430 4094 See
2469 4044 2691 4104 Ronsch,
2730 4044 2884 4102 Itala,
2924 4058 2975 4106 p.

555 4123 836 4173 Tertullian
856 4123 931 4189 (de
947 4141 1136 4189 monog.
1161 4139 1245 4188 13:
1276 4123 1537 4187 “primam
1560 4122 1713 4172 fidem
1814 4136 1890 4183 5²·
1965 4121 2044 4171 Cs-
2071 4123 2421 4183 uerbositatem,
2445 4123 2603 4188 infra,
2633 4124 2668 4172 l.
2703 4138 2776 4186 ¹3.

553 4206 877 4268 resciderunt,
898 4206 1037 4256 illam
1058 4206 1292 4257 uidelicet
1310 4221 1341 4254 a
1359 4208 1525 4270 quain
1550 4204 1713 4255 uidui·
1879 4205 1927 4252 8.
1993 4204 2317 4265 contendunt]
2383 4203 2534 4253 Latin
2586 4203 2826 4259 versionS,
2865 4204 2899 4227 “
2921 4216 2975 4249 o·

556 4294 660 4337 tate
683 4287 917 4337 inuentae
950 4295 1000 4337 et
1035 4287 1285 4353 professae
1318 4301 1432 4336 eam
1464 4301 1567 4335 non
1602 4301 1713 4350 per·
1813 4281 2031 4347 portet.”

554 4376 785 4419 severant
803 4384 817 4428 ς
850 4377 1056 4434 propter
1078 4369 1216 4435 quod
1240 4369 1349 4417 uult
1385 4383 1469 4417 eas
1503 4367 1708 4426 nubere,
1881 4384 1928 4435 9.
1965 4365 2527 4434 quoniam...otiositat1]
2591 4364 2740 4416 cited
2758 4367 2826 4431 by
2843 4367 2979 4416 Lan·

556 4465 621 4500 ne
666 4449 917 4515 primam
970 4449 1143 4500 fidem
1191 4455 1518 4512 susceptae
1551 4448 1714 4497 uidui·
1815 4450 1970 4500 franc.
2637 4512 2645 4519 ⁶

558 4533 674 4583 tatis
714 4540 889 4597 postea
925 4532 1213 4581 rescindant
1228 4530 1298 4591 ”).
1367 4529 1451 4579 cf.
1492 4530 1627 4594 Aug.
1660 4530 1720 4578 de
1886 4546 1960 4595 13.
2018 4538 2218 4591 uacant,
2246 4530 2360 4592 διο-1
2394 4530 2473 4580 Cf.
2506 4543 2565 4580 11.
2596 4546 2648 4595 p.
2672 4528 2753 4592 63,
2781 4530 2815 4579 l.
2848 4545 2876 4593 3
2899 4546 2975 4595 sq.
