3221 5116
237 408 358 477 IV.
399 422 495 491 15,
536 407 657 494 16.]
812 420 897 473 m
942 421 1056 487 ΕΡ.
1101 419 1205 472 AD
1248 416 1999 472 THESSALomcENSEs
2044 412 2091 469 1;

2567 420 2653 485 29

363 591 671 674 quoniam
732 611 847 655 nos
903 591 1022 674 qui
1077 589 1384 668 uiuimus,
1445 590 1564 673 qui
1616 587 2173 674 subrelinquimur
2227 588 2300 654 in
2367 589 2655 654 aduentu

235 690 529 756 Domini.

367 820 601 906 †quod
625 819 804 884 dixit
834 840 961 896 ηας,
992 839 1128 883 non
1159 820 1244 883 de
1276 840 1348 884 se
1379 840 1596 902 neque
1626 819 1711 883 de
1743 817 1871 883 illis
1900 819 2016 903 qui
2047 819 2114 882 in
2147 819 2478 901 praesenti
2512 820 2655 884 uita

237 932 399 988 tunc
428 923 846 988 habebantur
876 922 1055 997 dicit,
1089 923 1206 986 sed
1239 922 1325 986 de
1356 922 1484 986 illis
1526 921 1834 987 fidelibus
1874 922 1987 1005 qui
2018 931 2179 987 tunc
2220 924 2455 987 uicturi
2498 932 2655 987 sunt

237 1028 509 1110 quando
560 1027 947 1091 resurrectio
999 1035 1102 1091 est
1147 1026 1384 1091 sutura.
1482 1046 1598 1089 nos
1644 1026 1841 1100 dixit,
1890 1023 2019 1089 hoc
2067 1035 2170 1090 est
2219 1023 2525 1101 ‘fideles,'
2575 1046 2654 1088 eo
2727 1040 2759 1106 5

239 1133 420 1217 quod
474 1143 542 1198 et
591 1132 733 1215 ipse
771 1130 922 1195 talis
965 1138 1107 1194 erat
1146 1138 1214 1194 et
1253 1130 1338 1193 ad
1381 1127 1550 1193 tales
1589 1128 1937 1192 scribebat.
2041 1130 2221 1192 unde
2258 1138 2326 1193 et
2373 1129 2653 1194 adiecit:

236 1235 356 1317 qui
380 1231 933 1315 subrelinquimur
959 1231 1031 1295 in
1060 1230 1346 1295 aduentu
1376 1228 1731 1308 Domini*;
1779 1229 2137 1294 ostendens
2168 1232 2483 1314 quoniam
2518 1251 2652 1295 non

239 1337 327 1400 de
371 1334 499 1399 illis
543 1335 654 1418 qui
701 1332 838 1396 eius
877 1343 1179 1416 tempore
1219 1334 1538 1398 uiuebant
1578 1333 1757 1410 dicit,
1791 1331 1910 1395 sed
1950 1333 2037 1404 de
2073 1331 2203 1395 illis
2242 1334 2355 1416 qui
2397 1334 2464 1396 in
2503 1351 2657 1396 con-

242 1438 690 1502 summatione
720 1443 877 1499 sunt
906 1435 1161 1500 uicturi.

368 1593 494 1636 non
507 1581 794 1654 praeuen
801 1570 1002 1634 iemus
1028 1569 1430 1635 dormiente&

372 1688 516 1751 uult
560 1688 778 1751 dicere
822 1688 1139 1770 quoniam
1193 1697 1497 1771 tempore
1549 1689 2025 1772 assumptionis
2078 1689 2227 1753 illos
2264 1689 2492 1755 fideles
2539 1692 2655 1775 qui

244 1792 378 1855 iam
439 1800 596 1855 sunt
657 1792 900 1854 mortui
962 1791 1055 1854 illi
1116 1791 1229 1872 qui
1280 1800 1441 1854 tunc
1492 1792 1558 1854 in
1608 1792 1752 1856 uita
1800 1793 2224 1858 inuenientur
2282 1815 2417 1860 non
2470 1815 2657 1878 prae-

242 1892 527 1957 uenient.
624 1894 803 1974 quod
837 1892 1210 1955 euidentius
1244 1892 1544 1957 indicans
1576 1894 1819 1957 adicit:

2689 1595 2768 1644 10

369 2033 677 2116 quoniam
708 2033 836 2117 szse
863 2033 1199 2099 Dominus
1227 2035 1299 2099 in
1338 2035 1538 2114 iussu,
1572 2036 1644 2100 in
1681 2058 1825 2101 uoce
1859 2037 2252 2121 archangeli,
2284 2049 2348 2104 et
2387 2039 2460 2104 in
2502 2039 2657 2105 tuba

241 2135 376 2202 Dei
405 2137 728 2202 descendet
774 2138 854 2202 de
897 2139 1062 2202 caelo
1078 2161 1111 2214 ‚·
1157 2148 1222 2202 et
1266 2138 1514 2203 mortui
1552 2140 1671 2221 qui
1705 2149 1863 2203 sunt
1906 2140 1980 2204 in
2026 2140 2284 2208 Christo
2323 2156 2662 2228 resurgent
2690 2162 2760 2230 15

372 2302 448 2370 τὸ
481 2302 551 2369 δὲ
587 2302 766 2371 ἡμεῖς
805 2303 882 2370 οὗ
920 2306 1074 2393 περὶ
1118 2306 1350 2373 ἑαυτοῦ
1394 2305 1621 2393 φησίν·
1666 2304 1842 2370 ἀλλὰ
1884 2304 2054 2376 τοὺς
2097 2306 2422 2379 πιστοὺς
2464 2306 2658 2390 λέγει.

243 2402 353 2470 διὰ
411 2407 601 2471 τοῦτο
661 2405 1064 2493 προσέθηκεν
1121 2404 1177 2472 οἷ
1236 2410 1728 2493 περιλειπόμεκοι
1804 2405 1889 2473 eie
1963 2408 2081 2472 τι-ὶΝ
2158 2409 2484 2496 napo-(ciam
2547 2415 2659 2490 1·οῨ

249 2504 473 2594 κγρῖογ.

341 2673 395 2724 15
432 2662 689 2712 descendit
717 2660 792 2713 C*
820 2659 833 2728 Ι
862 2661 915 2711 in
937 2661 1058 2713 Chr.
1081 2670 1197 2714 sunt
1219 2679 1252 2711 r
1277 2662 1287 2729 Ι
1313 2670 1575 2728 resurgunt
1596 2680 1632 2713 r

248 2742 366 2809 362]
388 2744 446 2793 τὸ
469 2744 536 2802 δέ,
562 2745 706 2793 κ.τ.λ.

1800 2662 1860 2715 16
1893 2664 2054 2716 Coisl.
2079 2680 2193 2729 204,
2222 2665 2257 2715 s.
2288 2679 2381 2730 170
2397 2669 2434 2719 b
2455 2669 2563 2732 [Cr.
2587 2673 2652 2722 vi.

317 2886 358 2922 1.
419 2872 512 2936 qui
538 2872 993 2937 subrelinquimur]
1061 2872 1131 2923 So
1153 2876 1300 2938 again
1321 2874 1407 2924 be·

247 2953 364 3011 low,
388 2952 424 3002 l.
451 2966 511 3016 73
546 2953 611 3002 cf.
638 2965 676 3002 1.
691 2970 743 3019 p.
774 2969 881 3017 113,
909 2955 944 3005 1.
979 2954 1054 3012 16,
1077 2963 1211 3006 note.

252 3027 291 3080 ³„
315 3048 360 3096 3.
447 3032 583 3097 quod
629 3031 762 3082 detm’t
818 3035 833 3058 ⁴
851 3032 975 3094 nos‚’
1031 3034 1147 3096 &c.]
1219 3034 1409 3100 Origen

1503 2889 1714 2938 passage
1726 2892 1742 2936 ς
1796 2875 1897 2925 and
1941 2891 2014 2937 so,
2064 2876 2263 2927 besides
2316 2893 2409 2928 our
2461 2880 2660 2942 author,

1505 2955 1685 3018 Chrys.
1710 2956 1784 3019 (τὸ
1802 2957 1854 3005 δὲ
1877 2956 2042 3017 ἡμεῖς
2064 2960 2120 3006 οὐ
2151 2959 2263 3020 περὶ
2284 2959 2455 3009 ἑαυτοῦ
2487 2963 2655 3021 φησίν,

1505 3036 1561 3084 οὔ
1596 3035 1697 3099 ιγὰρ
1733 3035 1791 3096 δὴ
1822 3037 2025 3096 ἔμελλεν
2056 3038 2203 3099 μέχρι
2240 3040 2326 3099 τῆς
2354 3037 2664 3092 ἀναστάσεως

248 3111 467 3179 (fi-agm.
526 3129 608 3178 ap.
662 3115 875 3165 Hieron.
938 3124 1011 3180 ep.
1073 3131 1181 3181 119,
1232 3117 1408 3180 Migne

254 3196 316 3244 P.
341 3196 405 3244 L.
432 3209 511 3253 υ,
536 3193 652 3261 974)
688 3211 850 3246 seems
884 3205 939 3246 to
978 3196 1106 3246 have
1144 3198 1409 3262 explained

250 3276 297 3324 οἱ
320 3273 504 3339 ζῶντες,
533 3276 577 3324 οἱ
598 3277 769 3337 νεκροί,
799 3276 858 3325 os
873 3276 959 3325 the
980 3276 1260 3340 spiritually
1280 3277 1410 3327 alive

244 3358 347 3407 and
365 3357 452 3407 the
473 3357 751 3422 spiritually
769 3358 918 3408 dead.
987 3358 1279 3409 Methodius
1303 3359 1404 3424 (ap.

249 3439 372 3489 Oec.
401 3439 539 3488 adh.
555 3439 614 3501 l.)
634 3439 875 3504 regarded
897 3440 983 3490 the
1004 3439 1187 3490 former
1204 3448 1331 3490 term
1354 3456 1410 3491 as

250 3520 597 3586 representing
632 3520 720 3570 the
755 3520 892 3571 souls
926 3520 986 3571 of
1022 3521 1281 3583 believers‚
1324 3522 1410 3572 the

251 3601 400 3652 latter
435 3600 565 3651 their
609 3602 802 3653 bodies,
863 3602 1088 3667 *Against
1142 3602 1283 3653 these
1334 3610 1408 3654 at-

254 3690 441 3749 tempts
462 3691 516 3733 to
538 3698 718 3749 escape
740 3682 869 3732 from
892 3684 979 3734 the
1002 3683 1284 3734 difficulties
1306 3684 1365 3735 of
1379 3701 1411 3736 a

250 3765 414 3815 literal
468 3765 849 3830 interpretation
912 3766 999 3816 the
1068 3766 1410 3818 Antiochenes

251 3846 602 3910 unanimously
643 3846 894 3908 rebelled3
938 3862 1022 3896 see
1052 3848 1253 3912 Jerome
1290 3848 1325 3898 l.
1345 3864 1408 3906 c.‚

252 3927 368 3977 who
403 3927 526 3976 cites
568 3927 654 3977 the
697 3927 956 3992 following
992 3927 1123 3977 from
1158 3928 1411 3980 Diodorez

255 4010 397 4055 “nos
429 4004 555 4056 dixit
596 4021 690 4070 pro
723 4022 784 4056 eo
818 4008 955 4071 quod
989 4013 1064 4056 est
1096 4006 1310 4068 iustos,
1348 4008 1413 4058 de

255 4102 468 4153 quorum
509 4094 559 4137 et
611 4103 706 4153 ego
757 4104 870 4138 sum
918 4089 1414 4138 numero...uiuentes

255 4176 424 4218 autem
477 4184 578 4218 non
635 4169 775 4219 iuxta
827 4168 1163 4233 tropologiam
1214 4177 1414 4218 sanctos

256 4249 529 4314 accipimus
562 4249 649 4314 qui
682 4256 892 4315 peccato
922 4266 1026 4300 non
1058 4251 1240 4300 mortui
1278 4259 1409 4312 sunt,

258 4331 345 4381 sed
388 4346 562 4380 omnes
605 4346 733 4396 quos
775 4330 829 4381 in
878 4347 1087 4396 corpore
1143 4331 1414 4382 adueniens

262 4409 486 4459 Christus
507 4409 801 4461 inuenerit.'’
868 4411 1138 4461 Theodore
1160 4411 1218 4462 of
1253 4412 1412 4461 Hera-

260 4489 368 4540 clea
409 4491 509 4540 had
556 4490 708 4542 taken
753 4492 837 4543 the
876 4507 1013 4542 same
1060 4493 1185 4542 view
1230 4492 1291 4542 os
1326 4492 1414 4544 the

1504 3115 1685 3174 μένειν·
1740 3114 1871 3165 ἀλλὰ
1909 3119 2021 3168 τοὺς
2058 3119 2259 3169 πιστοὺς
2292 3120 2470 3182 λέγει),
2509 3121 2660 3173 Seve-

1506 3196 1674 3247 rianus
1717 3195 1921 3262 (ζῶντας
1962 3200 2036 3264 ἔτι
2068 3201 2198 3249 τινὰς
2239 3196 2472 3263 βούλεται
2517 3220 2661 3253 κατα-

1505 3279 1850 3342 λαμβάνεσθαι
1872 3281 1924 3329 &r
1945 3277 2009 3341 τῇ
2041 3281 2283 3344 παρουσίᾳ
2306 3283 2394 3331 τοῦ
2425 3282 2656 3345 Χριστοῦ,

1507 3362 1587 3409 καὶ
1608 3362 1753 3409 τοῦτο
1773 3362 2036 3421 δηλοῦσθαι
2048 3363 2105 3411 ἐκ
2121 3360 2210 3410 τοῦ
2233 3367 2246 3389 ‘
2261 3359 2466 3425 ἡμεῖς,’
2487 3367 2659 3426 uta-A.)

1505 3440 1605 3489 and
1630 3440 1783 3490 Thdt.
1817 3439 1921 3504 (οὐκ
1953 3442 2036 3490 ἐπὶ
2072 3442 2160 3490 τοῦ
2191 3442 2364 3491 ἑαυτοῦ
2401 3445 2664 3506 προσώπου

1506 3522 1728 3583 τέθεικεν,
1774 3520 1889 3571 ἀλλ’
1933 3524 2016 3572 ἐπὶ
2057 3524 2157 3572 τῶν
2203 3522 2311 3573 κατ’
2354 3525 2534 3573 ἐκεῖνον
2574 3527 2660 3574 τὸν

1505 3604 1669 3664 καιρὸν
1688 3604 1946 3665 περιόντων
1968 3601 2262 3666 ἀνθρώπων).
2303 3605 2532 3668 Pelagius
2554 3621 2661 3654 snc-

1505 3683 1694 3733 ceeded
1715 3683 1768 3733 in
1801 3684 2035 3749 bringing
2066 3692 2154 3734 out
2187 3700 2326 3734 more
2358 3685 2555 3749 exactly
2574 3686 2662 3735 the

1506 3763 1644 3814 force
1676 3763 1735 3814 os
1757 3762 1906 3824 ἡμεῖς,
1939 3765 2106 3815 which
2138 3766 2207 3815 all
2236 3765 2377 3814 these
2408 3780 2661 3816 commen·

1507 3852 1664 3895 tators
1697 3847 1858 3910 partly
1882 3845 2088 3896 missed:
2125 3847 2374 3910 “semper
2407 3847 2662 3911 apostolus

1508 3926 1644 3975 diem
1699 3926 1909 3975 Domini
1963 3925 2080 3975 fecit
2133 3926 2317 3976 habere
2378 3936 2663 3993 suspectum

1509 4005 1652 4070 quasi
1674 4020 1760 4054 eos
1781 4005 1834 4054 in
1850 4019 2058 4068 corpore
2079 4004 2377 4055 inuenerit.''

1577 4098 1626 4148 5.
1692 4086 1862 4135 hocest
1887 4083 2113 4149 ‘fideles’1
2145 4086 2254 4136 Hoc
2272 4088 2398 4138 estis
2419 4088 2667 4154 probably

1509 4181 1541 4215 a
1572 4163 1725 4228 gloss,
1742 4164 1966 4214 whether
1987 4180 2055 4214 on
2080 4166 2164 4216 the
2192 4175 2303 4231 part
2326 4163 2486 4218 os'the
2506 4177 2663 4219 trans·

1510 4245 1644 4295 lator
1679 4261 1737 4295 or
1766 4244 1826 4294 of
1855 4261 1887 4295 a
1909 4246 2102 4311 copyist
2112 4265 2129 4308 ς
2168 4248 2269 4298 Th.
2299 4258 2455 4300 wrote
2484 4250 2668 4317 simply

1514 4326 1677 4388 ἡμεῖς
1696 4328 1834 4389 λέγει
1855 4329 1963 4379 τοὺς
1984 4327 2200 4379 πιστούς.

1580 4412 1630 4461 8.
1711 4411 1769 4460 in
1816 4410 2248 4476 consummatione]
2309 4414 2391 4462 ἐπὶ
2435 4411 2505 4474 τῇ
2553 4430 2664 4464 συν-

1513 4493 1705 4553 τελείας
1738 4492 1801 4544 cf.
1833 4505 1868 4542 1.
1897 4509 1946 4558 p.
1976 4491 2103 4550 6.11.
2129 4491 2176 4555 6,
2209 4509 2268 4556 14
2289 4510 2366 4560 sq.
