3221 5116
1060 0 1206 12 -ἿὶΙ-ἶο-ΠΝΪ
1227 0 1312 14 *pf
1327 0 1352 12 T‘
1363 0 1499 12 Ἴ-ὗ--ῤ-Γ-
1664 0 1754 12 ιι--αἶ
1768 0 1813 12 ἠ-

290 406 376 471 V.
418 405 541 490 14]

290 612 406 656 eas
436 613 477 656 a
508 591 715 655 nimia
745 590 1045 654 uanitate
1074 607 1393 665 coercere,
1424 595 1493 651 et
1531 595 1608 651 ut
1639 585 2008 670 cogitatum
2050 608 2243 652 suum
2286 586 2714 654 humiliantes

292 697 380 761 de
432 717 504 760 se
552 697 686 760 sint
738 694 1075 758 sollicitae.
1167 701 1438 777 propter
1484 692 1615 756 hoc
1660 712 1876 774 neque
1916 693 2002 756 de
2050 694 2458 775 presbyteris
2499 714 2715 777 neque

295 803 380 864 de
417 799 807 864 diaconibus
844 801 1070 863 dicens
1123 798 1364 863 aetatis
1405 805 1506 860 est
1549 805 1975 872 memoratus
2010 797 2126 860 sed
2174 799 2260 860 de
2308 797 2526 860 uiduis
2569 807 2716 860 tan-

293 915 456 982 tum,
490 926 664 988 quae
700 926 772 968 se
817 905 906 968 ob
952 903 1132 968 illam
1175 923 1446 966 causam
1499 922 1704 985 quam
1759 902 1904 964 dixi
1960 901 2027 964 in
2077 902 2310 964 ordine
2362 902 2716 965 uiduarum

293 1009 579 1073 adscribi
612 1011 1071 1093 deproperant.
1148 1007 1443 1071 ostendit
1474 1026 1633 1070 uero
1665 1014 1732 1069 et
1762 1025 2033 1068 causam
2065 1006 2155 1068 ob
2185 1026 2388 1088 quam
2432 1007 2717 1070 iuniores
2793 1022 2825 1089 5

294 1114 535 1178 uiduas
583 1121 1011 1198 praeceperat
1062 1113 1337 1176 minime
1378 1112 1622 1195 recipi;
1678 1131 1813 1174 non
1859 1111 2018 1194 quia
2067 1131 2200 1175 non
2244 1112 2331 1175 sit
2382 1110 2596 1175 fidelis
2648 1118 2717 1173 et

296 1217 478 1280 utilis
531 1218 841 1282 iuuentus
888 1218 976 1281 ad
1024 1218 1248 1280 studia
1299 1217 1642 1304 uirtutum,
1692 1216 1811 1279 sed
1863 1216 2022 1299 quia
2075 1237 2209 1280 non
2259 1224 2722 1299 competenter

302 1323 550 1387 multae
595 1344 822 1388 earum
873 1323 939 1387 id
990 1322 1237 1405 exequi
1277 1321 1630 1401 uidentur;
1681 1321 2000 1385 simulant
2053 1331 2122 1386 et
2170 1330 2397 1386 autern
2453 1343 2525 1386 se
2572 1341 2720 1403 per-

299 1426 532 1491 sistere
580 1428 645 1492 in
684 1427 1011 1491 uiduitate
1059 1447 1178 1509 spe
1224 1425 1335 1490 illa
1372 1426 1516 1490 sola
1561 1435 1636 1490 ut
1688 1425 2137 1489 ecclesiastico
2189 1435 2462 1510 sumptu
2514 1428 2720 1492 nutri-

303 1537 516 1595 antur.

999 416 1080 467 ιΝ
1134 416 1240 467 ΕΡ.
1284 414 1389 465 AD
1436 413 1906 465 ΤιΜοτΗΕυΜ
1948 415 1993 465 1.
2589 402 2706 480 165

2758 1540 2839 1590 10

434 1668 576 1732 uolo
630 1691 781 1753 ergo
840 1671 1123 1736 iuniores
1178 1672 1421 1737 uidua-5
1479 1671 1726 1748 nubere,
1784 1672 1976 1757 filios
2033 1683 2388 1755 procreare,
2453 1680 2723 1735 matres-

285 1773 609 1856 familias
634 1796 779 1840 esse.

433 1896 675 1978 quare?
706 1905 779 1960 ut
799 1897 1163 1961 iuuentutis
1186 1896 1477 1979 impetus
1496 1918 1656 1982 erga
1676 1897 2030 1981 plurimam
2053 1897 2584 1977 sollicitudinem,
2606 1899 2724 1963 sed

303 2010 689 2082 occupatae,
716 2001 927 2083 possit
958 2021 1397 2083 compescere.
1487 2002 1616 2067 hoc
1647 2012 1873 2067 autern
1903 2012 2050 2067 erat
2073 2022 2206 2066 non
2240 2013 2315 2067 ut
2346 2003 2723 2066 iuueniores

306 2102 542 2165 uiduas
572 2124 613 2166 a
644 2103 965 2167 uirtutum
1006 2105 1244 2168 studiis
1283 2104 1690 2183 excluderet,
1719 2107 1839 2178 sed
1886 2115 1961 2169 ut
1993 2106 2207 2188 magis
2249 2126 2364 2169 eas
2396 2106 2726 2169 inuitaret.
2765 2130 2835 2198 15

306 2207 420 2289 qui
452 2207 629 2270 enim
675 2209 942 2273 dixerat
973 2229 1105 2272 non
1153 2218 1459 2291 oportere
1496 2209 1644 2274 illas
1679 2231 1852 2293 quae
1897 2231 2019 2274 nec
2060 2219 2283 2274 aetate
2316 2230 2437 2273 nec
2468 2209 2728 2286 uirtuti-

307 2311 433 2376 bus
464 2324 619 2378 sunt
659 2302 944 2378 uestitae
975 2314 1041 2377 in
1078 2315 1309 2377 ordine
1347 2315 1548 2397 recipi
1589 2316 1943 2379 uiduarum
1991 2313 2252 2378 illarum
2295 2335 2469 2397 quae
2518 2314 2728 2378 eccle-

308 2418 574 2482 siastico
616 2427 888 2501 sumptu
934 2416 1216 2493 aluntur,
1269 2419 1396 2481 ista
1437 2438 1596 2481 uero
1645 2418 1874 2481 dicens
1916 2419 2360 2500 praeparabat
2399 2439 2513 2482 eas
2554 2426 2630 2482 ut
2661 2418 2727 2481 id

311 2542 445 2586 non
488 2523 1003 2607 adtemptarent.
1093 2523 1838 2588 conuenienter—dicta
1896 2522 2075 2586 enim
2137 2523 2314 2589 illius
2374 2522 2489 2588 illa
2541 2523 2729 2606 cupit

307 2646 428 2710 per
478 2629 704 2691 omnia
755 2628 1148 2691 confirmare
1195 2638 1271 2691 ut
1323 2628 1438 2692 illa
1482 2648 1658 2710 quae
1698 2635 2012 2709 oportent
2054 2627 2458 2693 custodiant.
2547 2628 2730 2692 unde
2762 2655 2847 2703 20

310 2751 395 2794 ne
446 2712 780 2795 uideretur
831 2733 917 2795 ad
964 2730 1237 2813 plenum
1274 2732 1572 2795 deuitare
1627 2729 1999 2794 iuueniores
2034 2730 2273 2794 uiduas
2320 2751 2494 2814 quae
2535 2739 2731 2795 caute

310 2835 519 2898 uitam
552 2854 740 2898 suam
772 2835 1147 2912 instituunt,
1178 2836 1508 2918 sequitur:

412 3003 441 3051 3
475 2994 662 3037 aetates
684 2987 752 3037 H
957 3001 984 3052 5
1020 2993 1071 3037 et
1091 3003 1171 3036 om
1202 2988 1247 3037 C
1264 2988 1414 3049 (corr)
1439 3005 1468 3036 r
1701 2986 1734 3036 6
1769 2988 1944 3039 uiduas
1965 3003 2044 3038 om
2067 3004 2100 3037 r
2340 3002 2393 3037 11
2432 2993 2601 3037 autem
2625 2986 2740 3053 (sor

311 3071 451 3134 ergo)
475 3069 544 3118 H
699 3087 761 3131 14
790 3069 881 3119 sed
907 3069 1012 3134 (bes
1021 3068 1219 3135 occup.)
1243 3087 1322 3119 om
1345 3071 1414 3118 rl
1436 3067 1444 3134 1
1475 3077 1747 3135 occupatus
1768 3086 1801 3118 r
1824 3070 1833 3131 Ι
1863 3070 2054 3135 possint
2073 3071 2100 3119 l
2123 3066 2133 3135 1
2160 3069 2378 3119 iuniores
2398 3070 2468 3119 H
2479 3085 2512 3118 r
2676 3082 2738 3133 ιγ

310 3149 494 3200 uirtute
521 3151 633 3215 (for
650 3151 880 3211 nestitae)
907 3150 985 3200 C*
1010 3152 1077 3201 H
1132 3160 1337 3202 ornatae
1364 3153 1409 3202 C
1431 3151 1577 3218 (corr)
1601 3169 1635 3202 r
1661 3150 1671 3219 1
1697 3153 1925 3203 ordinem
1949 3169 1983 3203 r
2137 3167 2196 3217 19
2228 3153 2341 3203 illas
2364 3153 2484 3217 (sor
2501 3152 2654 3214 illius)
2677 3153 2748 3202 H

313 3245 378 3282 σο
410 3239 608 3297 oportet
630 3249 664 3281 r
857 3247 913 3281 αι
951 3248 1055 3282 non
1084 3232 1198 3296 (for
1216 3234 1301 3295 ne)
1325 3250 1359 3283 r
1381 3230 1391 3299 Ι
1420 3234 1639 3284 iuniores
1659 3249 1694 3282 r
1887 3249 1948 3285 υ
1982 3232 2165 3284 adiecit
2185 3233 2301 3299 (for
2319 3233 2562 3298 sequitur)
2584 3232 2654 3283 H

385 3397 428 3431 1.
521 3379 788 3445 cogitatum
846 3394 887 3428 s.
950 3378 1294 3441 humiliantes]
1382 3378 1464 3431 Cf.
1572 3380 1774 3430 nestitae
1792 3378 1955 3444 might
1985 3380 2140 3445 easily
2161 3380 2293 3430 have
2315 3380 2445 3431 been
2465 3380 2740 3431 eonverted

2129 5 2198 15 -ν-...ι
2223 7 2250 16 ..-
2289 2 2330 12 ...ιἶ
2381 2 2418 12 -ι-
2457 2 2580 15 μνη-ιι-
2605 2 2996 16 .---.-σι-ῂι----..ι-.-.

311 3470 485 3528 supra,
510 3479 560 3527 p.
596 3461 701 3526 163,
730 3462 764 3512 l.
798 3477 873 3525 15·

381 3561 431 3595 α.
470 3560 651 3609 ⁴neque
685 3544 744 3593 de
779 3542 1094 3608 presbyterale]
1157 3543 1254 3594 See
1292 3545 1468 3603 above,

317 3642 387 3678 on
409 3643 456 3677 v.
485 3642 535 3693 9.

387 3725 463 3760 ιι.
531 3707 774 3769 iuniores]
843 3707 975 3759 eod.
1022 3707 1211 3757 Amiat.
1239 3706 1332 3757 has
1357 3707 1478 3757 here

314 3792 408 3843 the
429 3793 557 3842 form
586 3793 622 3817 “
639 3791 919 3841 iuueniores
934 3788 964 3813 ”
990 3789 1073 3849 (cf.
1091 3798 1263 3854 supra,
1285 3805 1333 3854 p.
1367 3790 1476 3855 163,

316 3878 353 3927 1.
381 3892 408 3939 5
432 3874 532 3925 and
555 3873 700 3939 again
723 3873 904 3934 below,
932 3872 968 3921 1.
994 3875 1094 3934 αι).

399 3958 585 4008 Viduas
632 3956 676 4006 is
713 3955 925 4005 omitted
959 3955 1025 4019 by
1070 3955 1155 4005 the
1187 3953 1339 4005 Latin
1368 3970 1475 4004 ver·

320 4037 479 4096 sions3
515 4038 605 4087 but
647 4037 801 4100 χήρας
832 4036 875 4086 is
900 4036 1058 4087 found
1082 4036 1134 4085 in
1168 4036 1254 4086 the
1288 4042 1393 4085 text
1426 4034 1488 4084 of

323 4119 505 4183 Chrys.
551 4118 652 4167 and
696 4117 871 4178 Thdt„
922 4117 1023 4166 and
1074 4132 1178 4166 was
1220 4115 1480 4165 doubtless

321 4204 442 4254 read
464 4202 532 4267 by
552 4201 652 4252 Th.

390 4301 412 4335 ι
420 4300 465 4349 3.
539 4281 959 4346 ut...compescere]
1011 4279 1277 4346 lanfranc.
1321 4279 1471 4329 Sed:

318 4382 397 4429 γε.
471 4363 547 4415 Or
567 4364 687 4413 read
711 4362 1066 4427 redoccupatae.

389 4461 465 4512 ¹7·
534 4447 755 4508 nestitae]
821 4445 847 4495 1
867 4445 1029 4511 prefer
1050 4446 1151 4495 this
1173 4453 1228 4495 to
1246 4445 1331 4497 the
1357 4461 1476 4496 eon-

315 4527 509 4593 jecmre
564 4527 623 4578 of
660 4527 746 4578 the
796 4527 984 4578 Corbie
1030 4532 1297 4589 corrector,
1339 4525 1481 4575 since

1573 3462 1685 3511 into
1728 3463 1929 3522 semme,
1978 3462 2067 3511 the
2109 3479 2248 3513 more
2281 3478 2339 3512 so
2375 3478 2431 3513 as
2466 3462 2553 3512 the
2585 3463 2739 3527 slight

1574 3543 1943 3593 awkwardness
1965 3542 2025 3592 of
2040 3542 2125 3592 the
2149 3543 2286 3593 word
2322 3544 2374 3592 in
2402 3542 2504 3592 this
2534 3552 2738 3594 context

1576 3625 1746 3674 would
1767 3625 1897 3674 have
1919 3623 2001 3673 led
2027 3625 2112 3673 the
2133 3625 2319 3674 scribes
2343 3632 2395 3673 to
2418 3632 2620 3688 suspect
2643 3625 2698 3675 it.

1649 3721 1725 3772 19.
1791 3704 2165 3768 adtemptarent.
2231 3704 2739 3777 conuenientem-&ml

1579 3787 1725 3836 Read
1747 3787 1964 3852 perhaps
1997 3788 2363 3852 adtemptarent
2390 3787 2737 3836 inconuem'en-

1579 3874 1655 3918 ter
1666 3886 1689 3927 ,⁶
1721 3869 1869 3926 dicta,
1893 3868 1985 3919 διο.

1647 3965 1727 4000 αι.
1794 3965 1859 3999 ne
1878 3949 2130 3999 raderetur
2148 3949 2456 4015 adplenum,
2482 3948 2599 4011 &c.]
2653 3950 2738 4001 Cf.

1578 4031 1781 4095 Chrys:
1815 4032 1988 4080 κωλύει
2004 4032 2158 4079 τοίνυν
2184 4028 2272 4081 τὰς
2294 4033 2450 4094 χήρας
2469 4029 2552 4082 τὰς
2580 4033 2740 4081 τοιαύ-

1577 4129 1681 4173 τας,
1709 4115 1765 4161 οὐ
1784 4113 2073 4174 βουλόμενος
2087 4112 2157 4173 μὴ
2179 4114 2303 4162 εῖναι
2316 4110 2472 4177 χήρας
2488 4116 2739 4178 νεωτέρας.

1579 4192 1715 4246 ἀλλὰ
1741 4194 1813 4256 μὴ
1844 4194 2136 4259 βουλόμενος
2163 4199 2455 4259 μοιχαλίδα
2487 4198 2741 4249 εἶναι...ὦι

1581 4281 1630 4328 el
1666 4279 1737 4339 μὴ
1777 4276 1993 4327 τοιοῦτον
2039 4281 2240 4341 ἐγίνετο,
2281 4282 2367 4330 οὐκ
2407 4278 2466 4331 ἂν
2509 4283 2737 4335 ἐκώλυεν.

1582 4360 1765 4411 Ambr.
1799 4361 1859 4411 de
1884 4360 1987 4412 uid.
2019 4375 2082 4411 2:
2123 4363 2276 4412 “non
2305 4371 2427 4429 puto
2454 4364 2592 4428 quod
2614 4365 2742 4416 iuni-

1581 4458 1695 4496 ores
1728 4444 2035 4495 reuocandas
2078 4446 2264 4511 putarit
2298 4462 2330 4496 a
2365 4446 2627 4497 uiduitatis
2670 4446 2741 4498 af-

1580 4524 1766 4576 fectu.”
1833 4525 1969 4578 Both
2006 4526 2124 4577 Chr.
2165 4527 2265 4577 and
2301 4529 2480 4580 Ambr.
2522 4529 2621 4580 cite
2655 4529 2744 4579 the
