3221 5116
318 377 452 443 111.
485 378 570 463 2.]

1033 391 1116 442 IN
1164 391 1273 443 ΕΡ.
1321 390 1424 442 AD
1470 391 1935 447 TIMOTHEUM
1983 395 2031 445 1.

2619 395 2740 463 107

314 562 682 649 aliquando
752 563 1170 628 occasionem
1233 563 1300 628 in
1370 563 1724 630 infantiam
1785 563 2105 648 baptismi
2177 563 2484 648 gratiam,
2549 564 2742 628 aliter

315 688 479 731 uero
510 675 667 751 post
698 675 1113 731 senectutem
1157 665 1579 750 longaeuam‚
1622 669 1735 751 qui
1768 677 1838 732 et
1866 689 1987 752 per
2016 689 2217 733 omne
2247 677 2514 752 tempus
2557 671 2740 734 uitae

318 793 481 836 suae
513 773 689 836 uixit
719 772 1078 848 luxuriose,
1120 781 1424 856 tempore
1471 793 1629 837 uero
1672 774 1903 838 mortis
1943 775 2259 858 baptismi
2304 776 2590 859 gratiam
2621 776 2740 841 ad-

320 885 607 940 secutus,

704 875 815 939 ille
874 896 1034 939 uero
1094 875 1207 960 qui
1261 876 1350 940 ab
1411 876 1695 942 infantia
1740 875 2078 961 baptisma
2126 878 2322 943 fuerit
2361 877 2738 957 adsecutus,

321 974 741 1059 diligentiam
772 977 1129 1042 uirtutibus
1163 977 1468 1042 adhibuit
1498 979 1875 1062 plurimam,
1905 978 2186 1063 deliquit
2221 999 2381 1044 uero
2420 989 2490 1045 et
2517 979 2742 1063 aliqua

320 1088 556 1162 utpote
615 1079 837 1156 hom0‚
893 1089 962 1145 et
1021 1089 1097 1145 ut
1157 1080 1420 1146 adsolet
1478 1081 1639 1160 fieri,
1689 1083 1964 1148 incurrit
2022 1084 2226 1147 etiarn
2288 1093 2359 1148 et
2410 1084 2476 1147 in
2535 1102 2741 1166 graue

321 1192 673 1266 peccatum
706 1184 1089 1260 infirmitate
1120 1185 1333 1268 magis
1365 1184 1594 1268 lapsus
1634 1205 1839 1269 quam
1868 1186 2112 1251 affectu
2155 1187 2459 1263 animae;
2505 1186 2744 1250 ridicu-

321 1288 462 1353 lum
503 1289 784 1372 dignum
825 1288 965 1364 erit,
998 1288 1051 1352 si
1099 1288 1278 1352 idem
1325 1309 1414 1353 ex
1457 1297 1702 1353 euentu
1749 1298 2084 1367 noceatur,
2131 1288 2386 1353 nullum
2428 1288 2740 1354 iuuamen

323 1390 415 1454 ob
458 1390 784 1454 bonorum
831 1392 1205 1474 adsequens
1249 1390 1668 1474 diligentiam
1715 1412 1796 1455 eo
1841 1392 2023 1477 quod
2071 1391 2138 1454 in
2180 1390 2461 1455 infantia
2488 1389 2742 1473 baptis-

325 1493 526 1557 matis
576 1494 863 1577 gratiam
913 1502 1016 1558 est
1064 1494 1463 1574 adsecutus;
1526 1494 1655 1558 iste
1699 1515 1874 1572 uer0,
1922 1514 2333 1579 quamquam
2380 1493 2544 1558 nihil
2598 1514 2741 1557 sus·
2775 1505 2855 1555 10

325 1598 596 1663 tinuerit
626 1618 749 1680 pro
778 1598 1022 1681 quibus
1062 1598 1385 1680 peccauit,
1418 1596 1639 1662 adhuc
1676 1606 1743 1662 et
1774 1597 1988 1662 clarus
2032 1598 2099 1661 in
2145 1597 2368 1662 futura
2409 1596 2745 1661 uidebitur

326 1701 483 1778 uita,
514 1709 583 1766 et
615 1700 741 1765 hoc
779 1721 930 1765 cum
974 1699 1224 1764 nullam
1270 1700 1592 1765 bonitatis
1633 1700 1940 1766 habuerit
1981 1700 2414 1785 diligentiam,
2447 1700 2606 1784 quia
2646 1700 2744 1764 ita

325 1806 547 1871 euenit
585 1815 660 1870 ut
692 1807 767 1869 in
791 1805 992 1869 finem
1033 1806 1212 1869 uitae
1252 1825 1416 1869 suae
1452 1805 1789 1888 baptisma
1836 1804 2325 1889 adsequeretur.
2417 1804 2535 1869 sed
2575 1803 2743 1867 haec

326 1909 413 1973 ab
445 1908 570 1973 illis
601 1908 897 1993 intellegi
930 1909 1177 1972 debent
1206 1908 1320 1991 qui
1354 1908 1659 1972 nesciunt
1689 1909 2014 1973 rationem
2047 1910 2138 1974 ob
2168 1930 2372 1993 quam
2403 1911 2744 1993 baptisma

326 2010 538 2075 datur.
630 2011 749 2074 sed
811 2031 932 2074 nec
993 2010 1257 2074 diuInas
1332 2009 1687 2075 uoluerunt
1761 2011 2154 2076 examinare
2215 2012 2590 2095 scripturaS,
2652 2034 2741 2077 ex
2776 2021 2846 2090 15

324 2113 567 2195 quibus
598 2113 850 2177 discere
879 2121 1193 2196 poterant
1224 2113 1541 2196 quoniam
1587 2113 1934 2178 Simonem
1979 2114 2144 2178 nihil
2185 2112 2532 2179 adiuuauit
2577 2116 2743 2199 bap-

324 2215 507 2279 tismi
539 2215 792 2279 donum
824 2222 1100 2298 propter
1137 2215 1461 2299 propositi
1504 2216 1928 2298 prauitatem,
1964 2217 2218 2300 Spiritu
2265 2225 2498 2281 sancto
2544 2217 2612 2280 in
2658 2237 2741 2282 eo

328 2341 463 2385 non
494 2321 989 2404 requiescente3
1022 2318 1263 2383 latroni
1296 2339 1456 2384 uero
1485 2328 1561 2384 ut
1592 2320 1661 2383 in
1692 2320 1984 2403 paradisi
2008 2319 2496 2385 habitationem
2527 2330 2743 2385 trans·

325 2423 452 2487 iret
498 2422 751 2486 nullum
802 2421 1047 2485 adtulit
1081 2421 1672 2505 impedimentum,
1720 2423 1809 2487 ob
1849 2423 2173 2507 propositi
2220 2423 2361 2487 eius
2406 2423 2743 2500 uirtutem,

326 2548 408 2592 ea
440 2526 694 2592 ratione
723 2547 857 2610 qua
887 2545 1023 2593 non
1055 2523 1268 2590 fuerat
1298 2525 1636 2609 baptisma
1665 2524 2036 2591 adsecutus,
2127 2525 2279 2591 dico
2310 2535 2536 2591 autem
2577 2525 2740 2591 haec
2768 2546 2855 2596 20

325 2650 463 2694 non
521 2627 610 2693 ad
669 2629 1192 2693 destructionem
1252 2628 1697 2712 baptismatis,
1756 2628 1876 2693 sed
1929 2638 2208 2713 propter
2264 2650 2382 2694 eos
2442 2630 2556 2714 qui
2616 2630 2743 2694 sub

428 2824 449 2859 ι
485 2807 888 2860 inomC*Hr
1047 2823 1076 2859 a
1111 2808 1469 2872 longaeuumr

1630 2823 1660 2872 3
1691 2807 1854 2873 gratia
1873 2806 1943 2856 H
2093 2804 2126 2856 6
2159 2806 2288 2857 solet
2313 2808 2359 2858 C
2376 2823 2410 2858 r
2570 2810 2601 2858 8
2633 2808 2742 2873 dig-

324 2907 447 2941 num
469 2908 546 2941 om
570 2908 603 2942 r
792 2904 825 2955 9
857 2889 1101 2940 honorem
1124 2888 1241 2954 (for
1257 2890 1529 2949 bonorum)
1554 2888 1624 2938 Η
1815 2904 1875 2940 ιο
1907 2894 1982 2939 est
2002 2904 2081 2939 om
2104 2889 2149 2938 C
2160 2888 2228 2938 H
2244 2886 2253 2952 Ι
2282 2889 2347 2939 sit
2371 2889 2469 2954 (ast
2487 2888 2619 2955 ads.)
2643 2891 2749 2940 add

330 2972 376 3022 C
395 2971 567 3036 (corr):
605 2978 687 3020 txt
707 2986 740 3019 r
916 2985 973 3020 12
1007 2969 1148 3019 nulla
1171 2971 1235 3020 H
1403 2985 1460 3034 13
1496 2970 1548 3019 in
1579 2985 1660 3020 om
1682 2969 1751 3019 H
1910 2981 1967 3033 15
2001 2969 2353 3021 eximinareH
2510 2967 2571 3020 16
2602 2970 2741 3020 adiu·

324 3052 466 3103 uabit
487 3068 520 3102 r
718 3066 775 3117 19
809 3050 1012 3101 adtullit
1039 3051 1083 3101 C
1277 3066 1341 3102 20
1373 3066 1526 3116 quam
1554 3051 1625 3100 H

323 3192 851 3258 μείναντας...οῧτως
895 3191 1150 3259 ἀγάζειν).
1218 3193 1282 3243 In
1325 3194 1490 3245 Theo-

324 3275 488 3327 dore’s
515 3276 822 3342 experience,
853 3276 939 3325 the
970 3274 1189 3340 baptism
1223 3273 1283 3324 of
1307 3274 1492 3325 infants

320 3374 482 3409 seems
516 3366 568 3408 to
599 3358 729 3408 have
760 3358 891 3408 been
914 3373 980 3407 on
1004 3357 1091 3406 the
1115 3356 1279 3407 whole
1311 3372 1491 3422 excep·

322 3440 518 3501 tiona13
549 3440 635 3491 the
670 3439 924 3506 primitive
961 3439 1184 3505 practice
1218 3455 1322 3489 was
1353 3438 1491 3490 how·

324 3538 442 3573 ever
463 3522 757 3587 recognized
778 3538 834 3572 as
855 3522 1132 3586 legitimate
1149 3521 1249 3571 and
1273 3521 1493 3572 resorted

326 3612 380 3655 to
424 3605 475 3654 in
521 3612 659 3655 cases
698 3604 757 3654 of
795 3604 1041 3669 necessity
1077 3604 1195 3669 (Th.
1228 3612 1311 3668 ap.
1344 3604 1492 3655 Phot.

325 3686 523 3736 biblioth
544 3686 654 3736 cod.
686 3697 801 3750 177:
824 3687 905 3736 καὶ
926 3685 1061 3746 ἡμεῖς
1083 3687 1179 3735 καὶ
1207 3687 1279 3735 τὰ
1302 3687 1495 3750 βρέφη

325 3766 701 3832 βαπτιζόμεθα).

398 3864 440 3912 7.
500 3851 646 3900 n'dic.
669 3852 902 3916 dlgmum]
929 3852 984 3902 If
998 3851 1124 3902 both
1147 3851 1314 3901 words
1337 3850 1496 3914 ought

326 3938 380 3981 to
401 3931 565 3992 stand,
584 3932 860 3981 ridiculum
886 3933 928 3982 is
951 3934 1125 3984 here:
1138 3933 1280 3991 risus,
1298 3948 1329 3982 a
1352 3950 1497 3985 sense

329 4015 584 4064 unknown
610 4021 664 4065 to
686 4015 773 4064 the
794 4015 929 4066 lexx.

396 4092 471 4144 16.
543 4094 795 4143 Simonem
832 4095 989 4144 'nihil
1035 4095 1328 4156 adiuuauit,
1375 4095 1496 4159 δια]

332 4177 380 4226 It
416 4176 457 4225 is
490 4176 782 4226 instructive
816 4183 870 4227 to
902 4176 1006 4227 find
1043 4178 1098 4228 S.
1129 4178 1409 4243 Augustine
1442 4178 1497 4228 in

324 4259 528 4324 general
545 4265 835 4324 agreement
856 4259 980 4310 with
1002 4260 1271 4310 Theodore
1285 4277 1353 4310 on
1371 4261 1496 4311 both

328 4340 414 4390 the
436 4356 575 4391 cases
597 4340 846 4391 adduced.
900 4341 980 4393 Cf.
1010 4342 1144 4406 Aug.
1172 4343 1229 4391 in
1252 4344 1334 4393 I’s.
1364 4343 1495 4393 ciii.=

326 4427 360 4450 ‘⁸
377 4422 568 4488 respice
624 4422 690 4471 ad
745 4438 954 4472 munera
1019 4422 1176 4489 ipsius
1236 4423 1493 4474 ecclesiae.

326 4519 507 4554 munus
572 4512 997 4556 sacramentorum
1065 4505 1116 4556 in
1178 4505 1489 4570 baptismo...

1573 3196 1789 3261 adeptus
1823 3201 1900 3246 est
1938 3202 1987 3246 et
2026 3195 2206 3246 Simon
2238 3211 2584 3262 magus...non
2622 3211 2743 3262 ergo

1573 3292 1629 3326 se
1650 3276 1834 3326 iactent
1859 3276 1946 3341 qui
1968 3275 2098 3327 forte
2120 3277 2229 3328 sine
2249 3277 2459 3329 caritate
2475 3278 2743 3328 habuerint

1575 3361 1675 3411 hoc
1707 3379 1887 3413 munus
1923 3362 2024 3413 Dei
2062 3368 2304 3421 sanctum,
2348 3360 2475 3411 sicut
2513 3368 2741 3410 sanctum

1575 3443 1845 3508 baptisma,
1883 3444 1974 3494 sed
2006 3444 2215 3494 uideant
2252 3443 2452 3509 qualern
2497 3442 2744 3493 rationem

1575 3524 1795 3574 habituri
1835 3532 1951 3575 sunt
1984 3541 2101 3576 cum
2135 3525 2264 3587 Deo,
2301 3523 2389 3590 qui
2421 3525 2607 3574 sanctis
2638 3539 2742 3574 non

1575 3614 1749 3657 sancte
1781 3614 2001 3656 utuntur.
2012 3604 2042 3628 ’'
2108 3606 2232 3655 And
2262 3606 2321 3655 de
2348 3605 2476 3671 bapt.
2503 3622 2543 3654 c.
2566 3606 2741 3655 Dona·

1574 3689 1677 3737 tist.
1694 3687 1762 3737 iv.
1783 3701 1871 3752 29:
1897 3688 2076 3752 “quod
2099 3686 2206 3748 [the
2227 3701 2341 3736 case
2356 3685 2415 3736 of
2430 3685 2517 3736 the
2536 3686 2743 3748 λῃστής]

1575 3767 1730 3817 etiam
1774 3773 1924 3831 atque
1968 3767 2120 3816 etiam
2175 3765 2496 3815 considerans
2538 3765 2742 3816 inuenio

1576 3865 1681 3898 non
1703 3856 1896 3898 tantum
1921 3848 2201 3914 passionem
2224 3863 2317 3913 pro
2334 3847 2535 3896 nomine
2553 3848 2744 3899 Christi

1577 3932 1632 3981 id
1669 3932 1808 3997 quod
1840 3948 1900 3981 ex
1935 3932 2188 3997 baptismo
2223 3931 2394 3980 deerat
2437 3946 2586 3996 posse
2624 3947 2741 3998 sup·

1578 4014 1734 4080 plere,
1772 4015 1862 4064 sed
1895 4014 2046 4065 etiam
2081 4013 2230 4063 fidem
2265 4013 2742 4080 conuersionemque

1578 4096 1761 4157 cordis,
1783 4097 1824 4146 si
1849 4096 1975 4146 forte
1991 4096 2056 4145 ad
2081 4095 2434 4145 celebrandum
2452 4098 2742 4159 mysterium

1577 4175 1816 4241 baptismi
1850 4176 1902 4225 in
1935 4174 2177 4240 angustiis
2209 4182 2492 4241 temporum
2524 4177 2742 4227 succurri

1577 4273 1681 4307 non
1702 4255 2087 4322 potest-’'—For
2106 4255 2394 4317 adiuuauit,
2412 4274 2496 4309 see
2514 4259 2735 4321 Ronsch,

1576 4340 1730 4400 Itala,
1759 4355 1809 4405 p.
1842 4341 1950 4390 288.

1647 4435 1727 4471 υ.
1794 4437 1894 4471 non
1923 4420 1996 4469 ad
2021 4421 2392 4471 destructionem
2414 4422 2742 4486 baptismatis]

1579 4504 1715 4554 That
1759 4503 1858 4553 Th.
1904 4502 2007 4552 had
2054 4518 2123 4552 no
2177 4501 2338 4554 desire
2382 4510 2436 4552 to
2480 4504 2613 4568 dcny
2655 4503 2742 4555 the
