3221 5116
378 2677 463 2726 20

479 366 609 429 280

1147 377 1603 432 THEODORUS
1653 380 2237 436 MOPSUESTENUS

2599 366 2902 453 [14—16.

469 552 650 635 gelii,
709 550 835 636 [ut]
891 561 1251 639 utrumque
1294 554 1700 639 SIgnificaret
1744 558 2063 641 quoniam
2118 555 2352 621 uolens
2398 556 2683 620 tenuerit
2726 573 2901 630 eum,

450 637 853 721 'debebatur
897 667 1123 722 autem
1173 659 1232 722 ei
1291 659 1751 723 huiuscemodi
1801 660 2238 724 ministerium
2292 661 2406 743 qui
2467 680 2590 742 pro
2642 658 2899 721 uniuer-

481 779 709 822 sorum
762 759 1141 841 patiebatur
1190 760 1447 839 salute;
1517 771 1585 825 et
1644 763 1964 843 quoniam
2019 783 2151 826 non
2210 762 2518 827 minimas
2566 760 2904 825 mercedes

486 883 575 926 ex
605 862 722 927 tali
755 863 972 927 officio
1009 864 1406 947 adquirebat
1449 865 1841 942 Philemoni,
1873 866 1939 929 in
1984 865 2103 929 tali
2136 865 2241 929 uel
2290 865 2586 930 maxime
2631 861 2906 946 negotio

424 983 455 1049 5
490 965 698 1030 Paulo
728 966 1113 1044 constitum,
1144 967 1199 1030 si
1232 968 1674 1050 praestitisset
1704 967 1764 1031 ei
1809 987 2004 1031 suum
2047 988 2312 1031 seruum
2347 969 2413 1031 in
2446 966 2903 1030 ministerium

486 1069 614 1139 hoc
661 1079 885 1133 autem
941 1070 1117 1134 dixit
1166 1092 1300 1135 non
1356 1072 1636 1136 retinere
1683 1092 1950 1136 seruum
1996 1092 2153 1135 uera
2195 1073 2430 1136 uolens
2466 1070 2737 1146 ratione,
2783 1068 2904 1131 sed

486 1174 847 1236 ostendens
877 1174 1195 1255 quoniam
1237 1174 1291 1237 si
1323 1173 1450 1237 hoc
1482 1174 1744 1238 fecisset
1776 1194 1911 1237 non
1954 1175 2401 1239 conueniebat
2444 1173 2904 1238 Philemonem

487 1276 835 1359 indignari.
911 1286 1172 1342 tantum
1204 1300 1363 1362 ergo
1394 1279 1673 1344 interest
1704 1287 1778 1343 ut
1811 1278 1994 1343 nulla
2025 1280 2092 1342 in
2123 1278 2547 1362 suscipiendo
2581 1275 2906 1342 Onesimo

486 1388 557 1444 et
599 1379 979 1462 praebenda
1023 1382 1083 1445 ei
1116 1382 1311 1445 uenia
1352 1381 1755 1464 ambiguitas
1791 1382 2273 1446 adnasceretur.
2362 1391 2588 1445 tamen
2632 1398 2904 1443 causam

385 1505 464 1554 10
489 1482 721 1547 uolens
751 1483 969 1547 dicere
1000 1483 1310 1547 idoneam
1343 1484 1431 1548 ob
1463 1504 1667 1567 quarn
1701 1505 1854 1548 eum
1887 1479 2165 1550 minim'e
2195 1485 2498 1561 tenuerit,
2532 1483 2730 1547 dicit:

617 1636 757 1699 sine
798 1636 1056 1699 consilio
1102 1646 1317 1700 autem
1368 1647 1476 1701 tao
1527 1636 1709 1701 nihil
1750 1637 1933 1701 uolui
1968 1636 2212 1718 facere,
2264 1647 2342 1704 nt
2397 1656 2528 1700 non
2577 1635 2777 1719 quasi
2829 1656 2928 1725 ex·

488 1740 848 1803 necessitate
873 1740 964 1804 sit
993 1740 1223 1804 bonum
1256 1751 1441 1805 taum
1471 1742 1591 1805 sea'
1612 1762 1691 1805 ex
1718 1743 2063 1805 uoluntate.

621 1874 791 1930 ‘non
821 1865 1174 1931 uidebatur
1206 1868 1365 1930 mihi
1409 1888 1554 1931 esse
1601 1869 1849 1932 iustum
1883 1877 1958 1932 ut
1996 1878 2231 1932 contra
2265 1868 2682 1933 uoluntatem
2716 1877 2901 1932 tuam

488 1989 642 2033 eum
675 1968 1024 2033 retinerem
1058 1972 1169 2053 qui
1203 1971 1287 2034 ad
1323 1979 1390 2034 te
1420 1970 1819 2053 pertinebat.
1899 1991 2055 2035 nam
2090 1991 2379 2054 aequum
2415 1992 2560 2034 esse
2589 1971 2908 2035 existimo

384 2095 455 2164 15
490 2082 565 2137 ut
587 2075 1060 2157 quodcumque
1084 2075 1334 2138 bonum
1360 2095 1448 2138 ex
1481 2084 1549 2138 te
1582 2074 1780 2140 suerit
1809 2075 2060 2140 factum
2093 2096 2215 2158 pro
2240 2085 2358 2140 tuo
2388 2076 2514 2139 hoc
2546 2075 2910 2157 impleatur

488 2177 794 2244 arbitrio!

883 2177 1127 2242 deinde
1184 2178 1343 2260 quia
1401 2179 1661 2242 tristem
1736 2199 1890 2242 eum
1953 2178 2113 2261 fuga
2171 2179 2343 2243 serui
2406 2185 2480 2241 ut
2543 2180 2745 2242 moris
2801 2187 2909 2242 est

488 2279 755 2361 fecerat,
786 2281 1185 2345 sufficienter
1214 2289 1283 2344 et
1314 2301 1436 2364 pro
1466 2279 1593 2344 hoc
1628 2281 1895 2345 medere
1927 2281 2345 2365 deproperat,
2379 2282 2645 2345 dicens:

602 2422 901 2505 forsitan
931 2422 1103 2486 enim
1142 2422 1278 2486 ideo
1305 2422 1559 2487 recessit
1594 2424 1693 2486 ad
1715 2433 1974 2508 tempus,
2019 2435 2096 2489 ut
2120 2436 2451 2489 aeternum
2481 2444 2626 2488 eum
2655 2423 2906 2502 bahem,

490 2527 627 2592 iam
658 2548 784 2592 non
812 2548 1073 2592 seruum
1103 2528 1220 2592 sed
1240 2539 1432 2612 super
1453 2549 1732 2594 seruum.

620 2649 892 2715 euidens
924 2660 1024 2715 est
1054 2651 1371 2734 quoniam
1406 2652 1471 2714 in
1504 2650 1662 2736 suga
1704 2672 1933 2717 uersus
1964 2662 2066 2716 est
2107 2652 2360 2717 arbitrii
2391 2652 2493 2717 sui
2524 2651 2861 2735 prauitate
2886 2672 2902 2728 ;

1541 2820 1562 2855 1
1599 2813 1655 2854 ut
1677 2820 1756 2854 om
1784 2803 1865 2855 C*

561 2958 604 2991 1.
699 2947 757 2990 ut
808 2948 1078 3006 utrumque
1126 2940 1449 3006 Qng'ficaret]
1529 2940 1573 2991 1.
1598 2956 1646 2991 e.

490 3022 577 3073 the
603 3021 784 3087 phrase
818 3022 868 3071 ἐν
901 3023 998 3071 τοῖς
1028 3022 1216 3082 δέσμαις
1244 3023 1330 3071 τοῦ
1363 3020 1651 3084 εὐαγγελίου

492 3103 638 3154 looks
659 3112 762 3153 two
782 3119 951 3168 ways:
986 3102 1055 3167 (ι)
1091 3105 1129 3154 it
1148 3104 1360 3169 justifies
1392 3106 1444 3155 S.
1482 3103 1650 3154 Paul's

494 3183 619 3234 wish
655 3190 709 3233 to
745 3184 905 3234 retain
941 3183 1226 3241 Onesimus,
1262 3184 1434 3249 secing
1471 3184 1508 3234 it
1545 3200 1649 3234 was

492 3265 570 3314 for
604 3264 690 3315 the
724 3279 959 3315 common
990 3265 1125 3329 good
1164 3264 1272 3315 that
1313 3264 1399 3315 the
1435 3265 1651 3331 Apostle

495 3362 597 3397 was
650 3347 963 3412 undergoing
1016 3346 1102 3397 the
1156 3346 1535 3411 imprisonment
1596 3347 1649 3396 in

494 3432 661 3483 which
682 3432 747 3482 he
769 3432 961 3482 needed
985 3431 1063 3480 his
1084 3430 1298 3480 services
1318 3446 1334 3491 ς
1370 3431 1443 3491 (2)
1477 3430 1514 3479 it
1536 3446 1649 3495 sug·

493 3523 627 3580 gests
649 3515 760 3565 that
782 3514 1045 3564 Philemon
1065 3513 1273 3564 himself
1290 3514 1454 3563 would
1478 3514 1541 3563 be
1564 3514 1650 3563 the

493 3597 668 3663 gainer
688 3596 732 3646 if
745 3596 825 3647 his
846 3596 982 3646 slave
1006 3612 1135 3646 were
1157 3595 1421 3660 employed
1445 3594 1497 3645 in
1527 3594 1651 3645 such

493 3695 526 3729 a
546 3676 702 3727 work.

566 3777 642 3811 11.
697 3767 756 3809 ut
789 3775 890 3809 non
928 3759 1089 3824 quasi,
1123 3758 1238 3820 Ere-J
1319 3757 1391 3808 So
1431 3758 1650 3807 Claram·

492 3843 595 3892 and
619 3842 848 3901 Hieron„
876 3841 965 3891 but
987 3840 1309 3904 substituting
1336 3837 1550 3890 “esset'’
1574 3839 1653 3889 for

491 3923 589 3983 ,τῆς
636 3921 810 3986 Vulg.,
852 3923 973 3971 “uti
1008 3937 1073 3972 ne
1113 3919 1494 3971 uelut...esset.”
1560 3921 1653 3969 Ex

493 4007 800 4057 uoluntate:
813 4003 937 4054 κατὰ
953 4005 1181 4055 ἑκούσιον.
1233 4004 1305 4053 80
1318 4005 1447 4068 Aug.
1462 4021 1478 4064 3
1506 4003 1573 4052 O.
1586 4003 1646 4053 L.

493 4088 594 4137 and
617 4086 787 4152 Vulg„
816 4088 851 4113 ‘⁴
867 4084 1256 4136 uoluntarium.”

566 4182 642 4229 15.
698 4174 759 4215 ut
785 4166 1117 4231 quodcumque
1148 4165 1347 4225 bonum,
1383 4164 1501 4227 δια]
1567 4164 1650 4213 Cs.

497 4233 551 4298 S:
576 4249 777 4312 Jerome
797 4247 870 4296 ad
889 4247 937 4297 h.
960 4247 1021 4297 L:
1060 4247 1245 4312 “quod
1280 4254 1449 4296 autem
1482 4262 1650 4296 neces·

494 4328 641 4378 sitate
662 4329 850 4378 bonum
873 4336 948 4378 est
978 4342 1081 4377 non
1110 4334 1186 4377 est
1218 4324 1461 4377 bonum.''
1529 4324 1652 4376 And

498 4409 694 4475 Pelag.:
744 4409 1069 4459 “notandum
1103 4409 1239 4474 quod
1272 4408 1524 4459 neminem
1560 4424 1649 4459 uo·

496 4491 642 4542 luerit
675 4490 967 4543 necessitate
998 4491 1116 4542 boni
1150 4489 1337 4556 aliquid
1371 4489 1549 4550 facere,
1587 4505 1652 4541 ne

1750 2941 2028 2991 mercedem
2051 2940 2356 2992 amitteret.”

1739 3024 1742 3029 '
1821 3034 1893 3086 17.
1953 3021 2152 3084 medere]
2210 3022 2251 3072 1.
2269 3038 2320 3087 q.
2352 3020 2557 3072 mederi.
2625 3020 2738 3070 The
2771 3019 2899 3070 lexx.

1749 3105 1863 3170 give
1886 3120 1952 3155 no
1974 3105 2197 3155 instance
2219 3105 2278 3155 of
2293 3104 2379 3155 the
2401 3104 2561 3155 active
2584 3104 2729 3153 form.

1820 3187 1897 3236 18.
1943 3186 2135 3236 recessit
2152 3185 2226 3234 ad
2238 3185 2444 3250 tempus]
2495 3185 2646 3234 Latin
2667 3185 2907 3241 versions,

1753 3265 2026 3316 “discessit
2089 3264 2378 3328 (Ambrstr.,
2452 3264 2707 3316 “secessit
2726 3262 2776 3328 ”)
2839 3265 2906 3314 ad

1750 3344 1994 3405 horam;'’
2033 3345 2120 3396 the
2159 3346 2310 3411 Vulg.
2355 3346 2483 3397 adds
2528 3348 2610 3395 “a
2632 3343 2733 3396 te.”
2805 3344 2910 3394 For

1750 3444 1862 3479 eum
1905 3428 2079 3477 habeas
2122 3428 2207 3478 the
2252 3428 2316 3479 Ο.
2363 3428 2421 3477 L.
2462 3428 2565 3477 and
2603 3426 2755 3491 Vulg.
2793 3426 2910 3491 give

1752 3509 1941 3559 “illum
1988 3509 2232 3574 reciperes
2247 3507 2276 3532 ’'
2324 3510 2591 3571 (ἀπέχῃςῃ
2633 3507 2696 3558 cf.
2742 3508 2905 3573 infra,

1753 3606 1803 3654 p.
1831 3593 1942 3646 281,
1966 3591 1998 3641 1.
2030 3590 2078 3649 6,
2104 3599 2237 3642 note.
2298 3592 2418 3641 Non
2440 3606 2658 3652 semum,
2687 3591 2779 3641 &c.
2839 3590 2912 3642 Ut

1750 3671 1843 3721 has
1863 3671 1994 3721 been
2015 3673 2259 3739 dropped,
2283 3671 2500 3737 perhaps
2521 3672 2590 3737 by
2611 3687 2677 3721 an
2700 3686 2838 3722 error
2858 3671 2920 3721 of

1753 3752 2121 3818 transcription.
2206 3754 2308 3803 For
2350 3760 2500 3818 super
2540 3768 2582 3802 s.
2628 3752 2714 3802 the
2759 3751 2912 3802 Latin

1751 3837 1973 3889 versions
2003 3836 2259 3903 generally
2292 3835 2421 3885 have
2452 3839 2594 3899 “pro
2628 3833 2829 3893 seru0,”
2855 3850 2914 3884 as

1752 3919 1797 3968 if
1824 3921 1941 3985 they
1973 3921 2076 3969 had
2110 3920 2228 3970 read
2263 3918 2389 3982 ὑπὲρ
2432 3919 2620 3966 δούλου.
2688 3917 2910 3980 Jerome,

1750 4000 1997 4059 however,
2047 4000 2282 4050 followed
2324 4000 2393 4063 by
2434 4001 2574 4059 Am„
2620 3997 2914 4048 substitutes

1754 4087 1784 4109 ‘⁸
1802 4081 1913 4146 plus
1934 4079 2131 4132 seruo.''

1820 4179 1899 4214 20.
1955 4166 2156 4215 euidens
2191 4172 2261 4214 est
2295 4162 2547 4229 quoniam,
2587 4161 2704 4223 δια]
2779 4161 2912 4210 Lan·

1752 4245 1903 4306 franc,
1945 4245 2114 4311 freely,
2154 4245 2343 4310 ending
2378 4244 2560 4294 “unde
2596 4258 2690 4293 nec
2732 4242 2912 4292 defini·

1753 4325 1870 4384 tiue,
1898 4326 1985 4375 sed
2008 4325 2287 4375 dubitatiue
2310 4322 2488 4374 dixit.”

1813 4409 1873 4457 in
1898 4409 2035 4471 fuga
2072 4424 2242 4457 uersus
2276 4415 2361 4465 est,
2400 4406 2517 4468 δια]
2576 4406 2756 4456 Thdt.:
2790 4406 2913 4466 ἀγα·

1755 4486 1849 4538 θῶν
1886 4486 2025 4551 αὐτῷ,
2065 4490 2225 4551 φησίν,
2266 4490 2396 4538 αἰτία
2439 4489 2644 4551 (γέγονεν
2691 4486 2722 4546 ᾗ
2755 4488 2912 4548 φυγή.
