3221 5116
336 399 392 464 1.
422 402 480 476 8,
508 397 595 483 9.]
1051 407 1137 459 m
1184 407 1289 459 ΕΡ.
1334 404 1439 456 AD
1483 403 1952 459 Tmo‘rHEuM
1999 391 2106 458 11.'
2634 393 2755 478 ‘197

332 583 464 648 Dei
493 582 944 665 constringere
972 579 1266 655 caritate,
1296 598 1559 644 necnon
1588 587 1661 642 et
1689 579 1972 662 pudicos
2002 599 2127 644 nos
2158 580 2363 645 etiarn
2415 581 2581 666 ipsis
2616 582 2759 646 effi·-

331 707 484 752 cere
543 681 1141 768 cogitationibusl*
1228 681 1472 749 deinde
1531 684 1623 748 ad
1681 684 2151 750 uerecundiam
2224 703 2379 750 eum
2446 685 2758 762 inuitans„

333 790 623 857 adiecit:

466 959 546 1002 ne
623 958 772 1021 ergo
850 934 1176 1000 erubescas
1246 933 1685 999 testimonium
1772 932 2031 999 domini
2095 934 2322 1013 nostri,
2394 954 2590 1018 neque
2660 954 2760 999 me

334 1041 627 1106 uinctum
655 1040 813 1104 eim.
2833 1077 2866 1145 5

466 1180 624 1224 nam
684 1159 886 1224 ualde
943 1176 1099 1222 eum
1160 1156 1248 1221 ad
1308 1156 1781 1221 uerecundiam
1842 1156 1911 1221 in
1958 1155 2143 1223 hisce
2191 1158 2386 1222 dictis
2438 1158 2760 1241 adtraxit,

337 1264 567 1330 dicens
595 1284 677 1328 ne
699 1263 1028 1328 erubescas
1042 1285 1074 1338 ,·
1116 1261 1306 1345 quasi
1338 1261 1452 1343 qui
1485 1260 1872 1325 erubescere
1899 1260 2175 1327 deberet
2204 1261 2320 1326 illa
2349 1282 2522 1344 quae
2551 1264 2763 1346 pieta-
2873 1267 2880 1274 '

339 1368 444 1444 tis,
477 1369 531 1431 si
557 1389 694 1433 non
723 1377 793 1433 et
826 1366 1051 1450 aliqua
1079 1365 1653 1448 contemplatione
1682 1365 1952 1448 pietatis
1983 1374 2225 1449 sponte
2254 1366 2513 1450 perpeti
2544 1366 2762 1431 uellet.

341 1473 521 1537 unde
550 1492 685 1536 non
716 1470 894 1536 dixit
923 1490 1001 1534 ne
1040 1467 1367 1561 erubescas
1397 1468 1788 1544 Dominum,
1817 1466 1936 1532 sed
1977 1467 2411 1532 testimonium
2439 1468 2722 1534 Domini
2733 1494 2766 1546 ,-

340 1574 470 1640 hoe
499 1584 622 1655 est,
654 1576 1056 1658 passionem.
1141 1582 1216 1638 et
1254 1592 1392 1635 non
1437 1571 1683 1636 sufficit
1728 1581 1805 1636 ut
1846 1572 1977 1636 ista
2014 1573 2287 1652 diceret,
2319 1572 2438 1637 sed
2483 1574 2765 1638 adiecit:
2799 1592 2877 1641 10

338 1689 404 1746 et
452 1701 553 1743 me
594 1679 934 1753 uz’nctum,·
979 1676 1384 1742 sufficienter
1434 1676 1810 1740 admonens
1862 1685 1938 1740 ut
1992 1696 2371 1740 memorans
2424 1677 2764 1744 Christum

342 1792 412 1848 et
442 1782 557 1849 illa
586 1804 759 1868 quae
787 1782 1157 1848 secundum
1187 1801 1263 1845 se
1289 1789 1449 1845 sunt
1479 1800 1618 1844 non
1654 1781 1918 1863 pigeret
1958 1781 2123 1863 pati,
2154 1782 2211 1844 si
2252 1789 2481 1845 tamen
2513 1789 2582 1844 et
2611 1800 2763 1844 cum

342 1887 654 1970 apostolo
696 1897 766 1954 et
792 1907 947 1951 cum
991 1885 1261 1952 Christo
1305 1886 1853 1949 communionem
1886 1882 2134 1950 habere
2165 1883 2617 1951 adfectaretur
2643 1904 2766 1970 pro

341 1993 525 2057 hisce
554 1989 992 2076 passionibus,
1080 1989 1261 2052 unde
1292 1996 1360 2052 et
1389 1987 1636 2053 adiecit
1663 2008 1679 2053 ε

408 2110 422 2131 ’
476 2144 594 2209 sed
614 2143 948 2208 conlabora
980 2141 1049 2206 in
1078 2140 1431 2225 euangelio,
2801 2140 2873 2208 15

482 2265 750 2348 ‘itaque
780 2263 938 2346 quia
966 2283 1088 2345 per
1125 2262 1473 2346 passiones
1516 2263 1714 2346 ipsud
1764 2262 2194 2346 euangelium
2240 2272 2344 2329 est
2381 2263 2770 2348 perfectum,

349 2369 793 2431 necessarium
843 2373 946 2429 est
996 2373 1073 2428 ut
1121 2366 1575 2429 communices
1630 2365 1691 2429 ei
1740 2386 1860 2449 per
1911 2367 2256 2448 passiones
2309 2388 2476 2450 quas
2523 2367 2772 2449 pateris

350 2490 475 2554 pro
505 2470 788 2534 aliorum
830 2467 1155 2532 utilitate.'
1234 2467 1598 2531 ostendens
1645 2468 1964 2551 quoniam
2011 2468 2148 2533 tale
2200 2476 2304 2535 est
2350 2472 2772 2556 euangelium

351 2577 446 2641 ita
478 2585 552 2641 ut
581 2573 724 2658 pati
760 2592 885 2656 pro
915 2590 996 2635 eo
1026 2570 1308 2653 dignum
1340 2571 1473 2634 sit:

482 2725 833 2791 secundum
883 2722 1194 2787 uirtutem
1234 2721 1380 2800 Dei,
1423 2722 1543 2804 qui
1580 2722 1800 2785 saluos
1841 2743 1958 2786 nos
1984 2722 2156 2806 ficit
2193 2735 2257 2790 et
2298 2727 2559 2791 uocauit
2592 2749 2775 2792 uoca-
2803 2747 2889 2796 20

357 2915 465 2981 nai
552 2913 1131 3002 σωφρονεστέρους
1219 2914 1289 2981 ἐν
1375 2918 1537 3008 τοῖς.
1599 2918 1948 2998 λογισμοῖς
2016 2914 2229 2998 μένειν
2299 2919 2439 2988 τοῖς
2516 2914 2777 2987 οἰκείοις

351 3045 587 3086 ποιειν.

455 3183 484 3224 2
518 3166 852 3232 cogitionibus
876 3164 981 3233 (sic)
1011 3167 1059 3217 C
1074 3168 1142 3217 Η
1359 3184 1388 3233 3
1422 3168 1575 3219 adicit
1596 3185 1631 3220 r
1853 3185 1888 3232 4
1920 3170 2026 3220 noli
2057 3170 2229 3236 itaque
2260 3170 2550 3222 embfficere
2581 3176 2619 3220 t.
2643 3170 2693 3222 d.
2721 3186 2774 3222 n.

356 3252 474 3301 Iesu
497 3250 685 3301 Christi
707 3266 741 3298 r
985 3248 1018 3300 6
1050 3265 1155 3301 non
1181 3248 1300 3315 (sor
1316 3249 1454 3315 nam)
1480 3252 1549 3300 Η
1769 3250 1801 3300 8
1848 3259 1964 3302 sunt
1988 3250 2088 3317 (ast
2104 3250 2325 3317 pietatis)
2348 3253 2455 3302 add
2469 3270 2502 3303 r
2524 3250 2534 3317 Ι
2564 3252 2642 3303 sin
2666 3251 2782 3316 (for

357 3318 547 3395 sinon)
572 3332 643 3381 H
768 3345 829 3382 ιο
859 3330 1012 3381 adicit
1041 3332 1086 3381 C
1216 3345 1271 3382 11
1308 3347 1363 3382 se
1389 3329 1625 3397 (forme)
1654 3332 1826 3384 CHr
2004 3347 2060 3384 ια
2096 3340 2171 3384 est
2195 3331 2465 3399 (sorsum)
2489 3331 2583 3398 ΗΙ
2612 3339 2663 3383 et
2688 3331 2780 3396 (αθ)

354 3431 433 3466 om
454 3416 525 3465 H
714 3430 771 3479 13
819 3414 1071 3465 affectaret
1093 3431 1127 3465 r
1358 3432 1418 3480 ¹4
1450 3415 1605 3466 adicit
1627 3433 1662 3466 r
1875 3431 1932 3478 ¹5
1967 3415 2143 3466 labora
2163 3416 2231 3465 H
2245 3414 2256 3480 Ι
2287 3416 2338 3466 in
2356 3432 2436 3467 om
2457 3432 2491 3464 r
2721 3412 2780 3465 16

359 3511 488 3561 quae
522 3493 638 3560 (sor
652 3495 790 3561 quia)
819 3494 983 3546 C*H
998 3494 1011 3559 Ι
1038 3496 1204 3561 ipsum
1225 3512 1260 3545 r
1458 3499 1516 3547 18
1557 3497 1826 3548 utilitatem
1849 3497 1918 3547 Η

360 3621 428 3673 cf.
469 3623 693 3685 Ronsch,
737 3623 891 3685 Itala,
936 3639 988 3689 p.
1032 3625 1158 3687 1853
1207 3625 1308 3675 and
1357 3625 1517 3691 infla,
1623 3629 1769 3677 τοῦτο
1787 3627 1888 3692 ’γάρ
1916 3628 2051 3678 ἐστιν
2077 3628 2137 3677 τὸ
2163 3627 2449 3691 μαρτύριον·
2482 3627 2583 3675 τὸν
2614 3624 2781 3675 θάνα-

367 3718 418 3769 p.
450 3719 564 3763 τοο,
588 3705 624 3753 1.
652 3720 733 3754 αι.
791 3705 894 3755 For
917 3705 1040 3770 zpsir
1061 3705 1148 3756 the
1164 3704 1269 3756 Gk.
1287 3721 1449 3757 seems
1471 3714 1525 3758 to
1625 3706 1727 3758 τόν
1763 3714 1947 3770 φησιν
1982 3712 2083 3759 τοῦ
2119 3709 2398 3772 Χριστοῦ.
2492 3706 2564 3757 80
2601 3706 2778 3766 Thdt.,

366 3788 560 3853 require
574 3788 800 3853 propriis
820 3804 879 3839 or
899 3790 1097 3840 nostris.
1624 3790 1784 3857 citing
1806 3791 1958 3841 Rom.
1983 3791 2017 3841 i.
2047 3790 2122 3851 16,
2157 3805 2177 3840 1
2203 3791 2322 3840 Cor.
2343 3789 2377 3839 i.
2414 3789 2487 3838 18.

437 3888 484 3931 4.
523 3885 706 3933 neergo
722 3871 985 3934 erubescas]
1004 3872 1117 3922 The
1135 3871 1288 3922 latin
1300 3870 1524 3922 versions
1701 3887 1779 3922 1·1.
1845 3888 1948 3923 non
1959 3871 2171 3937 pigeret]
2194 3871 2463 3929 Personam
2489 3869 2553 3920 cf.
2578 3882 2614 3920 1.
2634 3885 2687 3934 p.
2705 3885 2785 3934 23,

368 3952 528 4015 give‘
535 3951 663 4000 ‘noli
688 3967 809 4017 ergo
833 3951 891 4017 (s.
915 3952 1103 4019 itaque)
1127 3953 1471 4005 embaecerefl
1633 3953 1669 4004 l.
1697 3968 1743 4018 5,
1781 3962 1919 4005 note.
1982 3955 2171 4003 Comm.
2194 3953 2368 4004 habere
2397 3953 2777 4017 adfectaretur-²

437 4047 484 4099 9.
558 4034 689 4082 unde
745 4050 847 4084 non
894 4035 1043 4093 dixit,
1080 4036 1201 4099 δια]
1279 4038 1391 4087 ὅθεν
1443 4034 1527 4087 οὐκ
1627 4052 1814 4090 comm.
1841 4036 2130 4087 adsectaret.

366 4117 503 4166 eta-er
542 4116 639 4177 ’μὴ
675 4114 1005 4179 ἐπαισχυνθῇς
1041 4120 1127 4168 τὸν
1169 4117 1359 4184 κῦριονβ
1401 4117 1532 4169 ἀλλὰ
1699 4132 1775 4182 15.
1843 4119 1901 4167 in
1944 4116 2217 4183 euangtlio]
2272 4118 2342 4167 In
2375 4116 2420 4166 is
2453 4116 2665 4167 without
2703 4133 2787 4168 au-

369 4199 459 4247 ‘rb
500 4195 761 4261 μαρτύριον
800 4200 888 4248 τοῦ
922 4198 1118 4262 κυρίουβ
1160 4197 1430 4258 τουτέστιν,
1468 4202 1527 4250 τὸ
1627 4199 1829 4263 thoi-ity,
1848 4198 1950 4249 and
1966 4200 2010 4249 is
2032 4215 2291 4250 moreover
2306 4198 2551 4249 excluded
2564 4199 2631 4263 by
2647 4199 2791 4250 Th.’s

370 4281 539 4331 πάθος.
596 4279 741 4330 With
778 4279 879 4332 this
924 4280 1245 4347 explanation
1280 4282 1339 4332 of
1374 4300 1519 4345 μαρτ.
1627 4289 1897 4333 comment.
1946 4282 2134 4347 Ipsum
2175 4281 2398 4340 Ronsch,
2420 4282 2572 4343 Itala,
2593 4297 2645 4348 p.
2675 4280 2789 4345 276.

366 4377 536 4426 comp.
562 4361 649 4412 the
683 4377 867 4414 comm.
895 4378 963 4412 on
991 4380 1011 4414 1
1038 4363 1173 4415 Tim.
1198 4364 1248 4416 ii.
1279 4361 1313 4414 6
1345 4366 1417 4431 (p.
1444 4367 1525 4433 89,
1700 4377 1778 4416 20.
1852 4363 1947 4429 qui
1983 4364 2149 4413 saluos
2198 4379 2285 4413 nos
2323 4362 2472 4427 fait]
2549 4362 2620 4414 So
2663 4365 2789 4413 Am-

368 4446 402 4496 l.
435 4462 483 4509 3,
522 4446 680 4508 note).
747 4444 831 4495 Cf.
866 4444 1078 4509 Chrys:
1118 4447 1210 4507 ’μὴ
1243 4442 1324 4496 οὖν
1358 4447 1529 4497 &racc-
1631 4447 1775 4496 brstr.
1833 4444 1918 4506 (cf.
1975 4444 2130 4509 Aug„
2181 4445 2269 4494 “s.
2326 4460 2420 4495 nos
2473 4442 2790 4507 facientis)3'’

369 4516 550 4591 χυνθῇς
588 4525 661 4576 ὅτι
712 4528 797 4577 τὸν
840 4529 1199 4591 ἐσταυρωμένον
1241 4527 1528 4590 namur-retr*
1630 4527 1804 4592 vulg„
1838 4527 1974 4593 “qui
2002 4543 2094 4577 nos
2115 4526 2399 4577 liberauit.”
