<?xml version="1.0" encoding="UTF-8"?>
<!DOCTYPE html PUBLIC "-//W3C//DTD XHTML 1.0 Transitional//EN"
    "http://www.w3.org/TR/xhtml1/DTD/xhtml1-transitional.dtd">
<html xmlns="http://www.w3.org/1999/xhtml" xml:lang="en" lang="en">
 <head>
  <title>
</title>
<meta http-equiv="Content-Type" content="text/html;charset=utf-8" />
  <meta name='ocr-system' content='tesseract 3.04.00' />
  <meta name='ocr-capabilities' content='ocr_page ocr_carea ocr_par ocr_line ocrx_word'/>
</head>
<body>
  <div class='ocr_page' id='page_1' title='image "./theodoriepiscop02swetgoog_0090.png"; bbox 0 0 3221 5116; ppageno 0'>
   <div class='ocr_carea' id='block_1_1' title="bbox 248 377 2669 462">
    <p class='ocr_par' dir='ltr' id='par_1_1' title="bbox 248 377 2669 462">
     <span class='ocr_line' id='line_1_1' title="bbox 248 377 2669 462; baseline 0 -22"><span class='ocrx_word' id='word_1_1' title='bbox 248 379 298 441; x_wconf 93' lang='lat'>1.</span> <span class='ocrx_word' id='word_1_2' title='bbox 339 377 643 462; x_wconf 83' lang='lat'>13-15-]</span> <span class='ocrx_word' id='word_1_3' title='bbox 979 390 1062 442; x_wconf 81' lang='lat' dir='ltr'>IN</span> <span class='ocrx_word' id='word_1_4' title='bbox 1111 391 1217 441; x_wconf 81' lang='grc' dir='ltr'>ΕΡ.</span> <span class='ocrx_word' id='word_1_5' title='bbox 1262 390 1365 441; x_wconf 81' lang='lat' dir='ltr'>AD</span> <span class='ocrx_word' id='word_1_6' title='bbox 1410 389 1877 440; x_wconf 72' lang='lat' dir='ltr'>‘rmo‘rHEuM</span> <span class='ocrx_word' id='word_1_7' title='bbox 1924 390 1968 440; x_wconf 88' lang='lat'>1.</span> <span class='ocrx_word' id='word_1_8' title='bbox 2585 386 2669 451; x_wconf 94' lang='lat'>79</span> 
     </span>
    </p>
   </div>
   <div class='ocr_carea' id='block_1_2' title="bbox 241 553 2666 748">
    <p class='ocr_par' dir='ltr' id='par_1_2' title="bbox 241 553 2666 748">
     <span class='ocr_line' id='line_1_2' title="bbox 241 553 2666 646; baseline -0.003 -22"><span class='ocrx_word' id='word_1_9' title='bbox 241 569 506 625; x_wconf 88' lang='lat' dir='ltr'>tenerer</span> <span class='ocrx_word' id='word_1_10' title='bbox 562 561 1003 646; x_wconf 88' lang='lat' dir='ltr'>persequendi</span> <span class='ocrx_word' id='word_1_11' title='bbox 1063 570 1132 625; x_wconf 90' lang='lat' dir='ltr'>et</span> <span class='ocrx_word' id='word_1_12' title='bbox 1183 558 1697 643; x_wconf 87' lang='lat' dir='ltr'>blasphemandi</span> <span class='ocrx_word' id='word_1_13' title='bbox 1747 568 1815 623; x_wconf 90' lang='lat' dir='ltr'>et</span> <span class='ocrx_word' id='word_1_14' title='bbox 1862 556 2285 622; x_wconf 89' lang='lat' dir='ltr'>contumeliis</span> <span class='ocrx_word' id='word_1_15' title='bbox 2337 553 2666 620; x_wconf 86' lang='lat' dir='ltr'>afficiendi</span> 
     </span>
     <span class='ocr_line' id='line_1_3' title="bbox 242 660 2343 748; baseline -0.002 -20"><span class='ocrx_word' id='word_1_16' title='bbox 242 685 359 728; x_wconf 87' lang='lat' dir='ltr'>eos</span> <span class='ocrx_word' id='word_1_17' title='bbox 402 665 518 748; x_wconf 92' lang='lat' dir='ltr'>qui</span> <span class='ocrx_word' id='word_1_18' title='bbox 550 664 617 728; x_wconf 92' lang='lat' dir='ltr'>in</span> <span class='ocrx_word' id='word_1_19' title='bbox 650 665 836 728; x_wconf 90' lang='lat' dir='ltr'>illum</span> <span class='ocrx_word' id='word_1_20' title='bbox 867 663 1260 729; x_wconf 87' lang='lat' dir='ltr'>credebant.&#39;</span> <span class='ocrx_word' id='word_1_21' title='bbox 1350 672 1420 727; x_wconf 90' lang='lat' dir='ltr'>et</span> <span class='ocrx_word' id='word_1_22' title='bbox 1449 682 1869 745; x_wconf 82' lang='lat' dir='ltr'>exaggerans</span> <span class='ocrx_word' id='word_1_23' title='bbox 1903 661 2062 725; x_wconf 90' lang='lat' dir='ltr'>illud</span> <span class='ocrx_word' id='word_1_24' title='bbox 2096 660 2302 725; x_wconf 87' lang='lat' dir='ltr'>adicit</span> <span class='ocrx_word' id='word_1_25' title='bbox 2330 683 2343 724; x_wconf 71' lang='grc' dir='ltr'><strong>ε</strong></span> 
     </span>
    </p>
   </div>
   <div class='ocr_carea' id='block_1_3' title="bbox 223 811 2774 1109">
    <p class='ocr_par' dir='ltr' id='par_1_3' title="bbox 223 811 2774 1109">
     <span class='ocr_line' id='line_1_4' title="bbox 373 811 2666 899; baseline -0.003 -19"><span class='ocrx_word' id='word_1_26' title='bbox 373 816 494 880; x_wconf 82' lang='lat' dir='ltr'>sed</span> <span class='ocrx_word' id='word_1_27' title='bbox 535 816 1045 881; x_wconf 64' lang='lat' dir='ltr'>mirericordiam</span> <span class='ocrx_word' id='word_1_28' title='bbox 1088 827 1446 881; x_wconf 82' lang='lat' dir='ltr'>consecutus</span> <span class='ocrx_word' id='word_1_29' title='bbox 1482 838 1647 894; x_wconf 85' lang='lat' dir='ltr'>sum,</span> <span class='ocrx_word' id='word_1_30' title='bbox 1690 816 1995 899; x_wconf 85' lang='lat' dir='ltr'>quoniam</span> <span class='ocrx_word' id='word_1_31' title='bbox 2031 813 2393 899; x_wconf 80' lang='lat' dir='ltr'>[ignorans]</span> <span class='ocrx_word' id='word_1_32' title='bbox 2425 811 2569 896; x_wconf 83' lang='lat' dir='ltr'>feci</span> <span class='ocrx_word' id='word_1_33' title='bbox 2596 812 2666 876; x_wconf 83' lang='lat' dir='ltr'>in</span> 
     </span>
     <span class='ocr_line' id='line_1_5' title="bbox 243 918 2666 1005; baseline -0.002 -20"><span class='ocrx_word' id='word_1_34' title='bbox 243 922 696 986; x_wconf 81' lang='lat' dir='ltr'><em>incredulitate</em></span> <span class='ocrx_word' id='word_1_35' title='bbox 710 945 741 997; x_wconf 79' lang='lat'>,⁰</span> <span class='ocrx_word' id='word_1_36' title='bbox 803 922 1355 1005; x_wconf 84' lang='lat' dir='ltr'>superabundauz&#39;t</span> <span class='ocrx_word' id='word_1_37' title='bbox 1411 933 1628 985; x_wconf 86' lang='lat' dir='ltr'>autem</span> <span class='ocrx_word' id='word_1_38' title='bbox 1668 922 1904 1005; x_wconf 77' lang='lat' dir='ltr'>gratia</span> <span class='ocrx_word' id='word_1_39' title='bbox 1950 920 2232 985; x_wconf 83' lang='lat' dir='ltr'><em>Domini</em></span> <span class='ocrx_word' id='word_1_40' title='bbox 2286 918 2499 983; x_wconf 81' lang='lat' dir='ltr'>nostri</span> <span class='ocrx_word' id='word_1_41' title='bbox 2522 937 2666 982; x_wconf 87' lang='lat' dir='ltr'>cum</span> 
     </span>
     <span class='ocr_line' id='line_1_6' title="bbox 223 1025 2774 1109; baseline 0.002 -20"><span class='ocrx_word' id='word_1_42' title='bbox 223 1025 373 1109; x_wconf 82' lang='lat' dir='ltr'>fide</span> <span class='ocrx_word' id='word_1_43' title='bbox 400 1036 463 1090; x_wconf 89' lang='lat' dir='ltr'>et</span> <span class='ocrx_word' id='word_1_44' title='bbox 490 1026 773 1103; x_wconf 80' lang='lat' dir='ltr'>caritate,</span> <span class='ocrx_word' id='word_1_45' title='bbox 807 1048 968 1109; x_wconf 87' lang='lat' dir='ltr'>quae</span> <span class='ocrx_word' id='word_1_46' title='bbox 994 1036 1090 1090; x_wconf 85' lang='lat' dir='ltr'>est</span> <span class='ocrx_word' id='word_1_47' title='bbox 1119 1026 1188 1090; x_wconf 83' lang='lat' dir='ltr'>in</span> <span class='ocrx_word' id='word_1_48' title='bbox 1224 1025 1484 1092; x_wconf 76' lang='lat' dir='ltr'>Christo</span> <span class='ocrx_word' id='word_1_49' title='bbox 1512 1028 1680 1090; x_wconf 87' lang='lat' dir='ltr'>Iesu.</span> <span class='ocrx_word' id='word_1_50' title='bbox 2743 1028 2774 1094; x_wconf 86' lang='lat' dir='ltr'>S</span> 
     </span>
    </p>
   </div>
   <div class='ocr_carea' id='block_1_4' title="bbox 247 1151 2786 1651">
    <p class='ocr_par' dir='ltr' id='par_1_4' title="bbox 247 1151 2786 1651">
     <span class='ocr_line' id='line_1_7' title="bbox 384 1151 2669 1236; baseline -0.001 -21"><span class='ocrx_word' id='word_1_51' title='bbox 384 1152 539 1215; x_wconf 90' lang='lat' dir='ltr'>‘sed</span> <span class='ocrx_word' id='word_1_52' title='bbox 589 1153 740 1216; x_wconf 87' lang='lat' dir='ltr'>talis</span> <span class='ocrx_word' id='word_1_53' title='bbox 781 1152 1053 1235; x_wconf 89' lang='lat' dir='ltr'>quidem</span> <span class='ocrx_word' id='word_1_54' title='bbox 1095 1173 1276 1216; x_wconf 84' lang='lat' dir='ltr'>eram</span> <span class='ocrx_word' id='word_1_55' title='bbox 1324 1173 1490 1236; x_wconf 91' lang='lat' dir='ltr'>ego;</span> <span class='ocrx_word' id='word_1_56' title='bbox 1538 1151 2058 1215; x_wconf 85' lang='lat' dir='ltr'>misericordiam</span> <span class='ocrx_word' id='word_1_57' title='bbox 2096 1173 2255 1215; x_wconf 91' lang='lat' dir='ltr'>uero</span> <span class='ocrx_word' id='word_1_58' title='bbox 2296 1151 2669 1226; x_wconf 78' lang='lat' dir='ltr'>adsecutuS,</span> 
     </span>
     <span class='ocr_line' id='line_1_8' title="bbox 249 1255 2669 1340; baseline 0 -22"><span class='ocrx_word' id='word_1_59' title='bbox 249 1255 497 1338; x_wconf 90' lang='lat' dir='ltr'>dignus</span> <span class='ocrx_word' id='word_1_60' title='bbox 556 1257 824 1320; x_wconf 88' lang='lat' dir='ltr'>habitus</span> <span class='ocrx_word' id='word_1_61' title='bbox 873 1276 1021 1320; x_wconf 92' lang='lat' dir='ltr'>sum</span> <span class='ocrx_word' id='word_1_62' title='bbox 1072 1277 1487 1340; x_wconf 89' lang='lat' dir='ltr'>magnorum,</span> <span class='ocrx_word' id='word_1_63' title='bbox 1552 1256 1704 1321; x_wconf 89' lang='lat' dir='ltr'>Deo</span> <span class='ocrx_word' id='word_1_64' title='bbox 1757 1257 2008 1321; x_wconf 89' lang='lat' dir='ltr'>scilicet</span> <span class='ocrx_word' id='word_1_65' title='bbox 2067 1265 2343 1339; x_wconf 88' lang='lat' dir='ltr'>peccata</span> <span class='ocrx_word' id='word_1_66' title='bbox 2395 1256 2669 1340; x_wconf 89' lang='lat' dir='ltr'>quidem</span> 
     </span>
     <span class='ocr_line' id='line_1_9' title="bbox 249 1357 2669 1443; baseline -0.002 -20"><span class='ocrx_word' id='word_1_67' title='bbox 249 1380 403 1423; x_wconf 90' lang='lat' dir='ltr'>mea</span> <span class='ocrx_word' id='word_1_68' title='bbox 464 1360 876 1441; x_wconf 87' lang='lat' dir='ltr'>ignorantiae</span> <span class='ocrx_word' id='word_1_69' title='bbox 938 1379 1126 1423; x_wconf 87' lang='lat' dir='ltr'>meae</span> <span class='ocrx_word' id='word_1_70' title='bbox 1180 1361 1569 1443; x_wconf 87' lang='lat' dir='ltr'>deputante,</span> <span class='ocrx_word' id='word_1_71' title='bbox 1625 1360 1927 1424; x_wconf 87' lang='lat' dir='ltr'>bonitate</span> <span class='ocrx_word' id='word_1_72' title='bbox 1972 1380 2132 1423; x_wconf 89' lang='lat' dir='ltr'>uero</span> <span class='ocrx_word' id='word_1_73' title='bbox 2178 1380 2297 1422; x_wconf 92' lang='lat' dir='ltr'>sua</span> <span class='ocrx_word' id='word_1_74' title='bbox 2352 1359 2418 1422; x_wconf 92' lang='lat' dir='ltr'>in</span> <span class='ocrx_word' id='word_1_75' title='bbox 2465 1357 2669 1439; x_wconf 82' lang='lat' dir='ltr'>fidem</span> 
     </span>
     <span class='ocr_line' id='line_1_10' title="bbox 249 1459 2671 1546; baseline -0.001 -19"><span class='ocrx_word' id='word_1_76' title='bbox 249 1474 319 1527; x_wconf 90' lang='lat' dir='ltr'>et</span> <span class='ocrx_word' id='word_1_77' title='bbox 364 1464 711 1526; x_wconf 86' lang='lat' dir='ltr'>caritatem</span> <span class='ocrx_word' id='word_1_78' title='bbox 745 1461 1138 1544; x_wconf 88' lang='lat' dir='ltr'>recipiente.&#39;</span> <span class='ocrx_word' id='word_1_79' title='bbox 1229 1473 1297 1526; x_wconf 89' lang='lat' dir='ltr'>et</span> <span class='ocrx_word' id='word_1_80' title='bbox 1346 1473 1706 1545; x_wconf 85' lang='lat' dir='ltr'>postquam</span> <span class='ocrx_word' id='word_1_81' title='bbox 1752 1463 1838 1526; x_wconf 89' lang='lat' dir='ltr'>de</span> <span class='ocrx_word' id='word_1_82' title='bbox 1879 1483 1952 1526; x_wconf 87' lang='lat' dir='ltr'>se</span> <span class='ocrx_word' id='word_1_83' title='bbox 1995 1463 2246 1546; x_wconf 86' lang='lat' dir='ltr'>gratias</span> <span class='ocrx_word' id='word_1_84' title='bbox 2292 1459 2549 1545; x_wconf 88' lang='lat' dir='ltr'>[agens]</span> <span class='ocrx_word' id='word_1_85' title='bbox 2584 1461 2671 1525; x_wconf 87' lang='lat' dir='ltr'>ad</span> 
     </span>
     <span class='ocr_line' id='line_1_11' title="bbox 247 1565 2786 1651; baseline -0.003 -21"><span class='ocrx_word' id='word_1_86' title='bbox 247 1567 892 1630; x_wconf 86' lang='lat' dir='ltr'>demonstrationem</span> <span class='ocrx_word' id='word_1_87' title='bbox 917 1566 1423 1649; x_wconf 85' lang='lat' dir='ltr'>praedictorum,</span> <span class='ocrx_word' id='word_1_88' title='bbox 1445 1568 1616 1631; x_wconf 93' lang='lat' dir='ltr'>sicut</span> <span class='ocrx_word' id='word_1_89' title='bbox 1648 1566 1811 1645; x_wconf 82' lang='lat' dir='ltr'><strong>dixi,</strong></span> <span class='ocrx_word' id='word_1_90' title='bbox 1834 1567 1947 1631; x_wconf 90' lang='lat' dir='ltr'>illa</span> <span class='ocrx_word' id='word_1_91' title='bbox 1977 1587 2150 1651; x_wconf 87' lang='lat' dir='ltr'>quae</span> <span class='ocrx_word' id='word_1_92' title='bbox 2179 1566 2266 1630; x_wconf 91' lang='lat' dir='ltr'>de</span> <span class='ocrx_word' id='word_1_93' title='bbox 2303 1587 2377 1631; x_wconf 91' lang='lat' dir='ltr'>se</span> <span class='ocrx_word' id='word_1_94' title='bbox 2408 1565 2673 1630; x_wconf 84' lang='lat' dir='ltr'>suerunt</span> <span class='ocrx_word' id='word_1_95' title='bbox 2708 1577 2786 1623; x_wconf 91' lang='lat'>10</span> 
     </span>
    </p>
   </div>
   <div class='ocr_carea' id='block_1_5' title="bbox 249 1668 1288 1747">
    <p class='ocr_par' dir='ltr' id='par_1_5' title="bbox 249 1668 1288 1747">
     <span class='ocr_line' id='line_1_12' title="bbox 249 1668 1288 1747; baseline 0.001 -14"><span class='ocrx_word' id='word_1_96' title='bbox 249 1670 434 1733; x_wconf 86' lang='lat' dir='ltr'>uisus</span> <span class='ocrx_word' id='word_1_97' title='bbox 464 1679 567 1733; x_wconf 92' lang='lat' dir='ltr'>est</span> <span class='ocrx_word' id='word_1_98' title='bbox 598 1668 920 1747; x_wconf 89' lang='lat' dir='ltr'>retulisse,</span> <span class='ocrx_word' id='word_1_99' title='bbox 953 1669 1288 1734; x_wconf 83' lang='lat' dir='ltr'>adiciens:</span> 
     </span>
    </p>
   </div>
   <div class='ocr_carea' id='block_1_6' title="bbox 251 1819 2676 2011">
    <p class='ocr_par' dir='ltr' id='par_1_6' title="bbox 251 1819 2676 2011">
     <span class='ocr_line' id='line_1_13' title="bbox 362 1819 2676 1907; baseline -0.001 -21"><span class='ocrx_word' id='word_1_100' title='bbox 362 1822 565 1907; x_wconf 86' lang='lat' dir='ltr'>fidele</span> <span class='ocrx_word' id='word_1_101' title='bbox 614 1821 880 1886; x_wconf 84' lang='lat' dir='ltr'>uerbum</span> <span class='ocrx_word' id='word_1_102' title='bbox 929 1829 994 1883; x_wconf 91' lang='lat' dir='ltr'>et</span> <span class='ocrx_word' id='word_1_103' title='bbox 1039 1819 1224 1884; x_wconf 83' lang='lat' dir='ltr'>omni</span> <span class='ocrx_word' id='word_1_104' title='bbox 1273 1820 1616 1903; x_wconf 72' lang='lat' dir='ltr'>acceptione</span> <span class='ocrx_word' id='word_1_105' title='bbox 1664 1821 1960 1904; x_wconf 59' lang='lat' dir='ltr'>degnum,</span> <span class='ocrx_word' id='word_1_106' title='bbox 2013 1822 2321 1904; x_wconf 83' lang='lat' dir='ltr'>quoniam</span> <span class='ocrx_word' id='word_1_107' title='bbox 2373 1820 2676 1888; x_wconf 61' lang='lat' dir='ltr'>Christus</span> 
     </span>
     <span class='ocr_line' id='line_1_14' title="bbox 251 1925 2676 2011; baseline -0.001 -20"><span class='ocrx_word' id='word_1_108' title='bbox 251 1927 438 1991; x_wconf 84' lang='lat' dir='ltr'>Iesus</span> <span class='ocrx_word' id='word_1_109' title='bbox 464 1927 646 1991; x_wconf 81' lang='lat' dir='ltr'>uenit</span> <span class='ocrx_word' id='word_1_110' title='bbox 684 1927 754 1990; x_wconf 84' lang='lat' dir='ltr'>in</span> <span class='ocrx_word' id='word_1_111' title='bbox 794 1925 1113 1990; x_wconf 84' lang='lat' dir='ltr'>mundum</span> <span class='ocrx_word' id='word_1_112' title='bbox 1144 1935 1499 2008; x_wconf 81' lang='lat' dir='ltr'>peccatores</span> <span class='ocrx_word' id='word_1_113' title='bbox 1534 1926 1755 1991; x_wconf 85' lang='lat' dir='ltr'>saluos</span> <span class='ocrx_word' id='word_1_114' title='bbox 1781 1928 2009 2010; x_wconf 88' lang='lat' dir='ltr'>facere</span> <span class='ocrx_word' id='word_1_115' title='bbox 2024 1950 2056 2003; x_wconf 84' lang='lat'>,·</span> <span class='ocrx_word' id='word_1_116' title='bbox 2100 1947 2375 2009; x_wconf 85' lang='lat' dir='ltr'>quorum</span> <span class='ocrx_word' id='word_1_117' title='bbox 2408 1927 2676 2011; x_wconf 80' lang='lat' dir='ltr'>primus</span> 
     </span>
    </p>
   </div>
   <div class='ocr_carea' id='block_1_7' title="bbox 252 2050 558 2113">
    <p class='ocr_par' dir='ltr' id='par_1_7' title="bbox 252 2050 558 2113">
     <span class='ocr_line' id='line_1_15' title="bbox 252 2050 558 2113; baseline 0 -18"><span class='ocrx_word' id='word_1_118' title='bbox 252 2051 401 2095; x_wconf 85' lang='lat' dir='ltr'>sum</span> <span class='ocrx_word' id='word_1_119' title='bbox 432 2050 558 2113; x_wconf 84' lang='lat' dir='ltr'>ego.</span> 
     </span>
    </p>
   </div>
   <div class='ocr_carea' id='block_1_8' title="bbox 255 2158 2784 2558">
    <p class='ocr_par' dir='ltr' id='par_1_8' title="bbox 255 2158 2784 2558">
     <span class='ocr_line' id='line_1_16' title="bbox 388 2158 2784 2245; baseline 0.003 -24"><span class='ocrx_word' id='word_1_120' title='bbox 388 2162 662 2223; x_wconf 87' lang='lat' dir='ltr'>‘uerum</span> <span class='ocrx_word' id='word_1_121' title='bbox 716 2167 820 2223; x_wconf 87' lang='lat' dir='ltr'>est</span> <span class='ocrx_word' id='word_1_122' title='bbox 867 2177 1046 2241; x_wconf 89' lang='lat' dir='ltr'>erg0‚</span> <span class='ocrx_word' id='word_1_123' title='bbox 1093 2159 1411 2242; x_wconf 87' lang='lat' dir='ltr'>quoniam</span> <span class='ocrx_word' id='word_1_124' title='bbox 1468 2158 1774 2223; x_wconf 89' lang='lat' dir='ltr'>Christus</span> <span class='ocrx_word' id='word_1_125' title='bbox 1832 2181 1955 2243; x_wconf 93' lang='lat' dir='ltr'>pro</span> <span class='ocrx_word' id='word_1_126' title='bbox 2013 2169 2440 2244; x_wconf 87' lang='lat' dir='ltr'>peccatorum</span> <span class='ocrx_word' id='word_1_127' title='bbox 2489 2164 2674 2227; x_wconf 89' lang='lat' dir='ltr'>uenit</span> <span class='ocrx_word' id='word_1_128' title='bbox 2711 2178 2784 2245; x_wconf 82' lang='lat'>15</span> 
     </span>
     <span class='ocr_line' id='line_1_17' title="bbox 256 2262 2675 2349; baseline 0.001 -21"><span class='ocrx_word' id='word_1_129' title='bbox 256 2263 490 2341; x_wconf 91' lang='lat' dir='ltr'>salute,</span> <span class='ocrx_word' id='word_1_130' title='bbox 550 2264 720 2327; x_wconf 89' lang='lat' dir='ltr'>sicut</span> <span class='ocrx_word' id='word_1_131' title='bbox 780 2284 869 2328; x_wconf 88' lang='lat' dir='ltr'>ex</span> <span class='ocrx_word' id='word_1_132' title='bbox 930 2281 1040 2328; x_wconf 88' lang='lat' dir='ltr'>me</span> <span class='ocrx_word' id='word_1_133' title='bbox 1098 2271 1202 2327; x_wconf 90' lang='lat' dir='ltr'>est</span> <span class='ocrx_word' id='word_1_134' title='bbox 1260 2263 1329 2327; x_wconf 89' lang='lat' dir='ltr'>id</span> <span class='ocrx_word' id='word_1_135' title='bbox 1390 2262 1797 2346; x_wconf 64' lang='lat' dir='ltr'>perspicere!</span> <span class='ocrx_word' id='word_1_136' title='bbox 1867 2264 2067 2349; x_wconf 86' lang='lat' dir='ltr'>fidele</span> <span class='ocrx_word' id='word_1_137' title='bbox 2130 2276 2354 2330; x_wconf 90' lang='lat' dir='ltr'>autem</span> <span class='ocrx_word' id='word_1_138' title='bbox 2410 2267 2675 2331; x_wconf 85' lang='lat' dir='ltr'>uerbum</span> 
     </span>
     <span class='ocr_line' id='line_1_18' title="bbox 255 2367 2675 2451; baseline 0.001 -19"><span class='ocrx_word' id='word_1_139' title='bbox 255 2369 507 2445; x_wconf 78' lang='lat' dir='ltr'>dicenS,</span> <span class='ocrx_word' id='word_1_140' title='bbox 539 2386 769 2431; x_wconf 90' lang='lat' dir='ltr'>uerum</span> <span class='ocrx_word' id='word_1_141' title='bbox 802 2368 966 2431; x_wconf 90' lang='lat' dir='ltr'>dicit</span> <span class='ocrx_word' id='word_1_142' title='bbox 996 2367 1274 2431; x_wconf 91' lang='lat' dir='ltr'>uerbum</span> <span class='ocrx_word' id='word_1_143' title='bbox 1297 2389 1313 2447; x_wconf 88' lang='lat'>;</span> <span class='ocrx_word' id='word_1_144' title='bbox 1340 2368 1684 2450; x_wconf 81' lang='lat' dir='ltr'>acceptione</span> <span class='ocrx_word' id='word_1_145' title='bbox 1712 2389 1941 2432; x_wconf 89' lang='lat' dir='ltr'>uerum</span> <span class='ocrx_word' id='word_1_146' title='bbox 1975 2368 2250 2451; x_wconf 59' lang='lat' dir='ltr'>dzgnum</span> <span class='ocrx_word' id='word_1_147' title='bbox 2297 2370 2450 2433; x_wconf 90' lang='lat' dir='ltr'>ideo</span> <span class='ocrx_word' id='word_1_148' title='bbox 2481 2371 2675 2447; x_wconf 82' lang='lat' dir='ltr'>dixit,</span> 
     </span>
     <span class='ocr_line' id='line_1_19' title="bbox 256 2471 2676 2558; baseline 0.001 -23"><span class='ocrx_word' id='word_1_149' title='bbox 256 2491 338 2535; x_wconf 91' lang='lat' dir='ltr'>eo</span> <span class='ocrx_word' id='word_1_150' title='bbox 368 2471 551 2556; x_wconf 91' lang='lat' dir='ltr'>quod</span> <span class='ocrx_word' id='word_1_151' title='bbox 581 2472 799 2536; x_wconf 89' lang='lat' dir='ltr'>omnis</span> <span class='ocrx_word' id='word_1_152' title='bbox 830 2471 1233 2556; x_wconf 87' lang='lat' dir='ltr'>quicumque</span> <span class='ocrx_word' id='word_1_153' title='bbox 1263 2471 1458 2536; x_wconf 87' lang='lat' dir='ltr'>fuerit</span> <span class='ocrx_word' id='word_1_154' title='bbox 1490 2472 1602 2536; x_wconf 91' lang='lat' dir='ltr'>ille</span> <span class='ocrx_word' id='word_1_155' title='bbox 1638 2474 1926 2556; x_wconf 88' lang='lat' dir='ltr'>recipiet,</span> <span class='ocrx_word' id='word_1_156' title='bbox 1969 2473 2244 2538; x_wconf 90' lang='lat' dir='ltr'>credens</span> <span class='ocrx_word' id='word_1_157' title='bbox 2290 2475 2446 2558; x_wconf 90' lang='lat' dir='ltr'>quia</span> <span class='ocrx_word' id='word_1_158' title='bbox 2491 2476 2676 2539; x_wconf 90' lang='lat' dir='ltr'>Deus</span> 
     </span>
    </p>
   </div>
   <div class='ocr_carea' id='block_1_9' title="bbox 255 2635 1098 3024">
    <p class='ocr_par' dir='ltr' id='par_1_9' title="bbox 255 2635 1098 3024">
     <span class='ocr_line' id='line_1_20' title="bbox 364 2635 743 2689; baseline 0.008 -3"><span class='ocrx_word' id='word_1_159' title='bbox 364 2652 385 2686; x_wconf 72' lang='grc' dir='ltr'><strong><em>ι</em></strong></span> <span class='ocrx_word' id='word_1_160' title='bbox 424 2635 671 2686; x_wconf 87' lang='lat' dir='ltr'>efficiendi</span> <span class='ocrx_word' id='word_1_161' title='bbox 700 2636 743 2689; x_wconf 84' lang='lat' dir='ltr'><em>C</em></span> 
     </span>
     <span class='ocr_line' id='line_1_21' title="bbox 255 2715 1098 2779; baseline 0.002 -14"><span class='ocrx_word' id='word_1_162' title='bbox 255 2715 289 2765; x_wconf 93' lang='lat'><strong>6</strong></span> <span class='ocrx_word' id='word_1_163' title='bbox 322 2731 444 2765; x_wconf 89' lang='lat' dir='ltr'>uero</span> <span class='ocrx_word' id='word_1_164' title='bbox 465 2732 544 2766; x_wconf 87' lang='lat' dir='ltr'>om</span> <span class='ocrx_word' id='word_1_165' title='bbox 574 2716 645 2766; x_wconf 80' lang='lat' dir='ltr'><em>H</em></span> <span class='ocrx_word' id='word_1_166' title='bbox 833 2728 860 2779; x_wconf 82' lang='grc'><strong><em>7</em></strong></span> <span class='ocrx_word' id='word_1_167' title='bbox 905 2717 1005 2767; x_wconf 89' lang='lat' dir='ltr'>Dei</span> <span class='ocrx_word' id='word_1_168' title='bbox 1029 2716 1098 2767; x_wconf 79' lang='lat' dir='ltr'><em>H</em></span> 
     </span>
     <span class='ocr_line' id='line_1_22' title="bbox 256 2876 684 2939; baseline -0.002 -12"><span class='ocrx_word' id='word_1_169' title='bbox 256 2876 499 2939; x_wconf 81' lang='lat' dir='ltr'>adiciens)</span> <span class='ocrx_word' id='word_1_170' title='bbox 531 2878 636 2928; x_wconf 82' lang='lat' dir='ltr'>add</span> <span class='ocrx_word' id='word_1_171' title='bbox 652 2894 684 2926; x_wconf 84' lang='lat' dir='ltr'>r</span> 
     </span>
     <span class='ocr_line' id='line_1_23' title="bbox 257 2974 541 3024; baseline -0.011 -14"><span class='ocrx_word' id='word_1_172' title='bbox 257 2974 355 3024; x_wconf 81' lang='lat' dir='ltr'>ego</span> <span class='ocrx_word' id='word_1_173' title='bbox 377 2975 486 3010; x_wconf 83' lang='lat' dir='ltr'>sum</span> <span class='ocrx_word' id='word_1_174' title='bbox 509 2975 541 3007; x_wconf 84' lang='lat' dir='ltr'>r</span> 
     </span>
    </p>
   </div>
   <div class='ocr_carea' id='block_1_10' title="bbox 257 3097 1428 4540">
    <p class='ocr_par' dir='ltr' id='par_1_10' title="bbox 257 3097 1425 3897">
     <span class='ocr_line' id='line_1_24' title="bbox 328 3097 1423 3162; baseline 0.003 -17"><span class='ocrx_word' id='word_1_175' title='bbox 328 3113 377 3160; x_wconf 80' lang='lat'>3.</span> <span class='ocrx_word' id='word_1_176' title='bbox 422 3097 795 3162; x_wconf 49' lang='lat' dir='ltr'>ignorans-sect]</span> <span class='ocrx_word' id='word_1_177' title='bbox 829 3099 925 3149; x_wconf 88' lang='lat' dir='ltr'>See</span> <span class='ocrx_word' id='word_1_178' title='bbox 947 3114 1027 3146; x_wconf 81' lang='lat' dir='ltr'>vv.</span> <span class='ocrx_word' id='word_1_179' title='bbox 1049 3098 1103 3147; x_wconf 89' lang='lat' dir='ltr'>ll.</span> <span class='ocrx_word' id='word_1_180' title='bbox 1138 3097 1250 3148; x_wconf 88' lang='lat' dir='ltr'>The</span> <span class='ocrx_word' id='word_1_181' title='bbox 1273 3098 1423 3148; x_wconf 87' lang='lat' dir='ltr'>omis·</span> 
     </span>
     <span class='ocr_line' id='line_1_25' title="bbox 258 3180 1420 3245; baseline 0 -14"><span class='ocrx_word' id='word_1_182' title='bbox 258 3181 374 3231; x_wconf 70' lang='lat' dir='ltr'>sion</span> <span class='ocrx_word' id='word_1_183' title='bbox 403 3180 462 3229; x_wconf 82' lang='lat' dir='ltr'>of</span> <span class='ocrx_word' id='word_1_184' title='bbox 490 3181 731 3244; x_wconf 76' lang='lat' dir='ltr'>ignorans</span> <span class='ocrx_word' id='word_1_185' title='bbox 763 3181 805 3230; x_wconf 81' lang='lat' dir='ltr'>is</span> <span class='ocrx_word' id='word_1_186' title='bbox 838 3181 1096 3245; x_wconf 82' lang='lat' dir='ltr'>evidently</span> <span class='ocrx_word' id='word_1_187' title='bbox 1124 3182 1420 3243; x_wconf 83' lang='lat' dir='ltr'>accidental,</span> 
     </span>
     <span class='ocr_line' id='line_1_26' title="bbox 258 3264 1425 3315; baseline -0.001 0"><span class='ocrx_word' id='word_1_188' title='bbox 258 3266 400 3315; x_wconf 75' lang='lat' dir='ltr'>since</span> <span class='ocrx_word' id='word_1_189' title='bbox 435 3264 583 3314; x_wconf 88' lang='lat' dir='ltr'>Tb.&#39;s</span> <span class='ocrx_word' id='word_1_190' title='bbox 615 3273 870 3315; x_wconf 83' lang='lat' dir='ltr'>comment</span> <span class='ocrx_word' id='word_1_191' title='bbox 906 3264 1070 3315; x_wconf 78' lang='lat' dir='ltr'>shews</span> <span class='ocrx_word' id='word_1_192' title='bbox 1100 3264 1209 3314; x_wconf 86' lang='lat' dir='ltr'>that</span> <span class='ocrx_word' id='word_1_193' title='bbox 1246 3265 1287 3314; x_wconf 92' lang='lat' dir='ltr'>it</span> <span class='ocrx_word' id='word_1_194' title='bbox 1323 3280 1425 3314; x_wconf 80' lang='lat' dir='ltr'>was</span> 
     </span>
     <span class='ocr_line' id='line_1_27' title="bbox 259 3345 1424 3411; baseline 0.002 -17"><span class='ocrx_word' id='word_1_195' title='bbox 259 3346 584 3411; x_wconf 82' lang='lat' dir='ltr'>represented</span> <span class='ocrx_word' id='word_1_196' title='bbox 609 3347 662 3395; x_wconf 86' lang='lat' dir='ltr'>in</span> <span class='ocrx_word' id='word_1_197' title='bbox 683 3345 763 3396; x_wconf 85' lang='lat' dir='ltr'>his</span> <span class='ocrx_word' id='word_1_198' title='bbox 786 3352 909 3407; x_wconf 84' lang='lat' dir='ltr'>text,</span> <span class='ocrx_word' id='word_1_199' title='bbox 931 3347 1031 3396; x_wconf 87' lang='lat' dir='ltr'>and</span> <span class='ocrx_word' id='word_1_200' title='bbox 1054 3347 1140 3397; x_wconf 90' lang='lat' dir='ltr'>the</span> <span class='ocrx_word' id='word_1_201' title='bbox 1165 3346 1316 3396; x_wconf 89' lang='lat' dir='ltr'>Latin</span> <span class='ocrx_word' id='word_1_202' title='bbox 1338 3363 1424 3397; x_wconf 85' lang='lat' dir='ltr'>au-</span> 
     </span>
     <span class='ocr_line' id='line_1_28' title="bbox 260 3424 1421 3475; baseline -0.001 -1"><span class='ocrx_word' id='word_1_203' title='bbox 260 3424 490 3475; x_wconf 79' lang='lat' dir='ltr'>thorities</span> <span class='ocrx_word' id='word_1_204' title='bbox 507 3440 592 3474; x_wconf 84' lang='lat' dir='ltr'>are</span> <span class='ocrx_word' id='word_1_205' title='bbox 613 3425 915 3474; x_wconf 78' lang='lat' dir='ltr'>unanimous</span> <span class='ocrx_word' id='word_1_206' title='bbox 936 3425 989 3475; x_wconf 86' lang='lat' dir='ltr'>in</span> <span class='ocrx_word' id='word_1_207' title='bbox 1011 3425 1077 3475; x_wconf 82' lang='lat' dir='ltr'>its</span> <span class='ocrx_word' id='word_1_208' title='bbox 1092 3425 1283 3475; x_wconf 85' lang='lat' dir='ltr'>favour.</span> <span class='ocrx_word' id='word_1_209' title='bbox 1331 3426 1421 3475; x_wconf 82' lang='lat' dir='ltr'>In·</span> 
     </span>
     <span class='ocr_line' id='line_1_29' title="bbox 257 3506 1423 3572; baseline 0.001 -16"><span class='ocrx_word' id='word_1_210' title='bbox 257 3507 610 3567; x_wconf 81' lang='lat' dir='ltr'>credulitatem,</span> <span class='ocrx_word' id='word_1_211' title='bbox 634 3507 720 3557; x_wconf 89' lang='lat' dir='ltr'>the</span> <span class='ocrx_word' id='word_1_212' title='bbox 743 3507 951 3572; x_wconf 55' lang='lat' dir='ltr'>reading</span> <span class='ocrx_word' id='word_1_213' title='bbox 967 3507 1027 3557; x_wconf 79' lang='lat' dir='ltr'>os</span> <span class='ocrx_word' id='word_1_214' title='bbox 1047 3508 1103 3567; x_wconf 90' lang='lat' dir='ltr'>C,</span> <span class='ocrx_word' id='word_1_215' title='bbox 1125 3522 1299 3557; x_wconf 87' lang='lat' dir='ltr'>occurs</span> <span class='ocrx_word' id='word_1_216' title='bbox 1315 3506 1423 3557; x_wconf 87' lang='lat' dir='ltr'>also</span> 
     </span>
     <span class='ocr_line' id='line_1_30' title="bbox 261 3588 1422 3649; baseline 0 -11"><span class='ocrx_word' id='word_1_217' title='bbox 261 3588 316 3638; x_wconf 89' lang='lat' dir='ltr'>in</span> <span class='ocrx_word' id='word_1_218' title='bbox 338 3588 470 3638; x_wconf 90' lang='lat' dir='ltr'>Cod.</span> <span class='ocrx_word' id='word_1_219' title='bbox 496 3588 740 3649; x_wconf 86' lang='lat' dir='ltr'>Clarom.,</span> <span class='ocrx_word' id='word_1_220' title='bbox 782 3589 904 3639; x_wconf 81' lang='lat' dir='ltr'>with</span> <span class='ocrx_word' id='word_1_221' title='bbox 938 3588 1107 3638; x_wconf 82' lang='lat' dir='ltr'>which</span> <span class='ocrx_word' id='word_1_222' title='bbox 1140 3604 1233 3638; x_wconf 88' lang='lat' dir='ltr'>our</span> <span class='ocrx_word' id='word_1_223' title='bbox 1266 3595 1422 3638; x_wconf 84' lang='lat' dir='ltr'>trans·</span> 
     </span>
     <span class='ocr_line' id='line_1_31' title="bbox 259 3669 1420 3720; baseline -0.002 0"><span class='ocrx_word' id='word_1_224' title='bbox 259 3669 421 3720; x_wconf 82' lang='lat' dir='ltr'>lation</span> <span class='ocrx_word' id='word_1_225' title='bbox 437 3669 480 3719; x_wconf 87' lang='lat' dir='ltr'>is</span> <span class='ocrx_word' id='word_1_226' title='bbox 502 3684 560 3719; x_wconf 75' lang='lat' dir='ltr'>so</span> <span class='ocrx_word' id='word_1_227' title='bbox 582 3669 719 3719; x_wconf 87' lang='lat' dir='ltr'>often</span> <span class='ocrx_word' id='word_1_228' title='bbox 737 3677 788 3720; x_wconf 82' lang='lat' dir='ltr'>at</span> <span class='ocrx_word' id='word_1_229' title='bbox 811 3685 925 3720; x_wconf 87' lang='lat' dir='ltr'>one.</span> <span class='ocrx_word' id='word_1_230' title='bbox 996 3670 1218 3719; x_wconf 78' lang='lat' dir='ltr'>Caritate</span> <span class='ocrx_word' id='word_1_231' title='bbox 1238 3669 1280 3718; x_wconf 89' lang='lat' dir='ltr'>is</span> <span class='ocrx_word' id='word_1_232' title='bbox 1301 3669 1420 3719; x_wconf 88' lang='lat' dir='ltr'>here</span> 
     </span>
     <span class='ocr_line' id='line_1_32' title="bbox 260 3749 1421 3815; baseline 0.001 -16"><span class='ocrx_word' id='word_1_233' title='bbox 260 3751 603 3815; x_wconf 81' lang='lat' dir='ltr'>unsupported</span> <span class='ocrx_word' id='word_1_234' title='bbox 625 3750 695 3814; x_wconf 83' lang='lat' dir='ltr'>by</span> <span class='ocrx_word' id='word_1_235' title='bbox 717 3750 802 3800; x_wconf 89' lang='lat' dir='ltr'>the</span> <span class='ocrx_word' id='word_1_236' title='bbox 824 3750 976 3800; x_wconf 87' lang='lat' dir='ltr'>Latin</span> <span class='ocrx_word' id='word_1_237' title='bbox 995 3750 1236 3808; x_wconf 74' lang='lat' dir='ltr'>versione,</span> <span class='ocrx_word' id='word_1_238' title='bbox 1254 3749 1421 3800; x_wconf 85' lang='lat' dir='ltr'>which</span> 
     </span>
     <span class='ocr_line' id='line_1_33' title="bbox 262 3829 1190 3897; baseline -0.002 -15"><span class='ocrx_word' id='word_1_239' title='bbox 262 3832 394 3882; x_wconf 82' lang='lat' dir='ltr'>have</span> <span class='ocrx_word' id='word_1_240' title='bbox 422 3832 459 3856; x_wconf 79' lang='lat'>‘⁸</span> <span class='ocrx_word' id='word_1_241' title='bbox 475 3830 745 3881; x_wconf 86' lang='lat' dir='ltr'>dilectione</span> <span class='ocrx_word' id='word_1_242' title='bbox 762 3829 791 3852; x_wconf 78' lang='lat'>’⁹</span> <span class='ocrx_word' id='word_1_243' title='bbox 817 3830 902 3892; x_wconf 85' lang='lat' dir='ltr'>(cf.</span> <span class='ocrx_word' id='word_1_244' title='bbox 927 3843 964 3881; x_wconf 83' lang='lat'>1.</span> <span class='ocrx_word' id='word_1_245' title='bbox 988 3847 1038 3897; x_wconf 90' lang='lat' dir='ltr'>p.</span> <span class='ocrx_word' id='word_1_246' title='bbox 1062 3829 1190 3895; x_wconf 84' lang='lat' dir='ltr'>xlii).</span> 
     </span>
    </p>

    <p class='ocr_par' dir='ltr' id='par_1_11' title="bbox 261 3908 1422 4298">
     <span class='ocr_line' id='line_1_34' title="bbox 336 3908 1419 3975; baseline -0.003 -15"><span class='ocrx_word' id='word_1_247' title='bbox 336 3924 412 3960; x_wconf 82' lang='grc' dir='ltr'>ιο.</span> <span class='ocrx_word' id='word_1_248' title='bbox 468 3910 595 3959; x_wconf 76' lang='lat' dir='ltr'>sieut</span> <span class='ocrx_word' id='word_1_249' title='bbox 611 3909 745 3971; x_wconf 65' lang='lat' dir='ltr'>dim]</span> <span class='ocrx_word' id='word_1_250' title='bbox 778 3909 858 3960; x_wconf 83' lang='lat' dir='ltr'>Cf.</span> <span class='ocrx_word' id='word_1_251' title='bbox 871 3917 1041 3974; x_wconf 78' lang='lat' dir='ltr'>supra,</span> <span class='ocrx_word' id='word_1_252' title='bbox 1070 3925 1122 3975; x_wconf 90' lang='lat' dir='ltr'>p.</span> <span class='ocrx_word' id='word_1_253' title='bbox 1140 3909 1218 3972; x_wconf 86' lang='lat'>78,</span> <span class='ocrx_word' id='word_1_254' title='bbox 1241 3908 1275 3959; x_wconf 91' lang='lat'>1.</span> <span class='ocrx_word' id='word_1_255' title='bbox 1296 3921 1323 3972; x_wconf 81' lang='grc'>5</span> <span class='ocrx_word' id='word_1_256' title='bbox 1343 3924 1419 3973; x_wconf 81' lang='lat' dir='ltr'>sq.</span> 
     </span>
     <span class='ocr_line' id='line_1_35' title="bbox 264 3991 1421 4056; baseline 0 -14"><span class='ocrx_word' id='word_1_257' title='bbox 264 3991 378 4042; x_wconf 84' lang='lat' dir='ltr'>The</span> <span class='ocrx_word' id='word_1_258' title='bbox 416 3991 635 4056; x_wconf 79' lang='lat' dir='ltr'>changes</span> <span class='ocrx_word' id='word_1_259' title='bbox 672 3991 698 4041; x_wconf 94' lang='lat'>1</span> <span class='ocrx_word' id='word_1_260' title='bbox 732 3992 861 4042; x_wconf 85' lang='lat' dir='ltr'>have</span> <span class='ocrx_word' id='word_1_261' title='bbox 904 3992 1052 4042; x_wconf 83' lang='lat' dir='ltr'>made</span> <span class='ocrx_word' id='word_1_262' title='bbox 1072 4007 1221 4041; x_wconf 65' lang='lat' dir='ltr'>seem</span> <span class='ocrx_word' id='word_1_263' title='bbox 1265 3998 1320 4040; x_wconf 89' lang='lat' dir='ltr'>to</span> <span class='ocrx_word' id='word_1_264' title='bbox 1354 3991 1421 4042; x_wconf 91' lang='lat' dir='ltr'>be</span> 
     </span>
     <span class='ocr_line' id='line_1_36' title="bbox 262 4067 1422 4136; baseline -0.002 -15"><span class='ocrx_word' id='word_1_265' title='bbox 262 4070 495 4136; x_wconf 84' lang='lat' dir='ltr'>required</span> <span class='ocrx_word' id='word_1_266' title='bbox 526 4070 595 4134; x_wconf 84' lang='lat' dir='ltr'>by</span> <span class='ocrx_word' id='word_1_267' title='bbox 617 4070 702 4120; x_wconf 89' lang='lat' dir='ltr'>the</span> <span class='ocrx_word' id='word_1_268' title='bbox 725 4085 885 4120; x_wconf 81' lang='lat' dir='ltr'>sense.</span> <span class='ocrx_word' id='word_1_269' title='bbox 950 4069 1034 4121; x_wconf 78' lang='lat' dir='ltr'>Cf.</span> <span class='ocrx_word' id='word_1_270' title='bbox 1058 4070 1242 4120; x_wconf 84' lang='lat' dir='ltr'>Thdt.=</span> <span class='ocrx_word' id='word_1_271' title='bbox 1273 4067 1422 4119; x_wconf 72' lang='grc' dir='ltr'><strong>οὕτως</strong></span> 
     </span>
     <span class='ocr_line' id='line_1_37' title="bbox 261 4149 1422 4214; baseline -0.001 -11"><span class='ocrx_word' id='word_1_272' title='bbox 261 4153 329 4203; x_wconf 68' lang='grc' dir='ltr'>τὸ,</span> <span class='ocrx_word' id='word_1_273' title='bbox 350 4149 459 4202; x_wconf 73' lang='grc' dir='ltr'>καθ’</span> <span class='ocrx_word' id='word_1_274' title='bbox 482 4151 655 4201; x_wconf 70' lang='grc' dir='ltr'><strong><em>ἑαυτὸν</em></strong></span> <span class='ocrx_word' id='word_1_275' title='bbox 687 4153 946 4214; x_wconf 72' lang='grc' dir='ltr'>γυμνώσας</span> <span class='ocrx_word' id='word_1_276' title='bbox 979 4152 1212 4202; x_wconf 74' lang='grc' dir='ltr'>δείκνυσιν</span> <span class='ocrx_word' id='word_1_277' title='bbox 1240 4154 1422 4214; x_wconf 71' lang='grc' dir='ltr'>ταύτην</span> 
     </span>
     <span class='ocr_line' id='line_1_38' title="bbox 265 4231 1070 4298; baseline -0.001 -13"><span class='ocrx_word' id='word_1_278' title='bbox 265 4236 420 4285; x_wconf 64' lang='grc' dir='ltr'>πᾶσιν</span> <span class='ocrx_word' id='word_1_279' title='bbox 451 4233 767 4298; x_wconf 65' lang='grc' dir='ltr'>προκειμένην</span> <span class='ocrx_word' id='word_1_280' title='bbox 786 4231 879 4293; x_wconf 67' lang='grc' dir='ltr'>τὴν</span> <span class='ocrx_word' id='word_1_281' title='bbox 910 4235 1070 4297; x_wconf 69' lang='grc' dir='ltr'><strong><em>χάριν.</em></strong></span> 
     </span>
    </p>

    <p class='ocr_par' dir='ltr' id='par_1_12' title="bbox 265 4313 1428 4540">
     <span class='ocr_line' id='line_1_39' title="bbox 338 4313 1425 4381; baseline -0.001 -15"><span class='ocrx_word' id='word_1_282' title='bbox 338 4330 417 4367; x_wconf 76' lang='grc' dir='ltr'>η.</span> <span class='ocrx_word' id='word_1_283' title='bbox 468 4314 624 4381; x_wconf 83' lang='lat' dir='ltr'>fidele</span> <span class='ocrx_word' id='word_1_284' title='bbox 642 4314 872 4377; x_wconf 78' lang='lat' dir='ltr'>uerbum]</span> <span class='ocrx_word' id='word_1_285' title='bbox 924 4315 975 4366; x_wconf 92' lang='lat' dir='ltr'>It</span> <span class='ocrx_word' id='word_1_286' title='bbox 995 4313 1165 4366; x_wconf 77' lang='lat' dir='ltr'>would</span> <span class='ocrx_word' id='word_1_287' title='bbox 1189 4316 1253 4365; x_wconf 92' lang='lat' dir='ltr'>be</span> <span class='ocrx_word' id='word_1_288' title='bbox 1274 4314 1425 4366; x_wconf 88' lang='lat' dir='ltr'>inter·</span> 
     </span>
     <span class='ocr_line' id='line_1_40' title="bbox 265 4396 1428 4463; baseline -0.002 -14"><span class='ocrx_word' id='word_1_289' title='bbox 265 4397 431 4463; x_wconf 73' lang='lat' dir='ltr'>eeting</span> <span class='ocrx_word' id='word_1_290' title='bbox 451 4404 506 4448; x_wconf 89' lang='lat' dir='ltr'>to</span> <span class='ocrx_word' id='word_1_291' title='bbox 529 4396 682 4447; x_wconf 80' lang='lat' dir='ltr'>know</span> <span class='ocrx_word' id='word_1_292' title='bbox 704 4397 928 4448; x_wconf 77' lang='lat' dir='ltr'>whether</span> <span class='ocrx_word' id='word_1_293' title='bbox 945 4411 1038 4448; x_wconf 87' lang='lat' dir='ltr'>our</span> <span class='ocrx_word' id='word_1_294' title='bbox 1050 4396 1315 4448; x_wconf 72' lang='lat' dir='ltr'>translator</span> <span class='ocrx_word' id='word_1_295' title='bbox 1335 4396 1428 4447; x_wconf 77' lang='lat' dir='ltr'>has</span> 
     </span>
     <span class='ocr_line' id='line_1_41' title="bbox 266 4477 1427 4540; baseline -0.003 -10"><span class='ocrx_word' id='word_1_296' title='bbox 266 4479 389 4530; x_wconf 82' lang='lat' dir='ltr'>here</span> <span class='ocrx_word' id='word_1_297' title='bbox 425 4478 680 4529; x_wconf 81' lang='lat' dir='ltr'>corrected</span> <span class='ocrx_word' id='word_1_298' title='bbox 704 4477 790 4530; x_wconf 86' lang='lat' dir='ltr'>the</span> <span class='ocrx_word' id='word_1_299' title='bbox 824 4477 888 4528; x_wconf 93' lang='lat' dir='ltr'>O.</span> <span class='ocrx_word' id='word_1_300' title='bbox 920 4477 980 4529; x_wconf 91' lang='lat' dir='ltr'>L.</span> <span class='ocrx_word' id='word_1_301' title='bbox 1008 4477 1087 4527; x_wconf 82' lang='lat' dir='ltr'>for</span> <span class='ocrx_word' id='word_1_302' title='bbox 1122 4477 1338 4540; x_wconf 74' lang='lat' dir='ltr'>himself,</span> <span class='ocrx_word' id='word_1_303' title='bbox 1371 4493 1427 4527; x_wconf 92' lang='lat' dir='ltr'>or</span> 
     </span>
    </p>
   </div>
   <div class='ocr_carea' id='block_1_11' title="bbox 256 2636 2682 3024">
    <p class='ocr_par' dir='ltr' id='par_1_13' title="bbox 256 2636 2682 2863">
     <span class='ocr_line' id='line_1_42' title="bbox 860 2636 2682 2703; baseline 0.001 -16"><span class='ocrx_word' id='word_1_304' title='bbox 860 2650 888 2687; x_wconf 67' lang='grc' dir='ltr'>α</span> <span class='ocrx_word' id='word_1_305' title='bbox 924 2637 994 2687; x_wconf 87' lang='lat' dir='ltr'>ait</span> <span class='ocrx_word' id='word_1_306' title='bbox 1014 2636 1131 2700; x_wconf 89' lang='lat' dir='ltr'>(for</span> <span class='ocrx_word' id='word_1_307' title='bbox 1150 2636 1322 2696; x_wconf 86' lang='lat' dir='ltr'>adicit)</span> <span class='ocrx_word' id='word_1_308' title='bbox 1348 2654 1380 2686; x_wconf 85' lang='lat' dir='ltr'>r</span> <span class='ocrx_word' id='word_1_309' title='bbox 1480 2654 1509 2702; x_wconf 83' lang='lat'>3</span> <span class='ocrx_word' id='word_1_310' title='bbox 1544 2638 1782 2702; x_wconf 87' lang='lat' dir='ltr'>ignorans</span> <span class='ocrx_word' id='word_1_311' title='bbox 1802 2654 1882 2688; x_wconf 91' lang='lat' dir='ltr'>om</span> <span class='ocrx_word' id='word_1_312' title='bbox 1910 2637 2035 2688; x_wconf 82' lang='lat' dir='ltr'>CH</span> <span class='ocrx_word' id='word_1_313' title='bbox 2145 2656 2177 2703; x_wconf 83' lang='lat'>4</span> <span class='ocrx_word' id='word_1_314' title='bbox 2211 2638 2611 2689; x_wconf 81' lang='lat' dir='ltr'>incredulitatem</span> <span class='ocrx_word' id='word_1_315' title='bbox 2638 2639 2682 2688; x_wconf 90' lang='lat' dir='ltr'><em>C</em></span> 
     </span>
     <span class='ocr_line' id='line_1_43' title="bbox 1263 2716 2678 2783; baseline -0.001 -15"><span class='ocrx_word' id='word_1_316' title='bbox 1263 2720 1295 2768; x_wconf 91' lang='lat'>8</span> <span class='ocrx_word' id='word_1_317' title='bbox 1327 2718 1591 2783; x_wconf 83' lang='lat' dir='ltr'>deputanti</span> <span class='ocrx_word' id='word_1_318' title='bbox 1620 2719 1746 2768; x_wconf 84' lang='lat' dir='ltr'>CH</span> <span class='ocrx_word' id='word_1_319' title='bbox 1762 2716 1771 2783; x_wconf 89' lang='grc' dir='ltr'>Ι</span> <span class='ocrx_word' id='word_1_320' title='bbox 1798 2718 2024 2767; x_wconf 83' lang='lat' dir='ltr'>bonitate</span> <span class='ocrx_word' id='word_1_321' title='bbox 2045 2733 2095 2768; x_wconf 90' lang='lat' dir='ltr'>u.</span> <span class='ocrx_word' id='word_1_322' title='bbox 2122 2733 2265 2768; x_wconf 83' lang='lat' dir='ltr'>suam</span> <span class='ocrx_word' id='word_1_323' title='bbox 2293 2719 2338 2768; x_wconf 89' lang='lat' dir='ltr'><em>C</em></span> <span class='ocrx_word' id='word_1_324' title='bbox 2401 2717 2678 2767; x_wconf 80' lang='lat' dir='ltr'>bonitatem</span> 
     </span>
     <span class='ocr_line' id='line_1_44' title="bbox 256 2795 1651 2863; baseline 0.001 -17"><span class='ocrx_word' id='word_1_325' title='bbox 256 2813 304 2846; x_wconf 88' lang='lat' dir='ltr'>u.</span> <span class='ocrx_word' id='word_1_326' title='bbox 327 2812 368 2846; x_wconf 88' lang='lat' dir='ltr'>s.</span> <span class='ocrx_word' id='word_1_327' title='bbox 391 2795 460 2846; x_wconf 78' lang='lat' dir='ltr'><em>H</em></span> <span class='ocrx_word' id='word_1_328' title='bbox 503 2797 728 2849; x_wconf 87' lang='lat' dir='ltr'>bonitate</span> <span class='ocrx_word' id='word_1_329' title='bbox 750 2813 797 2848; x_wconf 87' lang='lat' dir='ltr'>u.</span> <span class='ocrx_word' id='word_1_330' title='bbox 838 2813 956 2849; x_wconf 85' lang='lat' dir='ltr'>suae</span> <span class='ocrx_word' id='word_1_331' title='bbox 978 2815 1012 2847; x_wconf 85' lang='lat' dir='ltr'>r</span> <span class='ocrx_word' id='word_1_332' title='bbox 1035 2797 1044 2863; x_wconf 88' lang='grc' dir='ltr'>Ι</span> <span class='ocrx_word' id='word_1_333' title='bbox 1073 2798 1126 2847; x_wconf 88' lang='lat' dir='ltr'>in</span> <span class='ocrx_word' id='word_1_334' title='bbox 1161 2798 1259 2849; x_wconf 84' lang='lat' dir='ltr'>fide</span> <span class='ocrx_word' id='word_1_335' title='bbox 1281 2805 1332 2848; x_wconf 91' lang='lat' dir='ltr'>et</span> <span class='ocrx_word' id='word_1_336' title='bbox 1354 2799 1559 2849; x_wconf 83' lang='lat' dir='ltr'>caritate</span> <span class='ocrx_word' id='word_1_337' title='bbox 1581 2797 1651 2848; x_wconf 76' lang='lat' dir='ltr'><em>H</em></span> 
     </span>
    </p>

    <p class='ocr_par' dir='ltr' id='par_1_14' title="bbox 739 2877 1774 3024">
     <span class='ocr_line' id='line_1_45' title="bbox 883 2877 1640 2943; baseline 0.001 -15"><span class='ocrx_word' id='word_1_338' title='bbox 883 2892 938 2928; x_wconf 66' lang='grc' dir='ltr'>ια</span> <span class='ocrx_word' id='word_1_339' title='bbox 973 2878 1092 2943; x_wconf 88' lang='lat' dir='ltr'>quia</span> <span class='ocrx_word' id='word_1_340' title='bbox 1117 2877 1230 2943; x_wconf 84' lang='lat' dir='ltr'>(for</span> <span class='ocrx_word' id='word_1_341' title='bbox 1248 2878 1507 2943; x_wconf 88' lang='lat' dir='ltr'>quoniam)</span> <span class='ocrx_word' id='word_1_342' title='bbox 1532 2880 1601 2929; x_wconf 87' lang='lat' dir='ltr'><em>H</em></span> <span class='ocrx_word' id='word_1_343' title='bbox 1606 2895 1640 2928; x_wconf 82' lang='lat' dir='ltr'>r</span> 
     </span>
     <span class='ocr_line' id='line_1_46' title="bbox 739 2958 1774 3024; baseline 0 -15"><span class='ocrx_word' id='word_1_344' title='bbox 739 2969 796 3020; x_wconf 86' lang='lat'>17</span> <span class='ocrx_word' id='word_1_345' title='bbox 831 2959 1013 3010; x_wconf 88' lang='lat' dir='ltr'>dicitur</span> <span class='ocrx_word' id='word_1_346' title='bbox 1035 2958 1151 3024; x_wconf 83' lang='lat' dir='ltr'>(sor</span> <span class='ocrx_word' id='word_1_347' title='bbox 1168 2960 1311 3020; x_wconf 90' lang='lat' dir='ltr'>dicit)</span> <span class='ocrx_word' id='word_1_348' title='bbox 1341 2960 1385 3011; x_wconf 89' lang='lat' dir='ltr'><em>C</em></span> <span class='ocrx_word' id='word_1_349' title='bbox 1402 2961 1470 3011; x_wconf 77' lang='lat' dir='ltr'><em>H</em></span> <span class='ocrx_word' id='word_1_350' title='bbox 1526 2961 1720 3011; x_wconf 88' lang='lat' dir='ltr'>dicetur</span> <span class='ocrx_word' id='word_1_351' title='bbox 1741 2978 1774 3009; x_wconf 85' lang='lat' dir='ltr'>r</span> 
     </span>
    </p>
   </div>
   <div class='ocr_carea' id='block_1_12' title="bbox 1852 2798 2684 2944">
    <p class='ocr_par' dir='ltr' id='par_1_15' title="bbox 1852 2798 2684 2944">
     <span class='ocr_line' id='line_1_47' title="bbox 1852 2798 2684 2864; baseline 0 -15"><span class='ocrx_word' id='word_1_352' title='bbox 1852 2814 1912 2849; x_wconf 85' lang='lat'>10</span> <span class='ocrx_word' id='word_1_353' title='bbox 1944 2798 2072 2848; x_wconf 86' lang='lat' dir='ltr'>dixit</span> <span class='ocrx_word' id='word_1_354' title='bbox 2099 2798 2144 2847; x_wconf 90' lang='lat' dir='ltr'><em>C</em></span> <span class='ocrx_word' id='word_1_355' title='bbox 2153 2814 2186 2847; x_wconf 82' lang='lat' dir='ltr'>r</span> <span class='ocrx_word' id='word_1_356' title='bbox 2383 2813 2435 2849; x_wconf 87' lang='lat'>11</span> <span class='ocrx_word' id='word_1_357' title='bbox 2475 2799 2546 2849; x_wconf 86' lang='lat' dir='ltr'>ait</span> <span class='ocrx_word' id='word_1_358' title='bbox 2584 2800 2684 2864; x_wconf 77' lang='lat' dir='ltr'>(ast</span> 
     </span>
     <span class='ocr_line' id='line_1_48' title="bbox 1853 2878 2680 2944; baseline 0.001 -15"><span class='ocrx_word' id='word_1_359' title='bbox 1853 2895 1871 2929; x_wconf 75' lang='grc' dir='ltr'><em>ι</em></span> <span class='ocrx_word' id='word_1_360' title='bbox 1880 2895 1908 2942; x_wconf 82' lang='grc'><strong><em>3</em></strong></span> <span class='ocrx_word' id='word_1_361' title='bbox 1942 2881 1996 2927; x_wconf 88' lang='lat' dir='ltr'>in</span> <span class='ocrx_word' id='word_1_362' title='bbox 2031 2878 2166 2929; x_wconf 89' lang='lat' dir='ltr'>hunc</span> <span class='ocrx_word' id='word_1_363' title='bbox 2188 2878 2363 2929; x_wconf 88' lang='lat' dir='ltr'>mund.</span> <span class='ocrx_word' id='word_1_364' title='bbox 2388 2895 2421 2928; x_wconf 82' lang='lat' dir='ltr'>r</span> <span class='ocrx_word' id='word_1_365' title='bbox 2621 2895 2680 2944; x_wconf 80' lang='lat'>¹4</span> 
     </span>
    </p>
   </div>
   <div class='ocr_carea' id='block_1_13' title="bbox 1521 3098 2681 3486">
    <p class='ocr_par' dir='ltr' id='par_1_16' title="bbox 1521 3098 2681 3486">
     <span class='ocr_line' id='line_1_49' title="bbox 1527 3098 2679 3163; baseline 0.001 -14"><span class='ocrx_word' id='word_1_366' title='bbox 1527 3099 1619 3149; x_wconf 83' lang='lat' dir='ltr'>has</span> <span class='ocrx_word' id='word_1_367' title='bbox 1641 3100 1771 3149; x_wconf 90' lang='lat' dir='ltr'>been</span> <span class='ocrx_word' id='word_1_368' title='bbox 1794 3098 2073 3149; x_wconf 87' lang='lat' dir='ltr'>influeuced</span> <span class='ocrx_word' id='word_1_369' title='bbox 2094 3098 2165 3163; x_wconf 81' lang='lat' dir='ltr'>by</span> <span class='ocrx_word' id='word_1_370' title='bbox 2181 3098 2427 3163; x_wconf 74' lang='lat' dir='ltr'>Jerome’s</span> <span class='ocrx_word' id='word_1_371' title='bbox 2442 3099 2679 3151; x_wconf 84' lang='lat' dir='ltr'>criticism</span> 
     </span>
     <span class='ocr_line' id='line_1_50' title="bbox 1526 3178 2674 3245; baseline 0.002 -15"><span class='ocrx_word' id='word_1_372' title='bbox 1526 3178 1619 3245; x_wconf 83' lang='lat' dir='ltr'>(ep.</span> <span class='ocrx_word' id='word_1_373' title='bbox 1650 3196 1742 3244; x_wconf 73' lang='lat'>24:</span> <span class='ocrx_word' id='word_1_374' title='bbox 1782 3181 1819 3206; x_wconf 78' lang='lat'>‘⁸</span> <span class='ocrx_word' id='word_1_375' title='bbox 1835 3179 1938 3230; x_wconf 90' lang='lat' dir='ltr'>illis</span> <span class='ocrx_word' id='word_1_376' title='bbox 1960 3180 2159 3245; x_wconf 83' lang='lat' dir='ltr'>placeat</span> <span class='ocrx_word' id='word_1_377' title='bbox 2180 3180 2440 3230; x_wconf 79' lang='lat' dir='ltr'>humanus</span> <span class='ocrx_word' id='word_1_378' title='bbox 2460 3197 2674 3232; x_wconf 82' lang='lat' dir='ltr'>sermo...</span> 
     </span>
     <span class='ocr_line' id='line_1_51' title="bbox 1525 3261 2680 3328; baseline 0.003 -18"><span class='ocrx_word' id='word_1_379' title='bbox 1525 3277 1619 3312; x_wconf 78' lang='lat' dir='ltr'>nos</span> <span class='ocrx_word' id='word_1_380' title='bbox 1640 3277 1754 3312; x_wconf 90' lang='lat' dir='ltr'>cum</span> <span class='ocrx_word' id='word_1_381' title='bbox 1776 3262 1984 3326; x_wconf 87' lang='lat' dir='ltr'>graecis,</span> <span class='ocrx_word' id='word_1_382' title='bbox 2008 3261 2060 3312; x_wconf 91' lang='lat' dir='ltr'>id</span> <span class='ocrx_word' id='word_1_383' title='bbox 2082 3269 2174 3322; x_wconf 88' lang='lat' dir='ltr'>est,</span> <span class='ocrx_word' id='word_1_384' title='bbox 2202 3277 2317 3311; x_wconf 89' lang='lat' dir='ltr'>cum</span> <span class='ocrx_word' id='word_1_385' title='bbox 2340 3262 2571 3328; x_wconf 86' lang='lat' dir='ltr'>apostolo</span> <span class='ocrx_word' id='word_1_386' title='bbox 2591 3265 2680 3328; x_wconf 91' lang='lat' dir='ltr'>qui</span> 
     </span>
     <span class='ocr_line' id='line_1_52' title="bbox 1521 3342 2679 3409; baseline 0.001 -18"><span class='ocrx_word' id='word_1_387' title='bbox 1521 3357 1701 3406; x_wconf 84' lang='lat' dir='ltr'>graece</span> <span class='ocrx_word' id='word_1_388' title='bbox 1718 3342 1915 3392; x_wconf 84' lang='lat' dir='ltr'>locutus</span> <span class='ocrx_word' id='word_1_389' title='bbox 1932 3350 2025 3400; x_wconf 89' lang='lat' dir='ltr'>est,</span> <span class='ocrx_word' id='word_1_390' title='bbox 2044 3358 2265 3393; x_wconf 84' lang='lat' dir='ltr'>erremus</span> <span class='ocrx_word' id='word_1_391' title='bbox 2262 3343 2433 3408; x_wconf 70' lang='lat' dir='ltr'>fidelis·</span> <span class='ocrx_word' id='word_1_392' title='bbox 2451 3342 2679 3409; x_wconf 83' lang='lat' dir='ltr'>sermo”).</span> 
     </span>
     <span class='ocr_line' id='line_1_53' title="bbox 1524 3421 2681 3486; baseline 0.003 -14"><span class='ocrx_word' id='word_1_393' title='bbox 1524 3422 1627 3472; x_wconf 89' lang='lat' dir='ltr'>His</span> <span class='ocrx_word' id='word_1_394' title='bbox 1660 3421 2030 3473; x_wconf 84' lang='lat' dir='ltr'>characteristic</span> <span class='ocrx_word' id='word_1_395' title='bbox 2051 3438 2142 3474; x_wconf 91' lang='lat' dir='ltr'>use</span> <span class='ocrx_word' id='word_1_396' title='bbox 2170 3423 2231 3473; x_wconf 79' lang='lat' dir='ltr'>os</span> <span class='ocrx_word' id='word_1_397' title='bbox 2261 3422 2681 3486; x_wconf 68' lang='lat' dir='ltr'>nerbant=&gt;=67m</span> 
     </span>
    </p>
   </div>
   <div class='ocr_carea' id='block_1_14' title="bbox 1520 3502 2680 3645">
    <p class='ocr_par' dir='ltr' id='par_1_17' title="bbox 1520 3502 2680 3645">
     <span class='ocr_line' id='line_1_54' title="bbox 1523 3502 2675 3569; baseline 0.002 -17"><span class='ocrx_word' id='word_1_398' title='bbox 1523 3502 1566 3552; x_wconf 85' lang='lat' dir='ltr'>is</span> <span class='ocrx_word' id='word_1_399' title='bbox 1603 3503 1658 3552; x_wconf 87' lang='lat' dir='ltr'>in</span> <span class='ocrx_word' id='word_1_400' title='bbox 1701 3503 1879 3553; x_wconf 77' lang='lat' dir='ltr'>favour</span> <span class='ocrx_word' id='word_1_401' title='bbox 1899 3503 1960 3553; x_wconf 82' lang='lat' dir='ltr'>of</span> <span class='ocrx_word' id='word_1_402' title='bbox 1987 3504 2073 3554; x_wconf 89' lang='lat' dir='ltr'>the</span> <span class='ocrx_word' id='word_1_403' title='bbox 2107 3504 2292 3554; x_wconf 85' lang='lat' dir='ltr'>former</span> <span class='ocrx_word' id='word_1_404' title='bbox 2324 3505 2675 3569; x_wconf 86' lang='lat' dir='ltr'>supposition;</span> 
     </span>
     <span class='ocr_line' id='line_1_55' title="bbox 1520 3579 2680 3645; baseline 0.001 -16"><span class='ocrx_word' id='word_1_405' title='bbox 1520 3593 1688 3645; x_wconf 87' lang='lat' dir='ltr'>comp.</span> <span class='ocrx_word' id='word_1_406' title='bbox 1737 3579 1974 3631; x_wconf 81' lang='lat' dir='ltr'>however</span> <span class='ocrx_word' id='word_1_407' title='bbox 2029 3591 2069 3631; x_wconf 89' lang='lat'>1.</span> <span class='ocrx_word' id='word_1_408' title='bbox 2125 3596 2176 3645; x_wconf 89' lang='lat' dir='ltr'>p.</span> <span class='ocrx_word' id='word_1_409' title='bbox 2233 3580 2353 3639; x_wconf 83' lang='lat' dir='ltr'>xliv,</span> <span class='ocrx_word' id='word_1_410' title='bbox 2413 3580 2491 3628; x_wconf 82' lang='lat' dir='ltr'>for</span> <span class='ocrx_word' id='word_1_411' title='bbox 2539 3595 2680 3630; x_wconf 79' lang='lat' dir='ltr'>some</span> 
     </span>
    </p>
   </div>
   <div class='ocr_carea' id='block_1_15' title="bbox 1520 3659 2691 4538">
    <p class='ocr_par' dir='ltr' id='par_1_18' title="bbox 1520 3659 2682 4116">
     <span class='ocr_line' id='line_1_56' title="bbox 1523 3659 2680 3725; baseline 0.002 -15"><span class='ocrx_word' id='word_1_412' title='bbox 1523 3660 1745 3725; x_wconf 81' lang='lat' dir='ltr'>scarcely</span> <span class='ocrx_word' id='word_1_413' title='bbox 1787 3661 2019 3712; x_wconf 84' lang='lat' dir='ltr'>doubtful</span> <span class='ocrx_word' id='word_1_414' title='bbox 2065 3660 2316 3710; x_wconf 85' lang='lat' dir='ltr'>instances</span> <span class='ocrx_word' id='word_1_415' title='bbox 2355 3659 2414 3709; x_wconf 80' lang='lat' dir='ltr'>of</span> <span class='ocrx_word' id='word_1_416' title='bbox 2434 3660 2680 3724; x_wconf 83' lang='lat' dir='ltr'>Jerome’s</span> 
     </span>
     <span class='ocr_line' id='line_1_57' title="bbox 1522 3741 2675 3808; baseline 0.005 -19"><span class='ocrx_word' id='word_1_417' title='bbox 1522 3741 1769 3793; x_wconf 88' lang='lat' dir='ltr'>influence</span> <span class='ocrx_word' id='word_1_418' title='bbox 1810 3741 1865 3792; x_wconf 87' lang='lat' dir='ltr'>in</span> <span class='ocrx_word' id='word_1_419' title='bbox 1910 3745 2054 3792; x_wconf 89' lang='lat' dir='ltr'>other</span> <span class='ocrx_word' id='word_1_420' title='bbox 2093 3752 2229 3808; x_wconf 88' lang='lat' dir='ltr'>parts</span> <span class='ocrx_word' id='word_1_421' title='bbox 2272 3745 2333 3794; x_wconf 84' lang='lat' dir='ltr'>of</span> <span class='ocrx_word' id='word_1_422' title='bbox 2368 3745 2467 3795; x_wconf 82' lang='lat' dir='ltr'>this</span> <span class='ocrx_word' id='word_1_423' title='bbox 2517 3746 2675 3797; x_wconf 81' lang='lat' dir='ltr'>work.</span> 
     </span>
     <span class='ocr_line' id='line_1_58' title="bbox 1527 3823 2680 3886; baseline 0.003 -15"><span class='ocrx_word' id='word_1_424' title='bbox 1527 3824 1794 3886; x_wconf 80' lang='lat' dir='ltr'>Quoniam,</span> <span class='ocrx_word' id='word_1_425' title='bbox 1832 3838 1890 3872; x_wconf 86' lang='lat' dir='ltr'>so</span> <span class='ocrx_word' id='word_1_426' title='bbox 1915 3823 2169 3883; x_wconf 84' lang='lat' dir='ltr'>Clarom.;</span> <span class='ocrx_word' id='word_1_427' title='bbox 2215 3824 2334 3886; x_wconf 81' lang='lat' dir='ltr'>quia</span> <span class='ocrx_word' id='word_1_428' title='bbox 2356 3825 2464 3885; x_wconf 84' lang='lat' dir='ltr'>(H)</span> <span class='ocrx_word' id='word_1_429' title='bbox 2485 3825 2529 3875; x_wconf 83' lang='lat' dir='ltr'>is</span> <span class='ocrx_word' id='word_1_430' title='bbox 2550 3825 2680 3875; x_wconf 77' lang='lat' dir='ltr'>from</span> 
     </span>
     <span class='ocr_line' id='line_1_59' title="bbox 1522 3901 2680 3969; baseline 0.001 -17"><span class='ocrx_word' id='word_1_431' title='bbox 1522 3902 1609 3954; x_wconf 86' lang='lat' dir='ltr'>the</span> <span class='ocrx_word' id='word_1_432' title='bbox 1632 3901 1785 3966; x_wconf 87' lang='lat' dir='ltr'>Vulg.</span> <span class='ocrx_word' id='word_1_433' title='bbox 1812 3902 1895 3962; x_wconf 83' lang='lat' dir='ltr'>(cf.</span> <span class='ocrx_word' id='word_1_434' title='bbox 1921 3913 1958 3951; x_wconf 91' lang='lat'>1.</span> <span class='ocrx_word' id='word_1_435' title='bbox 1981 3918 2033 3967; x_wconf 93' lang='lat' dir='ltr'>p.</span> <span class='ocrx_word' id='word_1_436' title='bbox 2057 3901 2249 3963; x_wconf 81' lang='lat' dir='ltr'>xxxiii).</span> <span class='ocrx_word' id='word_1_437' title='bbox 2311 3904 2436 3951; x_wconf 79' lang='lat' dir='ltr'>Sum</span> <span class='ocrx_word' id='word_1_438' title='bbox 2458 3919 2540 3968; x_wconf 55' lang='lat' dir='ltr'>qo</span> <span class='ocrx_word' id='word_1_439' title='bbox 2574 3903 2680 3969; x_wconf 86' lang='lat' dir='ltr'>(the</span> 
     </span>
     <span class='ocr_line' id='line_1_60' title="bbox 1523 3984 2682 4052; baseline 0 -15"><span class='ocrx_word' id='word_1_440' title='bbox 1523 3987 1627 4037; x_wconf 90' lang='lat' dir='ltr'>Gk.</span> <span class='ocrx_word' id='word_1_441' title='bbox 1677 3984 1860 4048; x_wconf 86' lang='lat' dir='ltr'>order),</span> <span class='ocrx_word' id='word_1_442' title='bbox 1915 4001 1973 4035; x_wconf 79' lang='lat' dir='ltr'>so</span> <span class='ocrx_word' id='word_1_443' title='bbox 2018 3985 2278 4045; x_wconf 82' lang='lat' dir='ltr'>Clarom.;</span> <span class='ocrx_word' id='word_1_444' title='bbox 2313 3986 2486 4051; x_wconf 87' lang='lat' dir='ltr'>Vulg.,</span> <span class='ocrx_word' id='word_1_445' title='bbox 2533 3991 2563 4016; x_wconf 91' lang='lat'><strong>“</strong></span> <span class='ocrx_word' id='word_1_446' title='bbox 2584 4004 2682 4052; x_wconf 81' lang='lat' dir='ltr'>ego</span> 
     </span>
     <span class='ocr_line' id='line_1_61' title="bbox 1520 4064 1681 4116; baseline -0.006 0"><span class='ocrx_word' id='word_1_447' title='bbox 1520 4064 1681 4116; x_wconf 80' lang='lat' dir='ltr'>sum.”</span> 
     </span>
    </p>

    <p class='ocr_par' dir='ltr' id='par_1_19' title="bbox 1525 4146 2684 4290">
     <span class='ocr_line' id='line_1_62' title="bbox 1597 4146 2684 4209; baseline 0 -12"><span class='ocrx_word' id='word_1_448' title='bbox 1597 4157 1674 4207; x_wconf 83' lang='lat'>17.</span> <span class='ocrx_word' id='word_1_449' title='bbox 1738 4161 1915 4195; x_wconf 71' lang='lat' dir='ltr'>uer-tam</span> <span class='ocrx_word' id='word_1_450' title='bbox 1937 4146 2058 4195; x_wconf 61' lang='lat' dir='ltr'>daz-a</span> <span class='ocrx_word' id='word_1_451' title='bbox 2078 4146 2304 4209; x_wconf 80' lang='lat' dir='ltr'>uerbum]</span> <span class='ocrx_word' id='word_1_452' title='bbox 2351 4148 2537 4197; x_wconf 82' lang='lat' dir='ltr'>Thdt.:</span> <span class='ocrx_word' id='word_1_453' title='bbox 2573 4149 2684 4197; x_wconf 68' lang='grc' dir='ltr'>ἀντὶ</span> 
     </span>
     <span class='ocr_line' id='line_1_63' title="bbox 1525 4221 2156 4290; baseline -0.006 -13"><span class='ocrx_word' id='word_1_454' title='bbox 1525 4222 1615 4277; x_wconf 76' lang='grc' dir='ltr'>τοῦ</span> <span class='ocrx_word' id='word_1_455' title='bbox 1636 4221 1846 4290; x_wconf 74' lang='grc' dir='ltr'>ἀψευδὴς</span> <span class='ocrx_word' id='word_1_456' title='bbox 1864 4227 1942 4274; x_wconf 78' lang='grc' dir='ltr'>καὶ</span> <span class='ocrx_word' id='word_1_457' title='bbox 1962 4222 2156 4286; x_wconf 76' lang='grc' dir='ltr'>ἀληθής.</span> 
     </span>
    </p>

    <p class='ocr_par' dir='ltr' id='par_1_20' title="bbox 1529 4308 2691 4538">
     <span class='ocr_line' id='line_1_64' title="bbox 1598 4308 2683 4374; baseline 0 -16"><span class='ocrx_word' id='word_1_458' title='bbox 1598 4323 1618 4358; x_wconf 84' lang='lat'>1</span> <span class='ocrx_word' id='word_1_459' title='bbox 1627 4308 1676 4357; x_wconf 88' lang='lat'>8.</span> <span class='ocrx_word' id='word_1_460' title='bbox 1760 4310 1937 4357; x_wconf 60' lang='grc' dir='ltr'>σωθείς.</span> <span class='ocrx_word' id='word_1_461' title='bbox 1947 4346 1959 4358; x_wconf 90' lang='grc'><strong>.</strong></span> <span class='ocrx_word' id='word_1_462' title='bbox 1969 4308 2200 4374; x_wconf 54' lang='lat' dir='ltr'>‚recipiet</span> <span class='ocrx_word' id='word_1_463' title='bbox 2210 4348 2220 4360; x_wconf 93' lang='lat'><strong>.</strong></span> <span class='ocrx_word' id='word_1_464' title='bbox 2232 4309 2535 4373; x_wconf 71' lang='lat' dir='ltr'>delectatur]</span> <span class='ocrx_word' id='word_1_465' title='bbox 2600 4310 2683 4361; x_wconf 81' lang='lat' dir='ltr'>cf.</span> 
     </span>
     <span class='ocr_line' id='line_1_65' title="bbox 1529 4387 2683 4455; baseline 0 -15"><span class='ocrx_word' id='word_1_466' title='bbox 1529 4389 1701 4453; x_wconf 77' lang='lat' dir='ltr'>Pela-g.</span> <span class='ocrx_word' id='word_1_467' title='bbox 1730 4387 1986 4448; x_wconf 77' lang='lat' dir='ltr'>(followed</span> <span class='ocrx_word' id='word_1_468' title='bbox 2007 4389 2076 4454; x_wconf 86' lang='lat' dir='ltr'>by</span> <span class='ocrx_word' id='word_1_469' title='bbox 2098 4390 2382 4451; x_wconf 58' lang='lat' dir='ltr'>Primasiua</span> <span class='ocrx_word' id='word_1_470' title='bbox 2405 4390 2683 4455; x_wconf 79' lang='lat' dir='ltr'>Sedulius):</span> 
     </span>
     <span class='ocr_line' id='line_1_66' title="bbox 1535 4473 2691 4538; baseline -0.001 -16"><span class='ocrx_word' id='word_1_471' title='bbox 1535 4476 1739 4538; x_wconf 87' lang='lat' dir='ltr'>“quem</span> <span class='ocrx_word' id='word_1_472' title='bbox 1784 4487 1959 4523; x_wconf 87' lang='lat' dir='ltr'>omnes</span> <span class='ocrx_word' id='word_1_473' title='bbox 2002 4473 2211 4524; x_wconf 86' lang='lat' dir='ltr'>credunt</span> <span class='ocrx_word' id='word_1_474' title='bbox 2244 4481 2294 4525; x_wconf 86' lang='lat' dir='ltr'>et</span> <span class='ocrx_word' id='word_1_475' title='bbox 2340 4489 2515 4524; x_wconf 72' lang='lat' dir='ltr'>omnes</span> <span class='ocrx_word' id='word_1_476' title='bbox 2568 4489 2691 4525; x_wconf 82' lang='lat' dir='ltr'>con.</span> 
     </span>
    </p>
   </div>
   <div class='ocr_carea' id='block_1_16' title="bbox 3209 152 3218 533">
    <p class='ocr_par' dir='ltr' id='par_1_21' title="bbox 3209 152 3218 533">
     <span class='ocr_line' id='line_1_67' title="bbox 3209 152 3218 533; textangle 90"><span class='ocrx_word' id='word_1_477' title='bbox 3215 458 3218 533; x_wconf 39' lang='grc' dir='ltr'>-ᾼ,</span> <span class='ocrx_word' id='word_1_478' title='bbox 3217 410 3218 413; x_wconf 29' lang='grc' dir='ltr'><em>Α</em></span> <span class='ocrx_word' id='word_1_479' title='bbox 3209 152 3218 365; x_wconf 40' lang='grc' dir='ltr'>..ι-*ΛΑ</span> 
     </span>
    </p>
   </div>
  </div>
 </body>
</html>
