3221 5116
494 335 619 399 312
648 400 657 409 ο
1459 337 1838 390 APPEme
1884 340 1948 391 A.

465 503 596 594 ννῆν
623 507 900 588 ἐνέργειαν
924 508 1066 585 πρὸς
1090 509 1261 572 αὐτὸν
1287 510 1653 592 ἅπαροᾌλακ-
1753 532 1892 574 eum
1928 514 2260 576 secundum
2288 512 2698 592 operationem
2726 492 2915 574 indis-

492 630 607 720 rone,
653 604 943 668 αὖθεντίαν
981 632 1046 670 τε
1092 609 1186 672 καὶ
1240 609 1499 681 ἐξουσίαν
1549 610 1656 689 τὴν
1753 609 2008 672 similem
2025 610 2135 684 sui,
2145 611 2559 673 auctoritatem
2576 621 2637 672 et
2654 622 2919 689 potesta-

493 702 669 782 αυτὴν
693 704 1007 785 α’διαῷετον
1033 709 1233 789 ἔχοντα
1248 709 1461 788 mlv-2510
1474 734 1656 788 προσ·-
1756 720 1879 770 tem
1907 713 2161 772 eandem
2201 708 2660 786 inseparabilem
2688 709 2919 769 haben·

497 801 730 879 κύνησιν
785 803 1046 883 ἰσότητος
1099 806 1250 887 νόμῳ
1300 806 1383 884 μὴ
1437 814 1653 888 παραλ-
1753 815 1877 868 tem
1919 819 2101 885 atque
2143 807 2554 868 adorationem
2601 804 2727 884 pari
2782 807 2922 883 lege

430 905 464 966 5
496 898 852 963 λα’σσουσαν.
1752 925 1879 967 non
1908 907 2361 985 discrepantem.

828 1152 911 1212 ΙΙ.
997 1154 1458 1217 TREATISES
1497 1156 1868 1217 AGAINST
1909 1156 2563 1218 APOLLINARIUS.

600 1319 864 1371 Facundus
887 1320 1012 1382 (viii.
1036 1323 1088 1384 4)
1112 1322 1292 1374 relates
1318 1323 1428 1373 that
1449 1323 1717 1374 Theodore
1748 1339 1852 1374 was
1882 1323 1969 1373 the
1997 1322 2176 1373 author
2205 1320 2265 1371 of
2287 1320 2479 1371 several
2502 1318 2666 1369 works
2691 1317 2922 1369 directed

498 1402 695 1467 against
731 1404 1211 1468 Apollinarianism:
1258 1407 1486 1470 “agebat
1523 1406 1658 1457 enim
1698 1406 1996 1456 Theodorus
2027 1404 2378 1469 frequenter
2412 1408 2517 1452 tam
2554 1401 2729 1451 libris
2761 1415 2919 1465 quam

498 1487 811 1537 sermonibus
833 1487 886 1537 in
908 1488 1151 1553 populum
1174 1496 1349 1539 contra
1371 1488 1689 1553 synusiastas
1710 1487 1815 1539 siue
1840 1488 1912 1553 (ut
1933 1487 2000 1537 ab
2021 1486 2238 1553 auctoris
2259 1485 2335 1536 sui
2359 1485 2562 1535 nomine
2583 1490 2699 1533 sunt
2726 1482 2919 1547 uocati)

508 1567 944 1633 Apollinaristas.”
1023 1568 1136 1619 The
1180 1570 1341 1620 books
1387 1586 1454 1619 on
1498 1569 1584 1619 the
1626 1570 1944 1619 Incarnation
1981 1568 2147 1619 would
2191 1568 2447 1617 doubtless
2489 1564 2579 1614 fall
2622 1565 2783 1615 under
2818 1564 2924 1613 this

500 1650 821 1716 description,
840 1652 938 1701 and
963 1668 994 1701 a
1016 1651 1215 1702 treatise
1237 1651 1489 1718 expressly
1510 1652 1734 1701 directed
1755 1651 1952 1716 against
1975 1649 2318 1717 Apollinarius
2339 1649 2382 1700 is
2403 1649 2535 1700 cited
2556 1649 2625 1713 by
2649 1647 2921 1698 Facundus

501 1732 690 1782 further
723 1747 789 1782 on
832 1731 898 1796 (x.
943 1733 1017 1796 1)=
1053 1748 1136 1783 see
1168 1732 1268 1782 this
1300 1733 1547 1796 fragment
1582 1732 1745 1797 infla,
1780 1749 1832 1798 p.
1869 1748 1979 1795 321.
2051 1732 2100 1781 It
2139 1747 2301 1782 seems
2338 1730 2631 1796 impossible
2665 1729 2790 1779 with
2826 1745 2921 1780 our

502 1821 703 1878 present
755 1813 1076 1864 information
1132 1821 1186 1864 to
1239 1813 1517 1864 determine
1570 1813 1801 1865 whether
1852 1814 1939 1864 the
1992 1815 2139 1864 other
2195 1813 2469 1878 fragments
2522 1811 2690 1862 which
2744 1809 2921 1861 follow

501 1897 688 1961 belong
713 1902 766 1947 to
788 1898 874 1946 the
896 1897 977 1946 De
993 1898 1364 1955 Incumatione,
1386 1912 1444 1946 as
1466 1896 1509 1945 F
1512 1896 1720 1948 ntzsche
1751 1913 1943 1961 argues,
1970 1914 2028 1947 or
2050 1905 2104 1948 to
2133 1897 2220 1947 the
2246 1897 2326 1947 De
2348 1895 2681 1960 Apollinum,
2709 1909 2770 1943 or
2799 1901 2856 1943 to
2887 1909 2921 1943 a

502 1978 636 2030 third
660 1977 799 2029 work
829 1978 1176 2029 intermediate
1204 1979 1433 2028 between
1463 1978 1604 2028 these
1634 1985 1752 2028 two·
1825 1978 2079 2043 Ebedjesu
2109 1978 2358 2029 mentions
2379 1995 2410 2029 a
2432 1977 2634 2027 volume
2657 1975 2728 2040 by
2749 1974 2921 2025 Theo·

501 2103 624 2153 dore
657 2103 790 2166 [περὶ
810 2104 894 2152 τοῦ
917 2103 1153 2168 λαβόντος
1174 2107 1255 2155 καὶ
1274 2102 1359 2155 τοῦ
1380 2104 1692 2167 ληφθέντος1,
1731 2069 2058 2174 βιῶ-10
2096 2072 2398 2179 ’.ὀαῶ-ςξ
2443 2071 2617 2175 ωὸΊ,
2655 2107 2821 2158 which
2855 2107 2924 2159 he

501 2243 854 2310 distinguishoe
875 2242 1003 2294 stom
1027 2244 1112 2295 the
1148 2206 1560 2360 ‘'Lag-&Q

1554 2425 1737 2486 Boon
1777 2443 1868 2486 111.

513 2595 560 2634 1.
650 2571 809 2656 [Act.
834 2575 1020 2636 Cone.
1045 2575 1114 2636 C.
1143 2576 1205 2633 P.
1227 2572 1284 2634 ii.
1309 2590 1383 2633 ιν.
1423 2594 1449 2633 ι
1481 2572 1547 2650 (“
1568 2591 1642 2633 ex
1664 2574 1835 2634 tertio
1856 2573 2010 2633 libro
2031 2593 2081 2634 c.
2108 2571 2628 2654 Apollinarium’').
2704 2575 2834 2654 Vig.
2867 2595 2915 2635 1.

667 2673 865 2750 Pelag.
892 2671 948 2732 ii.
970 2673 1007 2730 l.
1022 2690 1059 2730 c.
1106 2669 1320 2749 Justin.
1341 2680 1418 2748 φ.
1440 2673 1575 2730 adu.
1598 2672 1662 2729 T
1646 2673 1701 2730 h.
1720 2669 1803 2764 (ἐν
1827 2675 1905 2750 τῷ
1931 2671 2098 2751 τρίτῳ
2118 2672 2275 2755 λόγῳ
2303 2671 2446 2733 κατὰ
2469 2673 2922 2754 Ἀπολιναρίσυ).

666 2772 878 2830 Leont.
913 2790 955 2830 c.
986 2771 1071 2829 Ν.
1101 2777 1155 2829 et
1178 2765 1306 2850 E]

630 2918 957 2994 Quomodo
1012 2915 1188 2995 igitur
1243 2928 1326 2990 tu,
1383 2915 1479 2976 cui
1547 2936 1726 2995 super
1786 2936 1997 2978 omnes
2059 2916 2319 2980 maxime
2381 2920 2559 2981 decet
2627 2921 2926 2983 mentium

505 3015 784 3093 regimen,
831 3015 994 3075 illum
1039 3014 1142 3092 qui
1184 3034 1255 3076 ex
1297 3011 1523 3091 uirgine
1564 3026 1739 3075 natus
1781 3024 1870 3075 est
1927 3016 2126 3075 Deum
2183 3036 2314 3078 esse
2365 3029 2425 3079 et
2468 3038 2541 3080 ex
2597 3021 2735 3080 Deo
2781 3039 2924 3082 con-

507 3110 955 3171 substantialem
1014 3110 1173 3170 Patri
1228 3109 1546 3170 existimari
1598 3108 1768 3185 dicis,
1818 3109 1933 3170 nisi
1980 3111 2132 3172 forte
2181 3125 2392 3175 sancto
2445 3113 2683 3192 Spiritui
2732 3115 2922 3194 impu·

508 3221 630 3266 tare
659 3205 815 3266 illius
843 3204 1203 3266 creationem
1234 3225 1344 3266 nos
1373 3206 1542 3266 iubes
1559 3209 1589 3267 Ρ

589 3318 729 3380 ἀλλ’
764 3317 797 3380 ὅ
833 3345 903 3401 γε
932 3319 1059 3382 θεὰς
1100 3318 1192 3379 καὶ
1233 3324 1293 3378 ἐκ
1336 3319 1482 3393 θεοῦ,
1525 3316 1661 3395 ὁμο·
1845 3321 1951 3381 sed
1983 3321 2087 3399 qui
2123 3333 2214 3383 est
2252 3325 2420 3384 Deus
2463 3334 2522 3385 et
2564 3343 2638 3385 ex
2678 3327 2817 3387 Deo
2860 3337 2921 3387 et

509 3418 705 3482 οὗσιος
767 3420 845 3497 τῷ
911 3416 1100 3493 πατρί,
1157 3417 1235 3495 τῷ
1283 3417 1391 3492 μὲν
1446 3419 1509 3473 ἐκ
1564 3418 1664 3491 τῆς
1762 3421 2537 3496 consubstantialisPatxi‚ei
2555 3422 2800 3499 quidem
2818 3424 2922 3502 qui

508 3517 791 3593 παρθένου
856 3516 1197 3599 γεννηθέντι,
1257 3512 1300 3574 ὦ
1360 3515 1661 3592 θαυμάσιε,
1762 3537 1836 3578 ex
1886 3517 2112 3596 uirgine
2156 3529 2330 3579 natus
2370 3531 2512 3593 erat,
2553 3540 2591 3580 o
2633 3519 2923 3593 mirande,

511 3614 603 3674 καὶ
642 3612 752 3673 ὕπὸ
796 3618 901 3675 τοῦ·
943 3610 1108 3693 ἁγίου
1149 3609 1468 3687 πνεύματος
1522 3612 1667 3672 κατὰ
1766 3627 1825 3676 et
1881 3615 1986 3693 qui
2028 3635 2136 3693 per
2178 3615 2460 3692 Spiritum
2515 3628 2788 3678 sanctum
2838 3637 2926 3679 se-

410 3733 485 3774 10
510 3709 608 3773 τὰς
648 3712 800 3774 θείας
839 3708 1262 3771 ἅναπλασθέντι
1301 3708 1532 3788 γραφεὶς
1573 3708 1670 3768 καὶ
1765 3712 2034 3771 cundum
2096 3711 2332 3772 diuinas
2393 3712 2708 3790 scripturas
2776 3715 2928 3791 plas-

509 3806 615 3883 τήν
652 3834 721 3888 γε
761 3807 1050 3868 σύστασιν
1090 3807 1179 3866 ἐπὶ
1220 3809 1322 3882 τῆς
1351 3807 1670 3888 γυναικείας
1766 3818 1963 3868 matus
2007 3819 2098 3868 est
2130 3819 2190 3868 et
2230 3808 2651 3873 confictionem
2691 3809 2754 3871 in
2796 3830 2929 3871 mu-

513 3906 787 3987 δεξαμένῳ
845 3904 1110 3987 γαστρός,
1171 3909 1299 3983 ἐνῆν
1361 3904 1435 3969 οἷς
1488 3903 1635 3968 εἰκός
1656 3922 1670 3937 ·
1767 3902 1938 3964 liebri
1955 3904 2188 3982 accepit
2206 3916 2433 3980 uentre,
2452 3907 2642 3969 inerat
2659 3907 2923 3981 forsitan,

514 4005 703 4083 ἐπειδή
744 4004 863 4083 ἅμα
902 4008 979 4084 τῷ
1020 4004 1447 4079 ὃιαπλασθῆναι
1482 4003 1576 4063 καὶ
1603 3999 1670 4062 τὰ
1767 4001 1909 4078 quia
1946 4021 2089 4062 mox
2113 4022 2251 4062 cum
2281 4004 2605 4080 plasmatus
2634 4016 2739 4081 est,
2773 4017 2833 4067 et
2860 4017 2928 4068 ut

516 4100 659 4162 εἶναι
689 4100 820 4166 ναός
847 4102 977 4162 θεοῦ
1006 4100 1249 4178 εἰλήφει.
1337 4103 1403 4161 οὐ
1425 4097 1545 4178 μὴν
1568 4100 1672 4159 τᾶν
1769 4103 2060 4179 templum
2103 4101 2222 4162 Dei
2263 4113 2419 4162 esset
2459 4103 2707 4182 accepit.
2802 4124 2926 4166 non

515 4201 645 4263 θεὸν
699 4199 1073 4284 γεγεννῆσθαι
1125 4198 1369 4282 ἡγητέον
1420 4197 1555 4278 ἡμῖν
1609 4202 1672 4259 ἐκ
1771 4210 1973 4260 tamen
2046 4198 2509 4261 existimandum
2582 4202 2760 4263 nobis
2836 4216 2926 4264 est

618 4355 638 4388 1
675 4337 952 4387 animarum
988 4336 1039 4385 V
1194 4350 1220 4384 α
1256 4334 1397 4385 illum
1421 4336 1638 4386 eundem
1674 4332 1725 4383 V
1896 4346 1923 4395 5
1959 4347 2061 4382 non
2086 4329 2205 4397 (sor
2225 4332 2337 4393 nos)
2374 4330 2425 4378 V
2429 4331 2481 4380 P
2624 4327 2656 4378 6
2689 4330 2808 4397 quia
2836 4333 2940 4382 CV

514 4419 626 4490 quis
650 4421 701 4469 P
876 4431 902 4482 7
937 4417 980 4468 is
1002 4417 1137 4467 idem
1167 4417 1315 4466 CVP
1502 4418 1535 4466 8
1566 4432 1597 4464 o
1622 4413 1902 4464 mirandum
1933 4412 2078 4464 CVP
2275 4425 2329 4477 ¹3
2364 4428 2516 4477 quam
2540 4411 2654 4480 (sor
2672 4412 2806 4477 cum)
2835 4411 2940 4465 CV
