3221 5116
315 401 409 480 18,
451 399 576 484 19]
1018 414 1101 465 IN
1151 414 1255 464 ΕΡ.
1302 414 1404 465 AD
1453 412 1982 465 PH1LEMoNssm.
2596 397 2721 477 283

306 588 582 671 recipiat
625 589 958 672 apostoli;
1005 591 1346 673 quomodo
1392 591 1570 655 enim
1619 588 1755 654 fieri
1803 598 2069 673 poterat
2099 597 2175 654 ut
2204 586 2333 652 hoc
2365 586 2723 652 suaderet?

304 692 422 755 sed
473 703 550 755 ut
602 693 799 769 dicat,
849 703 966 758 ‘eo
996 696 1176 777 quod
1230 716 1357 778 ego
1403 716 1557 759 eum
1614 695 1829 777 recepi
1877 694 2096 777 recipe
2136 702 2207 757 et
2252 701 2343 769 tu,
2391 692 2445 754 si
2494 699 2723 754 tamen

304 796 686 888 communia
741 799 931 863 nobis
978 799 1203 864 omnia
1239 820 1384 862 esse
1421 798 1807 863 existimas!
1898 807 1966 862 et
2012 797 2253 861 iterum
2301 816 2423 878 pro
2464 795 2724 860 delictis

305 910 373 966 et
404 900 816 964 satisfaciens
848 901 1010 965 dicit
1036 925 1050 964 ε

434 1050 499 1114 si
524 1061 742 1115 autem
770 1051 939 1133 quid
959 1052 1175 1116 nocuit
1202 1063 1261 1116 te
1288 1063 1409 1117 aut
1435 1052 1685 1117 debitor
1710 1062 1819 1129 est,
1851 1050 1962 1116 hoc
1993 1051 2163 1116 milti
2190 1051 2455 1134 imputa.
2799 1051 2831 1120 5

435 1177 563 1241 hoc
611 1187 730 1254 est,
779 1184 859 1241 ‘a
906 1199 1011 1242 me
1057 1180 1256 1262 exige
1302 1178 1451 1246 illa.’
1538 1188 1606 1244 et
1653 1179 2014 1244 ostendens
2060 1179 2378 1262 quoniam
2425 1197 2559 1241 non
2607 1176 2727 1240 ab·

306 1281 523 1345 solute
554 1282 683 1345 ista
713 1281 1044 1347 scribens:

433 1444 544 1506 ego
572 1425 833 1489 Paulus
858 1425 1091 1508 scripsi
1119 1446 1319 1489 manu
1352 1446 1512 1506 mea,
1543 1446 1657 1509 ego
1688 1424 1981 1490 reddam.

440 1546 744 1628 promisit
805 1568 876 1610 se
936 1546 1368 1625 redditurum,
1429 1549 1644 1612 sciens
1704 1547 2019 1630 quoniam
2092 1543 2382 1609 dominis
2435 1544 2725 1628 reposita

306 1656 410 1712 est
461 1648 642 1731 apud
699 1649 923 1713 Deum
976 1670 1225 1713 merces
1279 1653 1550 1734 copiosa
1599 1670 1721 1733 pro
1775 1648 1887 1713 illa
1948 1649 2252 1713 bonitate
2300 1670 2504 1732 quam
2566 1670 2725 1732 erga
2760 1662 2839 1711 10

306 1772 534 1816 seruos
579 1773 735 1816 suos
779 1763 1110 1831 exercent,
1157 1763 1225 1818 et
1272 1755 1569 1818 maxime
1620 1753 1953 1837 siquando
2002 1750 2542 1834 delinquentibus
2597 1752 2726 1815 illis

308 1855 572 1919 ueniam
621 1857 911 1921 tribuere
963 1857 1312 1923 noluerint.
1403 1867 1472 1923 et
1531 1856 1893 1923 ostendens
1945 1856 2266 1940 quoniam
2327 1875 2463 1918 non
2523 1853 2727 1918 debet

306 1960 639 2026 haesitare
669 1960 756 2024 de
785 1961 1141 2026 tribuenda
1171 1962 1552 2026 huiusmodi
1582 1961 1835 2045 gratia:

437 2120 517 2175 ut
540 2132 665 2174 non
698 2110 910 2174 dicam
942 2111 1067 2175 tibi
1090 2112 1397 2194 quoniam
1430 2111 1701 2195 teipsum
1737 2110 1908 2175 milti
1934 2109 2133 2175 debes.

436 2244 546 2302 ‘et
575 2236 742 2302 haec
781 2239 1055 2322 quidem
1102 2242 1445 2323 promittO,
1476 2241 1695 2305 sciens
1730 2240 2052 2323 quoniam
2098 2247 2168 2303 et
2209 2239 2352 2321 ipse
2397 2238 2724 2322 percipies
2764 2252 2834 2321 15

308 2362 427 2424 per
458 2341 586 2405 Dei
620 2344 1138 2408 misericordiam
1171 2345 1476 2428 copiosas
1520 2345 1862 2408 mercedes
1907 2364 2029 2426 pro
2062 2363 2141 2407 ea
2180 2342 2485 2405 bonitate
2520 2362 2725 2425 quam

309 2466 468 2528 erga
508 2445 712 2510 istum
745 2468 921 2512 nunc
954 2469 1312 2526 exerceas;
1359 2457 1427 2512 te
1464 2457 1692 2512 autem
1724 2449 2039 2511 conuenit
2068 2445 2363 2529 cogitare
2407 2446 2726 2528 quoniam

308 2557 376 2614 et
416 2557 635 2615 totum
674 2561 741 2615 te
774 2550 933 2614 mihi
966 2551 1190 2627 debeS,
1226 2551 1380 2616 licet
1413 2572 1538 2635 ego
1570 2571 1705 2615 non
1736 2549 1994 2616 dicam.'
2083 2558 2151 2614 et
2192 2549 2432 2615 iterum
2474 2548 2562 2613 ad
2607 2549 2725 2615 ob-

308 2655 747 2719 secrationem
780 2675 927 2719 sese
958 2666 1224 2719 uertens
1256 2655 1459 2719 adicit
1487 2679 1501 2718 ε

406 2824 435 2873 3
469 2808 839 2858 existimansll
856 2807 866 2875 Ι
892 2825 960 2875 sq.
985 2817 1034 2859 et
1058 2809 1511 2859 iterum...reddam
1533 2824 1610 2858 om
1636 2826 1668 2858 r
1691 2806 1700 2874 Ι
1731 2806 2010 2858 dilectisH
2241 2819 2268 2869 7
2302 2806 2485 2856 scribat
2507 2805 2553 2856 C
2576 2807 2726 2867 (corr)

310 2890 341 2939 8
375 2906 487 2941 mea
503 2907 653 2941 manu
677 2893 744 2940 Η
934 2907 996 2943 ιο
1017 2908 1130 2941 eum
1149 2891 1262 2955 (sor
1274 2891 1459 2951 Deum)
1480 2891 1558 2941 C*
1761 2903 1819 2955 13
1854 2900 1928 2941 est
1946 2888 2042 2955 (ast
2054 2886 2235 2954 gratia)
2252 2889 2357 2937 add
2369 2889 2478 2938 CH
2668 2905 2727 2952 14

308 2973 433 3023 mihi
464 2973 678 3039 teipsum
701 2990 734 3023 r
1041 2988 1098 3038 15
1136 2974 1415 3039 percipiens
1438 2976 1505 3023 Η
1833 2986 1891 3036 17
1925 2988 2045 3037 ergo
2075 2986 2177 3021 non
2208 2971 2359 3021 istum
2390 2986 2620 3021 exerceas
2648 2971 2726 3020 C*

308 3071 429 3120 erga
451 3055 598 3105 istum
622 3071 820 3106 exerces
846 3056 890 3106 C
911 3053 1057 3121 (corr)
1164 3071 1283 3121 erga
1305 3072 1407 3106 non
1432 3057 1580 3106 istum
1602 3070 1802 3106 exerces
1821 3056 1890 3105 Η
1979 3070 2096 3119 erga
2118 3054 2268 3103 istum
2290 3069 2423 3104 nunc
2445 3069 2677 3104 exercens
2700 3071 2732 3103 r

316 3139 374 3188 18
395 3154 466 3204 sq.
495 3145 545 3189 et
567 3138 868 3189 iterum...in
892 3139 1116 3189 Domino
1137 3155 1215 3188 om
1238 3155 1272 3190 r

308 3279 420 3331 The
441 3281 568 3332 view
598 3283 763 3333 which
797 3284 894 3334 Th.
933 3283 1225 3349 deprecates
1257 3298 1469 3348 appears
1568 3280 1770 3347 ception
1793 3280 1853 3331 of
1868 3282 2119 3331 Ambrstr.
2143 3280 2257 3346 give
2282 3276 2528 3330 “debeb’'

308 3360 362 3410 in
386 3362 635 3413 Ambrstr.
666 3365 930 3425 (“tantum
953 3380 1007 3414 se
1029 3364 1261 3414 affectum
1284 3363 1468 3412 habere
1636 3365 1680 3413 8.
1767 3378 1925 3411 manu
1969 3360 2096 3423 mea]
2166 3361 2280 3410 The
2324 3361 2532 3425 reading
2575 3360 2635 3411 of
2669 3362 2740 3412 Η

309 3443 440 3492 circa
463 3444 758 3497 Onesimum
786 3445 1022 3507 ostendit,
1059 3453 1114 3495 ut
1149 3452 1266 3494 tunc
1304 3444 1466 3493 Phile·
1570 3453 1851 3509 represents
1895 3444 1980 3493 the
2025 3442 2175 3508 Vulg.
2213 3443 2375 3499 order,
2410 3442 2577 3493 which
2612 3443 2729 3494 here

311 3527 872 3592 monem...participem
895 3542 1039 3577 suum
1062 3527 1212 3584 dicat,
1245 3524 1288 3574 si
1320 3523 1469 3573 istum
1572 3525 1825 3575 coincides
1847 3525 1970 3575 with
1993 3524 2078 3574 the
2101 3525 2205 3575 Gk.
2263 3524 2343 3574 Cf.
2372 3536 2408 3574 1.
2436 3540 2487 3589 p.
2514 3525 2666 3576 xxxii.

309 3607 382 3656 sic
415 3608 685 3674 susceperit
719 3609 846 3658 sicut
874 3607 1158 3673 apostolum
1177 3605 1244 3667 ’')‚
1276 3607 1377 3656 and
1412 3607 1467 3657 S.
1638 3620 1685 3670 9.
1739 3606 1890 3654 sciens
1914 3604 2150 3669 quoniam
2171 3604 2401 3659 dominae,
2429 3602 2543 3664 δια]
2605 3603 2731 3653 This

308 3689 511 3753 Jerome
556 3690 1000 3750 (“consideremus
1054 3704 1175 3753 ergo
1228 3696 1473 3753 quantum
1568 3687 1736 3735 clause
1758 3702 1919 3736 seems
1940 3695 2028 3736 out
2050 3684 2109 3735 of
2134 3686 2294 3750 place,
2325 3684 2498 3749 seeing
2529 3685 2638 3734 that
2673 3686 2731 3736 S.

311 3766 392 3816 hic
415 3767 643 3817 laudetur
663 3768 1111 3818 Onesimus...cum
1136 3768 1206 3817 ita
1232 3767 1470 3833 recipien-
1572 3767 1698 3817 Paul
1736 3784 1839 3818 was
1876 3773 1964 3817 not
2003 3766 2090 3816 the
2128 3773 2313 3816 master
2349 3766 2409 3815 os
2443 3765 2732 3816 Onesimus.

311 3848 406 3899 dus
427 3852 491 3900 sit
514 3860 567 3901 ut
588 3852 845 3916 apostolus
859 3852 925 3917 ’').
1573 3849 1622 3897 It
1658 3848 1701 3898 is
1730 3847 1833 3912 just
1863 3847 2080 3913 possible
2113 3846 2222 3896 that
2258 3862 2289 3895 a
2321 3846 2423 3895 line
2455 3845 2546 3895 has
2580 3845 2732 3896 fallen

381 3949 425 3983 α.
517 3950 567 3983 cv
610 3934 743 3998 quod
843 3934 1119 3995 exeis-limas]
1202 3930 1468 3989 masmae,
1569 3938 1659 3980 out
1702 3931 1827 3981 after
1871 3929 2522 3979 redditurum—“suadens
2564 3929 2611 3979 ei
2650 3930 2732 3980 uel

311 4013 482 4079 sreely.
1574 4014 1790 4063 maxime
1813 4020 1866 4064 ut
1890 4012 2088 4064 ueniam
2111 4012 2157 4062 ei
2187 4013 2378 4070 daret.’'
2406 4030 2463 4064 or
2489 4014 2575 4063 the
2609 4013 2726 4065 like.

379 4108 423 4157 3.
483 4103 584 4159 pro
615 4096 795 4144 dclxi-tis
826 4103 872 4145 ct
902 4097 1088 4160 satisfi]
1152 4098 1334 4148 Thdt.:
1399 4098 1471 4146 αἱ·
1576 4096 1670 4144 ‘In
1703 4094 1980 4160 promising
2013 4101 2066 4145 to
2101 4095 2278 4145 resund
2305 4096 2437 4146 what
2462 4096 2732 4147 Onesimus

313 4180 525 4228 νίττεται
552 4179 579 4228 ὁ
611 4176 760 4241 λόγος
793 4180 854 4230 ὡς
888 4178 1206 4241 ὑφελκόμενὸς
1240 4198 1287 4229 τι
1319 4181 1474 4231 κακῶς
1574 4177 1675 4227 had
1706 4177 1884 4233 stolen,
1911 4178 1967 4228 S.
1994 4177 2159 4227 Paul's
2184 4178 2350 4243 object
2372 4194 2476 4228 was
2509 4185 2562 4228 to
2594 4178 2733 4228 draw

314 4261 660 4321 δεδαπάνηκεν.
1576 4258 1838 4308 Philemon
1874 4258 1980 4307 into
2014 4274 2078 4307 an
2107 4260 2270 4309 actos
2295 4259 2544 4324 liberality
2566 4258 2731 4307 which

380 4356 426 4404 5.
505 4342 674 4391 nocuit
724 4341 789 4403 te]
876 4342 1023 4393 Latin
1067 4344 1302 4406 versions,
1370 4347 1471 4394 “n.
1572 4341 1734 4405 might
1754 4355 1925 4390 secure
1948 4339 2024 4390 for
2045 4340 2151 4390 him
2171 4358 2204 4391 a
2233 4340 2324 4391 fun
2358 4339 2583 4392 reward)
2649 4342 2730 4392 Cf.

312 4423 403 4473 tibi
423 4422 483 4486 ;’'
514 4424 579 4474 cs.
606 4436 644 4473 1.
670 4441 720 4488 p.
745 4422 826 4487 67,
860 4423 893 4475 l.
928 4440 970 4485 1,
1006 4432 1139 4476 note.
1213 4426 1315 4475 For
1344 4426 1470 4475 debi-
1572 4422 1729 4486 insra‚
1759 4423 1793 4471 l.
1827 4436 1882 4484 15
1905 4438 1982 4486 sq.

310 4512 391 4555 tor
416 4512 484 4555 est
516 4505 600 4556 the
634 4505 781 4556 Latin
804 4506 1093 4556 authorities
1116 4505 1238 4556 with
1268 4505 1354 4556 the
1387 4522 1469 4557 ex·
1644 4522 1719 4567 14.
1783 4505 2017 4570 quoniam
2037 4507 2263 4571 teipsum]
2318 4508 2429 4558 The
2454 4506 2603 4558 Latin
2626 4524 2730 4558 ver-
