3221 5116
490 409 618 488 2⁴36
1155 423 1613 476 THEoDoRth
1661 421 2249 476 MoPsUEsTENus
2732 411 2810 496 [I.
2847 425 2905 493 ς.

486 594 761 677 quando
801 595 1056 679 optime
1096 616 1168 660 se
1209 617 1348 661 rem
1390 596 1637 661 habere
1674 596 2131 675 existimauit;
2176 617 2377 681 quem
2423 595 2628 663 etiam
2674 608 2744 664 et
2784 621 2911 684 pro

381 734 385 737 >
438 731 444 739 ·
487 698 798 762 omnibus
849 699 1213 764 suscitauit.
1301 701 1482 782 quod
1534 707 1605 763 et
1647 700 1903 763 cunctis
1944 700 2221 783 cupiens
2258 700 2705 781 manifestare,
2745 706 2909 769 doc-

485 801 730 865 trinam
762 801 923 866 mihi
952 805 1041 867 de
1068 802 1251 867 hisce
1281 802 1640 884 commisit,
1671 813 1747 868 ut
1777 824 1927 867 cum
1970 804 2417 869 sollicitudine
2457 815 2526 869 et
2568 806 2910 873 celeritate

486 924 861 986 percurram
893 905 1189 971 diuersas
1219 906 1595 990 prouincias
1626 916 1697 972 et
1736 908 2054 992 impleam
2097 908 2260 972 mihi
2306 910 2706 991 promissam
2748 910 2910 976 doc-

424 1009 455 1076 5
485 1008 764 1075 trinam!
836 1008 945 1073 hic
973 1010 1152 1074 enim
1185 1017 1287 1073 est
1318 1030 1549 1073 sensus
1581 1009 2129 1076 interiectionum.
2203 1031 2360 1075 nam
2392 1012 2629 1076 beatus
2661 1012 2908 1077 Paulus

487 1113 572 1177 ad
604 1112 1142 1177 exhortationem
1188 1112 1326 1178 Titi
1364 1134 1635 1177 causam
1679 1115 1780 1177 sui
1823 1113 2243 1197 apostolatus
2284 1115 2656 1179 necessarie
2686 1115 2906 1181 uoluit

486 1215 858 1296 insinuare;
904 1237 1059 1281 nam
1104 1219 1286 1301 quod
1333 1219 1547 1283 dixit:
1604 1217 1751 1282 Tito
1794 1218 2130 1284 carzzvsimo
2154 1219 2312 1303 filio
2352 1215 2698 1284 secundum
2740 1241 2908 1285 com-

486 1341 743 1384 munem
755 1322 981 1406 fidem,
1006 1322 1134 1387 hoc
1164 1333 1282 1401 est,
1310 1324 1456 1406 ‘qui
1489 1321 1856 1387 secundum
1890 1321 2090 1386 fidem
2126 1344 2313 1387 meus
2344 1344 2415 1387 es
2447 1322 2639 1398 filius,
2672 1344 2907 1387 secun-

486 1423 650 1488 dum
698 1427 878 1508 quod
928 1430 1301 1492 communis
1350 1428 1511 1492 mihi
1562 1426 1777 1492 sactus
1825 1448 1912 1504 e5‚
1959 1448 2079 1511 per
2125 1448 2346 1492 meam
2394 1427 2770 1492 doctrinam
2815 1427 2907 1492 ad

387 1541 467 1590 10
488 1524 690 1592 fidem
721 1531 1082 1597 accedens?
1170 1535 1397 1617 sicque
1441 1553 1921 1598 consummans
1962 1533 2337 1617 epistolam,
2370 1532 2604 1616 incipit
2633 1552 2906 1597 causam

487 1653 755 1698 suarum
786 1634 1152 1718 explanare
1184 1635 1557 1701 litterarum
1590 1660 1605 1701 ε

617 1786 816 1851 huius
844 1787 942 1852 rei
957 1787 1192 1870 gratia
1219 1788 1461 1872 reliqui
1487 1799 1548 1854 te
1579 1787 1821 1866 Cretae,
1854 1798 1931 1854 ut
1956 1809 2031 1853 ea
2060 1809 2222 1872 quae
2251 1787 2484 1852 desunt
2510 1788 2815 1872 corrigas.

618 1913 792 1979 bene
839 1915 1016 1980 dixit
1066 1935 1231 1997 quae
1276 1916 1555 1992 desunt,·
1595 1914 1824 1996 †nam
1870 1915 2143 1999 pietatis
2191 1913 2361 1979 ratio
2407 1916 2720 1979 omnibus
2765 1923 2909 1981 erat

487 2019 737 2082 tradita
769 2018 855 2082 ab
896 2018 1228 2101 apostolo,
1257 2019 1556 2083 restabat
1599 2039 1761 2083 uero
1805 2027 1879 2082 ut
1920 2018 2334 2101 dispensatio
2369 2038 2530 2101 erga
2559 2018 2909 2082 credentes

390 2136 462 2204 15
492 2120 891 2204 impleretur,
923 2122 1020 2185 ita
1048 2131 1121 2186 ut
1152 2130 1220 2185 et
1250 2122 1334 2185 ad
1366 2141 1763 2185 consensum
1790 2122 2287 2185 instituerentur
2310 2140 2428 2204 per
2457 2121 2909 2186 ordinationes

491 2222 1030 2290 ecclesiasticas*
1119 2234 1189 2289 et
1218 2246 1390 2309 quae
1421 2226 1509 2290 sit
1539 2225 1861 2289 correctio
1894 2226 2266 2289 necessaria
2297 2224 2630 2289 insinuat:

621 2379 699 2435 ut
722 2369 1074 2435 constituas
1086 2380 1212 2453 per
1237 2369 1533 2433 ciuitates
1544 2369 1962 2452 presbyteros,
1989 2368 2160 2433 sicut
2186 2389 2299 2452 ego
2312 2368 2611 2452 praecepi
2638 2367 2832 2453 [tibz]

621 2536 656 2604 ὅ
704 2536 833 2627 γὰρ
885 2539 999 2623 τῆς
1057 2536 1398 2620 εὐσεβείας
1455 2536 1656 2623 λόγος
1717 2536 2124 2627 παραδέδοτο
2182 2540 2401 2605 πᾶσιν
2462 2532 2619 2622 παρ’
2680 2532 2911 2602 αὐτοῦ·

489 2640 792 2708 ἐλείπετο
856 2641 927 2708 δὲ
991 2642 1414 2726 οἰκονομῆσαι
1478 2642 1566 2708 τὰ
1621 2640 1797 2708 κατὰ
1852 2642 2002 2712 τοὺς
2066 2638 2590 2710 πεπιστευκότας
2647 2637 2762 2704 καὶ
2818 2637 2909 2707 εἰς

383 2770 471 2820 20
490 2743 806 2829 ἁρμονίαν
875 2741 1107 2817 αὐτοὺς
1179 2747 1603 2827 καταστῆσαι
1674 2748 1819 2817 ταῖς
1902 2745 2492 2826 ἐκκλησιαστικαῖς
2579 2744 2909 2813 διατυπώ-

492 2873 701 2915 σεσιν.

593 3024 613 3059 1
652 3024 805 3074 quam
831 3008 948 3073 (for
966 3007 1135 3076 quem)
1159 2986 1228 3060 H
1418 3025 1477 3074 14
1509 3010 1701 3061 credita
1722 3010 1840 3075 (for
1868 3011 2072 3071 tradita)
2096 3012 2123 3061 l
2141 3008 2153 3073 Ι
2180 3027 2302 3061 uero
2327 3026 2405 3062 om
2428 3027 2463 3060 r
2691 3020 2750 3072 17
2784 3009 2913 3060 sicut

490 3106 586 3155 ego
608 3106 770 3156 praec.
801 3099 837 3141 t.
862 3108 939 3142 om
963 3109 997 3142 r
1019 3091 1028 3157 Ι
1058 3092 1312 3159 praecipio
1335 3094 1402 3143 H
1422 3091 1431 3157 Ι
1459 3094 1549 3143 tibi
1572 3110 1651 3144 om
1680 3096 1723 3144 C
1741 3095 1809 3144 H
2000 3097 2058 3146 18
2082 3110 2157 3160 sq.
2200 3095 2356 3144 Coisl.
2375 3110 2490 3157 204,
2505 3093 2540 3145 l.
2563 3109 2602 3143 c.
2661 3095 2911 3156 θεοδώρου.

491 3172 518 3221 ὁ
539 3175 638 3236 γὰρ
660 3176 762 3234 τῆς,
787 3177 935 3224 κ.τ.λ.
963 3172 973 3239 Ι
1002 3174 1292 3238 παρεδέδοτο
1315 3176 1427 3236 Fr.;
1461 3182 1573 3236 txt.,
1601 3176 1717 3225 cod.
1743 3176 1827 3226 Cr.

557 3326 605 3377 5.
668 3313 1346 3376 intm‘aettbnum]=illorum
1399 3329 1529 3380 quae
1574 3314 1648 3365 in·

491 3394 748 3445 ten-iecerat
771 3393 884 3456 (τῶν
906 3398 1333 3458 παρατεθέντων).

556 3493 679 3527 nam
722 3478 767 3527 b.
816 3479 1022 3539 Paulus,
1066 3477 1180 3540 δια]
1262 3478 1375 3528 The
1421 3476 1648 3528 mention

491 3557 551 3607 of
583 3557 638 3607 S.
673 3556 843 3608 Paul’s
870 3558 1117 3623 apostolic
1150 3557 1471 3608 commissioni
1510 3558 1650 3608 leads

490 3637 738 3704 naturally
773 3645 827 3688 to
864 3640 950 3689 the
972 3638 1186 3703 thought
1224 3637 1283 3688 of
1313 3638 1391 3688 his
1423 3637 1650 3703 spiritual

491 3720 702 3770 relation
740 3727 794 3770 to
829 3720 991 3779 Titus,
1036 3720 1135 3769 and
1181 3735 1239 3769 so
1284 3734 1517 3785 preparas
1561 3719 1649 3769 the

492 3803 641 3853 latter
674 3803 753 3852 for
783 3803 869 3853 the
901 3802 1244 3853 exhortations
1277 3801 1445 3850 which
1476 3817 1561 3851 are
1594 3808 1649 3850 to

493 3885 679 3936 follow.

558 3968 608 4016 8.
671 3967 937 4016 seeundum
958 3965 1094 4032 quod
1107 3965 1398 4021 communis,
1422 3963 1534 4025 δια]
1566 3962 1651 4011 ὅτε

494 4047 839 4107 κεκοινωνηκὼς
861 4047 981 4105 ἐμοί.
1039 4045 1117 4096 Cf.
1141 4045 1323 4094 Thdt.2
1362 4042 1651 4104 κοινωνήσας

491 4131 593 4193 ’γὰρ
646 4127 717 4192 τῷ
767 4126 1023 4191 droca-624²
1075 4125 1163 4187 τῆς
1224 4128 1431 4176 πίστεως
1485 4127 1654 4176 καλεῖν

494 4213 639 4261 αὐτὸν
672 4207 852 4269 ἠξιώθη
871 4211 1076 4273 πατέρα.
1145 4208 1399 4272 similarly
1417 4208 1648 4272 Jerome:

501 4292 1081 4342 “utmmnum·omnium
1104 4292 1190 4356 qui
1223 4290 1275 4340 in
1310 4290 1513 4340 Christo
1545 4305 1649 4340 cre-

495 4375 683 4424 debant
704 4389 1007 4423 communem
1024 4372 1205 4422 dixerit
1217 4372 1368 4435 fidem
1382 4372 1408 4421 ?
1439 4387 1506 4420 an
1527 4387 1650 4420 com·

497 4472 711 4518 munem,
764 4471 906 4505 suam
950 4462 1144 4504 tantum
1195 4461 1244 4504 et
1287 4453 1428 4503 Titi?
1513 4453 1651 4517 quod

496 4540 697 4606 quidem
755 4539 878 4588 mihi
932 4539 1111 4587 melius
1159 4538 1372 4596 uidetur,
1436 4537 1650 4601 apostoli

1752 3314 1895 3364 Pauli
1949 3321 2001 3366 et
2054 3314 2160 3365 Titi
2209 3313 2362 3364 fidem
2406 3312 2556 3364 fuisse
2591 3328 2909 3364 communem

1750 3410 1902 3460 quam
1924 3395 2150 3444 omnium
2172 3391 2535 3445 credentium.’'

1819 3493 1895 3528 10.
1961 3491 2312 3527 consummans
2331 3474 2602 3541 epistolam]
2635 3474 2748 3524 The
2763 3490 2910 3525 sense

1749 3560 1969 3624 requires
1989 3559 2425 3624 praescriptionem
2453 3557 2677 3622 epistolae
2712 3553 2797 3619 (cf.
2827 3571 2912 3605 su·

1738 3647 1858 3705 pra,
1887 3657 1936 3705 p.
1969 3655 2079 3704 235,
2104 3639 2156 3689 ll.
2187 3655 2233 3703 3,
2260 3637 2330 3703 6).

1821 3739 1896 3788 13·
1960 3723 2075 3773 bene
2094 3722 2356 3773 dix-it...ab
2386 3721 2614 3787 apostolo]
2670 3721 2817 3772 Cited
2842 3721 2912 3785 by

1752 3806 2026 3857 Lanfrance
2060 3821 2144 3856 see
2159 3821 2240 3853 vv.
2258 3804 2314 3853 ll.

1823 3888 1895 3939 16.
1960 3904 2089 3953 quae
2118 3888 2188 3936 sit
2216 3885 2460 3948 correctio]
2527 3885 2639 3934 The
2674 3882 2911 3949 requisite

1750 3967 2079 4033 ἐπιδιὸρθωσις
2110 3984 2215 4018 was
2248 3967 2377 4017 little
2413 3967 2517 4017 else
2555 3966 2676 4016 than
2714 3964 2798 4014 the
2830 3979 2908 4011 or-

1750 4050 1976 4099 dination
1998 4049 2057 4099 os
2071 4064 2137 4098 an
2159 4047 2425 4113 Apostolic
2439 4046 2682 4109 ministry.
2734 4044 2903 4108 Pelag.

1750 4148 1817 4181 on
1840 4132 1926 4181 the
1947 4138 2177 4195 contrary
2192 4129 2480 4193 interprets:
2510 4128 2548 4153 ‘⁸
2565 4140 2698 4188 quae
2708 4125 2906 4187 desunt,

1751 4223 1886 4264 recto
1909 4219 2079 4262 tenore
2098 4211 2312 4274 corrige;
2336 4218 2385 4260 et
2409 4220 2529 4260 tunc
2549 4209 2754 4258 demum
2776 4222 2912 4272 proe-

1751 4295 1952 4358 byteros
1990 4292 2176 4357 poteris
2211 4291 2459 4347 ordinare,
2499 4304 2614 4340 cum
2649 4303 2825 4338 omnes
2857 4286 2911 4336 in

1751 4374 1973 4425 ecclesiis
1995 4372 2174 4422 fuerint
2199 4369 2370 4421 recti.”

1824 4464 1898 4516 17.
1925 4453 2173 4519 praecept]
2198 4452 2269 4501 So
2294 4451 2437 4503 Hier.
2460 4448 2588 4516 (bis),
2604 4449 2904 4509 butadkd„

1759 4533 2096 4601 “disposui;”
2130 4534 2215 4584 the
2236 4533 2384 4584 latter
2407 4534 2449 4583 is
2473 4534 2559 4583 the
2583 4531 2846 4595 rendering
2858 4531 2919 4580 os
