3221 5116
283 385 383 451 11.
423 384 643 470 2—4.]
951 396 1038 449 IN
1084 398 1191 450 ΕΡ.
1235 398 1339 449 AD
1384 398 1854 462 TIMoTHEUM
1901 398 1979 451 11.
2578 400 2706 467 203

275 589 347 645 et
390 601 562 664 quae
605 577 864 646 audisti
902 600 948 644 a
1004 599 1108 644 me
1137 590 1265 662 per
1305 577 1544 642 multos
1589 587 1774 643 testes
1812 577 1970 644 haec
2004 574 2375 643 commenda
2397 573 2712 660 fidelibus

277 684 677 761 hominibus,
703 682 826 767 qui
850 681 1065 747 idonei
1086 682 1228 746 sint
1251 682 1451 746 etiam
1479 679 1648 748 alios
1672 679 1901 744 docere.
1964 739 1971 745 .

424 812 644 877 ‘omni
697 833 856 896 ergo
909 834 1001 877 ex
1048 833 1250 878 causa
1297 811 1581 896 gratiam
1632 810 1819 876 illam
1881 830 2055 894 quae
2113 809 2278 875 data
2336 817 2441 874 est
2491 807 2614 873 tibi
2668 829 2711 873 a

285 915 562 981 Christo
621 915 710 980 ob
770 904 1049 980 eliorum
1111 916 1471 980 utilitatem
1531 914 1730 978 rebus
1791 915 1952 997 ipsis
2011 914 2297 978 ostende
2321 933 2338 992 ;
2410 914 2707 979 studium

282 1030 486 1084 tuum
541 1028 619 1084 ut
669 1040 870 1085 omne
934 1020 1404 1103 quodcumque
1474 1040 1798 1104 magnum
1869 1028 1972 1083 est
2041 1039 2193 1082 cum
2265 1016 2710 1082 sollicitudine
2786 1025 2817 1094 5

285 1124 459 1188 illud
491 1144 669 1207 agaS,
702 1132 772 1188 et
815 1145 988 1207 quae
1033 1146 1075 1189 a
1119 1147 1229 1189 me
1275 1124 1520 1189 audisti
1546 1124 1937 1207 frequenter
1980 1123 2141 1188 dum
2188 1122 2355 1187 alios
2400 1123 2710 1188 docerem

282 1226 510 1291 —hoc
540 1230 719 1292 enim
751 1228 954 1293 dicit:
970 1239 1099 1311 per
1122 1232 1358 1294 multos
1385 1229 1818 1294 testes—haec
1858 1250 2143 1315 propera
2170 1236 2241 1293 et
2271 1229 2414 1312 ipse
2450 1226 2710 1306 docere,

287 1353 431 1396 non
477 1333 829 1415 quoslibet,
862 1334 980 1399 sed
1024 1355 1192 1417 quos
1234 1335 1488 1399 discere
1527 1335 1658 1398 ista
1696 1333 1973 1398 idoneos
2009 1354 2155 1398 esse
2194 1331 2564 1408 existimas,
2596 1331 2711 1413 qui

286 1436 591 1522 poterint
621 1435 877 1501 lucrum
907 1436 1146 1503 horum
1187 1445 1258 1503 et
1288 1439 1357 1503 in
1389 1436 1555 1503 alios
1585 1437 1914 1521 proferre!
2003 1438 2252 1503 deinde
2293 1446 2363 1503 et
2390 1433 2712 1518 exemplo

286 1559 451 1605 eum
484 1539 847 1604 adhortans
877 1540 1082 1607 dicit:
2623 1591 2634 1602 .
2747 1549 2826 1598 10

427 1702 501 1758 tu
528 1713 678 1775 ergo
704 1692 1056 1772 conlabora,
1088 1692 1286 1776 quasi
1307 1692 1511 1758 bonus
1538 1692 1727 1759 miles
1760 1692 2013 1760 Christi
2038 1693 2207 1759 Im.

427 1820 728 1885 ‘imitare
781 1820 1026 1886 milites
1072 1822 1262 1886 istius
1314 1821 1583 1902 saeculi,
1630 1832 1699 1887 et
1744 1823 2026 1887 militem
2072 1830 2142 1887 te
2188 1820 2433 1887 Christi
2480 1823 2713 1887 existi-

210 1989 221 1999 ,
293 1944 509 2002 manS,
569 1944 774 1988 omne
832 1926 1013 2007 quod
1074 1925 1315 1990 durum
1377 1934 1481 1989 est
1540 1933 1610 1990 et
1672 1926 2082 1990 laboriosum
2142 1925 2711 2009 contemplatione

289 2027 566 2112 pietatis
616 2027 784 2091 ferre
837 2026 1241 2112 depropera.'
1346 2038 1417 2093 et
1467 2029 1616 2112 ipso
1663 2028 1980 2113 exemplo
2028 2029 2198 2094 dans
2246 2028 2307 2092 ei
2359 2030 2709 2096 consilium

293 2132 581 2196 adiecit:
2749 2127 2819 2196 15

426 2303 607 2346 nemo
654 2282 954 2347 militans
996 2282 1137 2346 Deo
1185 2282 1474 2366 implicat
1519 2302 1590 2345 se
1643 2280 1917 2365 negotiis·
1959 2281 2401 2348 saecularibus
2420 2306 2452 2362 ,·
2516 2293 2595 2349 ut
2652 2284 2719 2350 ei

280 2385 497 2469 possit
517 2385 770 2468 placere
788 2387 899 2450 cui
922 2407 999 2449 se
1004 2386 1336 2469 probauit.

385 2517 594 2582 ‘scito
649 2514 913 2602 (inquit)
974 2515 1293 2600 quoniam
1353 2514 1469 2598 qui
1522 2511 1761 2579 uolunt
1818 2522 1978 2580 ante
2038 2515 2270 2580 omnia
2327 2515 2397 2580 in
2474 2514 2714 2581 militia

398 2709 426 2743 ο
461 2700 606 2744 erunt
640 2700 691 2744 et
717 2691 832 2758 (sor
864 2710 907 2743 s.
931 2690 1103 2756 etiam)
1127 2708 1162 2743 r
1373 2712 1406 2757 4
1438 2693 1504 2742 ab
1529 2690 1643 2757 (for
1662 2689 1748 2755 ob)
1772 2692 1842 2741 Η
1858 2688 1867 2756 Ι
1896 2692 2158 2743 ostendere
2190 2692 2261 2742 Η
2466 2710 2494 2757 5
2529 2693 2593 2744 sit
2618 2694 2717 2759 (afl

292 2774 456 2841 tuum)
478 2776 585 2827 add
601 2791 635 2825 r
824 2774 856 2824 6
888 2790 936 2824 a.
959 2775 1142 2824 docere
1176 2771 1293 2838 (jor
1322 2774 1443 2823 dum
1475 2791 1522 2823 a.
1563 2773 1817 2831 docerem)
1855 2772 1926 2821 Η
2101 2785 2128 2837 7
2162 2774 2285 2824 dicit
2316 2789 2396 2823 om
2428 2775 2496 2825 Η
2511 2773 2522 2837 Ι
2551 2791 2704 2841 prop·

291 2867 432 2909 terea
457 2856 572 2923 (jor
590 2854 822 2922 propera)
857 2872 891 2906 r
1057 2856 1089 2905 8
1121 2855 1372 2921 quoslibet
1393 2854 1482 2906 sed
1501 2870 1583 2904 om
1601 2853 1673 2904 Η
1687 2853 1697 2918 Ι
1727 2869 1835 2904 esse
1858 2869 1934 2905 ex.
1962 2868 2091 2920 quae
2112 2854 2183 2903 Η
2224 2869 2288 2904 ex
2309 2855 2396 2920 qui
2419 2871 2453 2904 r
2649 2873 2704 2908 11

290 2939 471 2989 labora
503 2938 630 2988 sicut
661 2939 714 2988 b.
748 2954 814 2988 m.
850 2938 902 2987 in
936 2937 1139 2987 Christo
1163 2937 1278 2985 Iesu
1301 2951 1334 2984 r
1536 2947 1593 2999 15
1629 2934 1783 2985 adicit
1811 2935 1856 2983 C
1873 2949 1906 2982 r
2123 2933 2185 2985 ¹6
2216 2935 2551 2986 saecularibus
2581 2953 2660 2986 om
2683 2953 2717 2987 r

301 3033 362 3082 17
397 3018 596 3084 placare
624 3019 692 3068 H
708 3017 717 3084 Ι
747 3019 942 3084 placeat
966 3018 1085 3081 (for
1103 3032 1153 3081 p.
1178 3017 1271 3082 pl.)
1293 3030 1327 3064 r
1605 3016 1665 3065 18
1699 3013 1957 3064 uoluntate
1980 3014 2095 3077 (for
2113 3014 2290 3065 uolunt
2310 3016 2447 3076 ante)
2476 3016 2521 3065 C
2538 3017 2608 3066 Η
2617 3033 2652 3065 r
2673 3013 2684 3081 Ι

294 3101 439 3151 omni
471 3100 590 3165 (sor
616 3100 807 3161 omnia)
836 3100 879 3149 C
904 3099 1061 3160 (corr)
1092 3098 1229 3148 bona
1260 3112 1294 3146 r
2311 3124 2317 3129 -

366 3264 416 3301 ο.
477 3251 583 3301 sint
610 3247 781 3311 etiam]
804 3248 958 3313 Aug„
988 3245 1132 3297 “sint
1147 3253 1197 3296 et
1208 3245 1260 3307 ;'’
1279 3244 1450 3311 vulg„
1556 3242 1713 3294 “siue
1750 3244 2119 3308 ‘praesentibus
2155 3244 2526 3299 multis’...siue
2553 3250 2712 3315 ‘quae

300 3335 490 3383 “erunt
511 3328 616 3382 et.”
1550 3326 1673 3384 dixi,
1693 3326 1861 3377 multis
1875 3328 2233 3392 prophetarum
2248 3331 2490 3398 exemplis
2506 3339 2556 3382 et
2578 3333 2715 3385 testi-

365 3413 412 3465 6.
483 3430 609 3480 quae
632 3429 666 3462 a
696 3428 787 3473 me,
809 3410 928 3474 δια]
961 3409 1237 3460 Lanfranc:
1277 3410 1453 3475 “quae
1555 3408 1739 3459 moniis
1760 3408 2084 3458 confirmant·
2105 3409 2136 3433 ”

298 3496 481 3546 audisti
512 3511 544 3544 a
573 3509 655 3544 me
675 3493 800 3557 freq.
827 3492 954 3541 alios
982 3491 1163 3541 docere
1191 3489 1324 3553 [sic];
1358 3491 1455 3541 hoc
1619 3505 1668 3556 9.
1727 3491 1973 3556 poterint]
2039 3491 2120 3543 Cf.
2154 3492 2356 3558 Bensly,
2390 3494 2469 3546 M
2497 3495 2578 3557 F..
2622 3511 2712 3561 pp.

298 3578 437 3639 dicit,
464 3574 588 3627 δεῦθ’
1557 3584 1637 3636 72,
1661 3574 1740 3623 88.
2593 3642 2598 3645 ,

363 3662 486 3710 dum
526 3660 649 3709 alios
687 3658 913 3717 docerem,
958 3653 1074 3716 &c.]
1128 3652 1211 3704 Cf.
1251 3654 1456 3718 Chrys-2
1626 3670 1702 3705 11.
1771 3662 1831 3706 tu
1871 3671 1986 3720 ergo
2025 3655 2307 3719 conlabora]
2360 3656 2425 3706 οὐ
2465 3651 2548 3705 οὖν
2593 3674 2712 3720 συγ-

299 3744 349 3792 ·rl
385 3744 516 3792 ἐστὶν
561 3747 575 3770 ⁸
593 3739 669 3791 διὰ
698 3757 753 3792 π.
778 3757 830 3799 μ..
847 3737 880 3800 ;'
919 3736 1093 3787 ὡσανεὶ
1126 3738 1323 3798 ἔλεγεν
1376 3734 1456 3785 ὀὔ
1555 3733 2045 3797 κακοτᾶθησον-ὡε
2080 3737 2286 3803 reading
2316 3737 2377 3787 of
2403 3737 2582 3803 Chrys.
2609 3740 2713 3789 and

299 3820 458 3885 λάθρα
504 3820 709 3883 ἤκουσας
760 3821 869 3871 οὐδὲ
916 3816 1090 3883 κρυφῇ,
1138 3816 1265 3869 ἀλλὰ
1317 3820 1454 3868 πολ·
1554 3818 1743 3877 Thdt.;
1800 3820 1886 3870 the
1924 3820 2074 3870 Latin
2112 3820 2332 3870 versions
2366 3820 2496 3872 have
2529 3821 2714 3888 simply

299 3909 420 3957 λῶν
450 3908 768 3969 παρόντων,
789 3904 912 3962 μετὰ
927 3900 1236 3966 παρρησίας.’
1269 3902 1455 3952 Thdt.:
1558 3902 1779 3953 “labora
1798 3901 1828 3924 ’²
1875 3903 2060 3968 (comp.
2107 3902 2141 3953 ἰ.
2191 3904 2260 3965 8),
2313 3919 2373 3953 or
2425 3904 2710 3970 [Bon-nen]

298 3987 422 4051 ὅπερ
472 3985 680 4047 ἤκουσάς
727 4004 821 4048 μου
868 3990 1078 4039 πολλοὺς
1121 3986 1454 4037 διδάσκοντος·
1562 3985 1913 4036 “collabora.”

298 4067 445 4121 τοῦτο
464 4066 565 4131 ’γὰρ
585 4071 686 4130 ἔφη
710 4070 812 4117 ’διὰ
832 4071 1031 4118 πολλῶν
1050 4068 1121 4130 μ.’
1170 4070 1255 4118 An
1278 4067 1469 4118 earlier·
1625 4067 1702 4118 16.
1767 4084 1910 4118 nemo
1931 4068 2162 4119 militans
2175 4069 2304 4132 Deo]
2345 4070 2395 4120 1t
2415 4086 2511 4122 can
2533 4071 2713 4139 hardly

299 4154 596 4215 interpreter
639 4148 823 4209 (Clem.
858 4149 1005 4198 Alex.
1044 4157 1123 4213 ap.
1162 4149 1313 4209 Oec.)
1350 4164 1456 4198 saw
1552 4147 1620 4199 be
1642 4149 1855 4214 thought
1875 4150 1986 4199 that
2016 4149 2135 4211 Th.,
2161 4151 2284 4201 with
2304 4152 2361 4201 F
2377 4154 2480 4203 and
2508 4154 2566 4211 G,
2589 4155 2712 4206 read

300 4234 353 4285 in
388 4231 528 4282 these
563 4232 763 4294 “many
784 4228 1075 4279 witnesses”
1105 4229 1188 4279 the
1204 4230 1333 4280 Law
1352 4231 1463 4279 and
1556 4250 1727 4295 στρατ.
1766 4231 1839 4295 τῷ·
1868 4230 1978 4296 θεῷ.
2055 4233 2167 4284 The
2197 4234 2363 4285 whole
2391 4252 2545 4296 verse,
2580 4253 2638 4288 as
2668 4238 2709 4289 it

299 4317 380 4368 the
449 4308 959 4380 prophta—rvbrvm
1028 4311 1123 4376 γὰρ
1186 4311 1455 4368 ἀπόστολος
1554 4313 1728 4364 stands
1776 4314 1830 4363 in
1885 4329 1977 4363 our
2019 4314 2330 4377 translation,
2368 4319 2411 4368 is
2447 4319 2708 4371 borrowed

300 4397 511 4447 ἐποιεῖτο
551 4392 787 4458 μάρτυρας
832 4390 922 4443 τοῦ
960 4395 1081 4442 ἰδίου
1131 4390 1453 4458 κηρύγματος.
1552 4395 1683 4444 from
1705 4394 1792 4444 the
1814 4395 1985 4460 Vulg„
2007 4394 2130 4444 with
2153 4396 2238 4446 the
2258 4397 2419 4463 single
2443 4399 2636 4464 change
2657 4399 2718 4449 of

300 4478 531 4543 Pelagius
550 4477 691 4543 gives
710 4475 837 4525 both
858 4474 1012 4525 views
1032 4491 1088 4525 as
1109 4475 1452 4527 altemativesz
1549 4477 1743 4542 placeat
1758 4477 1867 4528 into
1889 4477 1976 4527 the
1997 4478 2325 4546 periphrastic
2337 4482 2528 4544 placere
2538 4484 2709 4548 possit.
