3221 5116
314 409 769 461 FRAGMENTS
814 409 907 460 OF
953 409 1108 459 THE
1154 408 1545 460 DOGMATIC
1593 406 1857 458 WORKS
1903 406 1997 457 OF
2043 406 2469 459 THEODORE.
2546 408 2674 474 309

251 584 503 663 ἅκριβὸς
555 584 947 662 ἐπισταμένου,
1004 582 1097 643 καὶ
1151 580 1219 658 δὴ
1272 577 1416 659 προς

252 684 359 761 τὴν
389 684 593 745 τούτου
627 681 950 760 βεβαίωσιν
979 679 1207 757 πολλήν
1242 677 1415 739 αὐτοῦ

252 781 599 862 παρέχοντος
644 783 718 859 τῇ
762 779 938 860 οἰκείᾳ
985 778 1268 856 ἐνοικήσει
1308 778 1417 852 τὴν

255 877 583 958 συνεργείαν
622 876 764 953 ὑπὲρ
810 880 913 952 τῆς
958 874 1219 937 ἁπάντων
1257 873 1418 952 ήμῶν

255 975 552 1051 σωτηρίας.
642 971 774 1035 ὅθεν
827 970 955 1032 οὐδὲ
1006 969 1222 1034 ἀδικίας
1267 970 1419 1030 εἴποι

254 1095 341 1136 τις
405 1071 473 1133 τὰ
538 1070 693 1149 παρὰ
758 1068 973 1134 πάντας
1026 1065 1309 1146 ἐξαίρετόν
1360 1091 1419 1126 τι

1510 578 1926 658 operationem
1966 577 2334 640 habitatione
2376 597 2485 639 sua
2510 598 2674 657 prae·

1513 676 1710 737 stabat
1730 695 1842 754 pro
1863 674 2132 737 omnium
2158 685 2432 736 nostrum
2460 676 2668 737 salute.

1514 773 1676 835 unde
1733 793 1846 834 nec
1900 770 2185 835 iniustum
2242 772 2404 833 dicat
2457 771 2673 849 aliquis

1511 890 1662 944 esse,
1712 870 1877 948 quod
1921 880 2154 948 praeter
2194 888 2407 931 omnes
2453 867 2674 948 praeci-

1512 988 1702 1046 puum
1757 968 1981 1046 aliquid
2026 969 2233 1029 datum
2276 987 2408 1029 esse
2448 967 2533 1028 illi
2570 969 2674 1029 ho-

1513 1065 1659 1126 mini
1688 1064 1791 1143 qui
1819 1087 1858 1127 a
1886 1064 2155 1128 Domino
2182 1067 2536 1144 adsumptus
2566 1076 2672 1128 est.

255 1169 663 1250 παρισχῆσθαι
727 1174 806 1248 τῷ
871 1164 983 1229 11πό
1051 1171 1157 1227 τοῦ
1223 1164 1417 1241 κυρίου

257 1267 538 1345 ληφθέντι
564 1264 852 1346 ἀνθρώπῳ.

461 1449 515 1508 3.
602 1427 761 1512 [Act.
791 1430 982 1492 Cone.
1018 1428 1139 1490 CP.
1171 1425 1229 1488 ii.
1265 1444 1345 1488 ιν.
1384 1444 1452 1503 17
1488 1427 1551 1506 (“
1569 1425 1841 1488 eiusdem
1868 1422 2175 1487 Theodori
2201 1444 2276 1487 ex
2303 1423 2458 1486 libro

714 1543 927 1611 quarto
950 1532 1191 1592 decimo
1219 1531 1299 1592 de
1328 1530 1752 1591 Incarnatione
1769 1529 1845 1606 ”).
1933 1528 2063 1607 Vig.
2102 1525 2216 1610 18].

380 1648 459 1709 Ε1
487 1648 819 1709 secundum
846 1647 998 1707 duas
1025 1643 1283 1707 rationes
1310 1645 1510 1704 locum
1540 1642 1816 1721 imaginis
1843 1642 2091 1704 obtinet.
2163 1641 2269 1720 qui
2289 1641 2451 1704 enim
2472 1654 2680 1704 amant

256 1745 570 1822 quosdam,
593 1755 731 1823 post
759 1754 1014 1804 mortem
1041 1760 1249 1803 eorum
1277 1740 1516 1819 saepius
1543 1739 1831 1819 imagines
1857 1751 2203 1815 statuentes,
2234 1742 2351 1803 hoc
2379 1742 2679 1805 sufficiens
2710 1761 2784 1801 10

257 1840 464 1902 mortis
491 1839 771 1902 solatium
797 1840 1019 1901 habere
1055 1837 1449 1915 arbitrantur3
1487 1848 1549 1899 et
1589 1856 1729 1898 eum
1771 1836 1877 1915 qui
1917 1855 2043 1899 non
2083 1837 2322 1900 uidetur
2359 1859 2474 1901 nee
2514 1860 2680 1917 prae-

257 1959 395 2001 sens
422 1949 513 2000 est
542 1950 848 2015 tamquam
888 1938 950 1999 in
993 1936 1252 2016 imagine
1293 1936 1687 2015 suspicientes
1728 1946 1941 2014 putant
1983 1937 2205 2013 uidere,
2250 1937 2333 2000 ita
2371 1939 2675 1999 flammam

257 2037 538 2100 desiderii
575 2047 636 2099 et
672 2036 941 2115 uigorem
979 2037 1300 2114 placantes.
1387 2035 1497 2095 sed
1523 2032 1705 2094 etiam
1733 2032 1818 2095 illi
1854 2034 1957 2112 qui
1994 2055 2104 2113 per
2137 2035 2411 2099 ciuitates
2451 2038 2678 2099 habent

258 2133 685 2213 imperatorum
752 2132 1059 2212 imagines„
1120 2142 1429 2209 tamquam
1498 2141 1845 2208 praesentes
1912 2142 1975 2193 et
2042 2131 2318 2194 uidentes
2387 2133 2680 2196 honorare

258 2231 537 2293 uidentur
578 2250 685 2292 eos
727 2229 834 2308 qui
877 2249 1001 2290 non
1047 2240 1186 2290 sunt
1228 2238 1589 2307 praesentes,
1629 2229 1792 2289 cultu
1836 2239 1898 2290 et
1937 2228 2288 2291 adoratione
2330 2228 2676 2310 imaginum.
2713 2250 2780 2312 15

257 2325 372 2387 ista
411 2339 614 2389 autem
659 2338 910 2405 utraque
950 2344 1057 2404 per
1098 2323 1267 2385 illum
1309 2324 1753 2401 adimplentur3
1797 2343 2010 2386 omnes
2048 2324 2210 2385 enim
2254 2325 2356 2403 qui
2398 2345 2539 2386 cum
2575 2324 2681 2389 illo

259 2436 400 2487 sunt
427 2435 488 2487 et
516 2425 795 2485 uirtutem
826 2431 1155 2501 sequuntur
1181 2433 1242 2482 et
1271 2421 1609 2483 debitorum
1640 2423 1778 2483 Deo
1814 2424 2008 2499 parati
2047 2423 2396 2498 redditores,
2425 2423 2681 2504 diligunt

260 2542 397 2584 eum
425 2534 487 2584 et
513 2521 692 2583 ualde
719 2521 1034 2583 honorant.
1123 2529 1184 2581 et
1211 2518 1518 2581 caritatem
1546 2518 1791 2598 quidem
1820 2517 1894 2595 ei,
1924 2519 2131 2581 diuina
2157 2531 2369 2582 natura
2387 2520 2528 2584 licet
2554 2543 2678 2587 non

259 2618 637 2698 adspiciatur,
661 2615 1037 2695 adimplent
1020 2635 1081 2675 111
1112 2614 1215 2677 1110
1243 2615 1348 2693 (1111
1375 2618 1455 2677 ab
1483 2614 1765 2677 omnibus
1792 2616 2047 2690 uidetur,
2072 2616 2157 2678 sic
2178 2617 2463 2679 omnibus
2483 2619 2678 2681 existi·

260 2715 563 2775 mantibus
589 2725 656 2774 ut
683 2713 878 2792 ipsum
908 2711 1251 2775 uidentibus
1278 2730 1387 2789 per
1413 2710 1578 2772 illum
1619 2722 1682 2773 et
1720 2710 1808 2773 1111
1849 2732 2089 2791 semper
2127 2714 2580 2822 praesentibus3
2619 2727 2681 2779 et
2710 2738 2786 2778 20

258 2813 553 2872 honorem
585 2828 729 2871 uero
764 2827 1005 2870 omnem
1042 2806 1128 2868 sic
1165 2807 1514 2869 adtribuunt
1554 2819 1864 2886 tamquam
1905 2807 2150 2887 imagini
2191 2808 2498 2919 imperiali,
2540 2830 2680 2871 cum

260 2907 433 2985 quasi
474 2907 537 2968 in
578 2906 714 2985 ipso
754 2905 829 2966 sit
870 2904 1076 2966 diuina
1116 2916 1329 2965 natura
1368 2916 1431 2966 et
1471 2904 1697 2983 inipso
1726 2916 2047 2984 spectetur.
2139 2905 2190 2967 si
2217 2905 2379 2967 enim
2408 2918 2468 2968 et
2497 2907 2680 2969 Filius

261 3015 354 3066 est
379 3004 483 3082 qui
509 3003 841 3064 inhabitare
868 3001 1099 3075 dicitur,
1129 3002 1237 3063 sed
1264 3021 1406 3061 cum
1433 3021 1510 3063 eo
1537 3014 1630 3063 est
1658 3001 1838 3064 etiam
1880 3004 2072 3076 Pater,
2109 3014 2170 3065 et
2209 3002 2684 3082 inseparabiliter

262 3100 616 3162 omnimodo
644 3100 723 3161 ad
753 3099 969 3161 Filium
998 3119 1129 3161 esse
1155 3101 1234 3161 ab
1262 3097 1430 3161 omni
1457 3099 1715 3160 creditur
1743 3111 2049 3175 ercamra5
2089 3110 2150 3162 et
2191 3099 2441 3178 Spiritus
2480 3113 2683 3162 autem

263 3218 388 3258 non
431 3198 619 3270 abest,
669 3207 879 3273 utpote
926 3194 1108 3256 etiam
1164 3194 1228 3255 in
1271 3195 1409 3256 loco
1456 3192 1758 3255 unctionis
1803 3196 1996 3256 factus
2045 3195 2118 3269 ei,
2166 3207 2227 3257 et
2273 3215 2412 3256 cum
2468 3215 2546 3258 eo
2592 3208 2684 3258 est
2714 3219 2786 3280 25

261 3313 497 3372 semper
522 3293 626 3371 qui
652 3294 1006 3370 adsumptus
1034 3302 1142 3352 est.
1225 3302 1287 3353 et
1314 3310 1439 3351 non
1468 3290 1807 3353 mirandum
1836 3302 1945 3366 est,
1974 3310 2114 3352 cum
2143 3290 2322 3354 etiam
2351 3292 2414 3353 in
2440 3293 2684 3370 quibus-

260 3392 409 3453 libet
435 3390 781 3452 hominibus
814 3390 1095 3451 uirtutem
1134 3388 1521 3467 sequentibus
1562 3409 1702 3450 cum
1747 3389 1901 3450 Filio
1941 3401 2002 3452 et
2045 3392 2223 3453 Pater
2261 3410 2393 3452 esse
2433 3390 2647 3451 dicitur
2662 3412 2684 3466 ς

263 3494 550 3552 ueniemus
576 3488 737 3551 enim
763 3496 821 3549 et
840 3508 935 3567 egv
958 3496 1016 3548 et
1039 3489 1237 3561 Pater,
1265 3495 1320 3548 et
1344 3488 1693 3548 mansionem
1719 3489 1885 3565 apud
1905 3490 2092 3566 ipsum
2102 3488 2453 3566 saa‘emus*.
2518 3487 2686 3565 quod

260 3602 459 3652 autem
516 3602 578 3653 et
633 3588 885 3668 Spiritus
939 3586 1237 3650 eiusmodi
1288 3584 1602 3647 hominum
1657 3584 2070 3665 inseparabilis
2131 3597 2241 3663 est,
2297 3595 2526 3646 certum
2593 3597 2686 3647 est

262 3688 558 3750 omnibus.
2710 3705 2792 3762 30

1303 3877 1485 3937 Boox
1526 3891 1628 3935 xv,

486 4011 535 4051 1.
623 3987 783 4072 [Fac.
816 3990 890 4049 ix.
927 4009 962 4066 3
990 3992 1053 4071 (“
1070 3949 1283 4067 quinto
1310 3987 1549 4050 decimo
1577 3988 1890 4051 libro...de
1919 3989 2341 4053 Incarnatione
2360 3985 2469 4073 ”>].

387 4106 638 4181 Propter
676 4103 844 4180 quod
884 4113 1204 4180 utrumque
1243 4101 1398 4164 iuste
1438 4101 1594 4163 filius
1634 4113 1903 4179 uocatur,
1945 4122 2068 4164 una
2107 4105 2401 4167 existente
2427 4123 2685 4184 persona

261 4203 442 4281 qua'm
472 4198 759 4263 adunatio
786 4211 1130 4262 naturarum
1158 4200 1370 4262 effecit.

367 4345 424 4394 ¹3
457 4328 712 4380 ciuitatem
749 4329 800 4380 V

267 4424 323 4461 υ
360 4409 413 4460 111
436 4408 544 4476 (bes
553 4408 683 4476 ipso)
706 4424 784 4460 on
819 4410 870 4458 V

1023 4343 1081 4393 ¹4
1114 4328 1363 4381 uidendos
1389 4330 1434 4382 C
1698 4345 1755 4394 ¹7
1775 4330 1875 4383 Dei
1898 4332 1944 4382 C
1972 4332 2025 4381 V

1055 4423 1118 4474 27
1155 4411 1302 4462 Patre
1335 4411 1386 4459 V
1574 4426 1638 4479 29
1670 4411 1956 4463 huiusmodi
1983 4413 2043 4466 V

1211 4501 1239 4527 ⁴*
1275 4502 1331 4553 S.
1352 4501 1488 4568 John
1512 4501 1610 4552 xiv.
1638 4518 1720 4568 ²3·

2280 4347 2338 4399 ¹9
2370 4334 2616 4399 adimplet
2642 4332 2690 4385 C
