3221 5116
260 414 315 483 5,
347 404 433 489 6.]

997 412 1078 464 IN
1129 412 1233 463 ΕΡ.
1281 411 1381 461 AD
1430 407 1955 460 PHILEMONEM.

2552 403 2674 468 273

258 602 326 656 te
373 611 504 676 ago
539 591 722 655 Deo?
811 599 879 654 et
928 607 1198 653 causam
1254 587 1468 668 ipsam
1531 581 1837 646 indicans
1890 599 2012 663 pro
2065 598 2197 661 qua
2245 575 2492 660 gratias
2539 575 2679 657 agit

264 696 431 772 De0,
463 716 548 760 ne
578 693 917 759 uideretur
946 690 1250 755 absolute
1279 687 1542 752 donans
1575 684 1642 749 id
1674 684 1929 747 dicere:

386 850 662 915 audiens
722 848 994 933 (inquit)
1071 844 1408 910 caritatem
1482 852 1667 905 tuam
1726 849 1789 902 et
1827 835 2038 921 fidem
2090 856 2288 918 quam
2346 832 2537 900 habes
2594 832 2692 897 ad

259 952 600 1017 dominum
631 953 849 1018 Iesum
884 949 1237 1018 Christum.

267 1294 637 1360 Dominum
669 1304 770 1359 est
803 1296 869 1359 in
903 1293 1248 1378 proposita
1281 1291 1547 1356 animae
1577 1287 1882 1352 habetur.

391 1466 455 1520 et
484 1454 555 1520 in
584 1476 798 1520 omnes
825 1464 1091 1519 sanctos.

396 1615 486 1659 ex
532 1592 661 1659 hoc
704 1616 864 1678 ergo
909 1602 977 1658 et
1024 1593 1187 1657 illud
1234 1591 1699 1674 cognoscitur;
1746 1607 1901 1651 nam
1949 1605 2109 1668 erga
2149 1591 2417 1647 sanctos
2447 1579 2687 1644 caritas

265 1698 334 1760 in
385 1697 698 1780 operibus
741 1699 1204 1761 demonstrata
1257 1692 1574 1758 affectum
1649 1710 1851 1774 quern
1927 1708 2087 1771 erga
2148 1687 2371 1751 Deum
2433 1684 2688 1750 habens
2725 1701 2802 1749 10

267 1801 682 1885 comprobat.
772 1802 952 1866 unde
982 1809 1050 1866 et
1082 1799 1339 1885 optime
1370 1796 1616 1863 adicit:

398 1961 477 2017 ut
522 1952 1012 2017 communicatio
1047 1950 1221 2036 fidei
1266 1961 1413 2015 tuae
1450 1949 1742 2034 perfecta
1776 1948 1920 2032 fiat
1964 1946 2033 2010 in
2082 1943 2434 2028 cognitione
2481 1939 2692 2006 omnis

266 2053 572 2121 bonitatis
599 2075 761 2138 quae
790 2053 861 2119 in
891 2053 1072 2120 nobis
1099 2063 1195 2119 est
1223 2053 1293 2118 in
1332 2050 1593 2121 Cltristo
1624 2052 1789 2116 Iesu.

367 2243 395 2293 5
431 2229 734 2294 cognouistis
760 2229 837 2280 C*
923 2228 1241 2294 cognouisset
1264 2245 1296 2278 r
1319 2227 1329 2292 Ι
1358 2228 1609 2278 uideretur
1633 2242 1665 2275 r
2031 2224 2065 2275 6
2098 2224 2293 2274 donans
2314 2226 2361 2274 ei
2384 2224 2479 2274 ista
2500 2222 2626 2275 dicis
2653 2224 2697 2275 C

267 2311 456 2361 donata
476 2311 522 2362 ei
545 2311 641 2362 ista
661 2326 694 2361 a
713 2310 921 2362 domino
942 2318 1106 2362 essent
1129 2328 1162 2360 r
1473 2321 1501 2373 7
1536 2307 1793 2375 prepositu
1823 2307 1897 2358 C*
1986 2306 2300 2372 propositum
2325 2322 2358 2354 r
2631 2322 2692 2358 ro

271 2390 426 2442 habet
453 2392 500 2443 C
518 2389 692 2457 (corde
727 2391 883 2442 habes
906 2407 940 2440 r
956 2392 983 2440 Ι
1261 2406 1313 2442 n
1352 2389 1536 2441 adiecit
1555 2390 1582 2438 1

339 2556 384 2606 3.
478 2540 550 2590 ad
574 2538 835 2591 dominum
861 2539 909 2591 J.
939 2538 1084 2601 Chr..
1111 2537 1436 2602 διο.]ε·-πρὸς

274 2624 359 2673 τὸν
386 2619 565 2685 Κύριον
584 2619 645 2672 Ἰ.
674 2618 974 2685 [ψΧριστόν
984 2621 1047 2683 ?]‚
1071 2622 1154 2671 καὶ
1173 2623 1261 2679 εἰς,
1284 2623 1430 2671 κ.τ.λ.

276 2703 447 2767 Vulg.,
514 2701 619 2752 “in
673 2702 882 2752 domino
941 2701 1055 2752 Iesu
1119 2702 1195 2765 [ψ
1215 2703 1432 2762 Christo,

280 2783 523 2847 Clarom.]
566 2793 616 2835 et
661 2783 714 2835 in
750 2800 926 2835 omnes
961 2783 1216 2836 sanctos.”
1304 2785 1436 2836 Cod.

276 2864 461 2913 Boem.
483 2876 656 2926 agrees
678 2861 802 2912 with
823 2877 915 2911 our
935 2862 1203 2913 translator
1223 2860 1277 2911 in
1296 2877 1439 2926 vary-

274 2944 367 3009 ing
405 2943 493 2994 the
529 2942 838 3010 preposition
879 2942 1015 3008 (“ad
1058 2943 1440 2995 dominum...in

278 3040 453 3076 omnes
474 3031 676 3075 sanctos
690 3024 761 3086 '’).

344 3120 389 3169 5.
456 3105 503 3154 si
537 3120 638 3154 non
663 3105 872 3163 donans,
906 3104 1182 3167 &c.]=“si
1216 3119 1319 3155 non
1351 3105 1439 3155 do-

280 3195 449 3239 nasset
501 3185 627 3246 D..”
688 3187 834 3236 “nisi
889 3188 1111 3236 donante
1166 3185 1441 3237 Domin0.”

281 3269 380 3319 Th.
416 3283 588 3319 means
621 3274 675 3317 to
710 3282 832 3331 sayz
878 3267 1057 3319 ‘Faith
1089 3268 1192 3317 and
1224 3266 1340 3318 love
1368 3276 1441 3317 to-

281 3349 446 3400 wards
484 3348 656 3400 Christ
698 3364 785 3399 are
821 3365 1009 3414 among
1046 3349 1133 3399 the
1170 3356 1354 3400 secrets
1390 3346 1451 3399 of

282 3431 368 3482 the
405 3431 564 3490 beart,
598 3429 764 3480 which
801 3430 887 3481 the
917 3430 1161 3481 Smeher
1193 3429 1251 3479 of
1279 3429 1447 3481 hearts

284 3511 404 3575 only
425 3511 619 3560 knows.
687 3510 812 3560 Was
841 3510 963 3561 then
998 3510 1050 3561 S.
1079 3509 1245 3560 Paul’s
1273 3510 1445 3560 know·

284 3592 432 3657 iedge
448 3591 507 3643 of
525 3591 830 3642 Philemon's
846 3591 972 3643 saith
988 3593 1088 3642 and
1112 3592 1226 3643 love
1242 3593 1448 3643 derived

284 3673 413 3723 from
436 3672 594 3723 direct
618 3671 892 3723 revelation
906 3673 931 3721 i*
987 3672 1059 3723 So
1083 3688 1158 3724 we
1179 3673 1361 3723 should
1383 3674 1447 3724 be

286 3754 569 3819 compelled
593 3762 647 3804 to
669 3754 932 3816 conclude,
946 3755 1038 3805 but
1059 3754 1136 3805 sor
1157 3755 1266 3805 that
1283 3754 1447 3806 which

286 3834 510 3886 follows’
534 3835 591 3900 (1.
609 3838 656 3897 8,
683 3835 749 3887 cf.
773 3836 809 3886 1.
825 3851 873 3901 9,
900 3835 1020 3902 sq.).

355 3927 402 3978 9.
472 3929 533 3963 ex
552 3913 877 3979 boemenia-it]
911 3915 1060 3967 Cited
1080 3916 1150 3981 by
1173 3915 1419 3969 lanfranc
1433 3935 1450 3979 ς

290 4010 374 4046 see
394 4010 478 4044 vv.
495 3994 554 4045 11.

355 4091 471 4141 erga
504 4083 696 4127 sanctos
730 4078 936 4141 can‘tas]
995 4078 1048 4130 S.
1082 4080 1299 4144 Jerome,
1336 4080 1453 4131 who

290 4172 533 4224 supposes
577 4157 689 4208 that
733 4160 896 4211 πίστις
949 4175 1005 4211 as
1056 4160 1172 4210 well
1224 4175 1281 4211 as
1332 4159 1452 4224 ἁγά-

292 4255 366 4299 πη
405 4238 446 4288 is
492 4238 611 4289 here
648 4239 757 4290 said
792 4246 846 4289 to
880 4240 1009 4290 have
1038 4240 1167 4292 been
1201 4242 1453 4293 exercised

294 4322 512 4373 towards
533 4320 621 4373 the
650 4322 822 4381 saints,
844 4321 1109 4387 enqniresz
1148 4323 1455 4389 “quomodo

294 4403 506 4453 eandem
552 4401 704 4453 fidem
748 4402 801 4454 in
846 4403 1050 4453 Christo
1101 4404 1218 4455 Iesu
1269 4405 1454 4456 habere

297 4482 410 4548 quis
439 4483 594 4548 possit
625 4493 673 4535 et
703 4485 755 4535 in
788 4492 985 4536 sanctos
1011 4485 1118 4536 eius
1137 4483 1198 4534 ?”
1235 4486 1334 4535 and
1368 4501 1455 4536 an·

477 4597 528 4648 S.
563 4597 637 4650 11.

1532 2551 1685 2587 swern
1717 2535 1803 2587 the
1832 2535 2062 2601 question
2083 2533 2152 2600 by
2172 2534 2407 2600 virtually
2426 2536 2696 2602 admitting

1534 2621 1645 2671 that
1674 2621 1761 2671 the
1795 2619 1920 2670 saith
1954 2618 2117 2669 which
2150 2634 2267 2684 may
2299 2620 2364 2670 be
2397 2621 2607 2686 reposed
2643 2621 2694 2671 in

1535 2702 1623 2753 the
1654 2702 1811 2753 saints
1843 2701 1887 2751 is
1918 2700 2147 2752 different
2181 2701 2232 2752 in
2266 2701 2390 2752 kind
2424 2702 2551 2752 smm
2585 2702 2692 2754 that

1536 2780 1703 2831 which
1757 2786 1881 2830 rests
1931 2779 1984 2828 in
2037 2778 2172 2829 God.
2245 2778 2401 2830 Thdt.
2445 2780 2695 2845 improves

1537 2878 1675 2928 upon
1697 2860 1842 2912 ‘rh-’s
1869 2860 2149 2927 exposition
2179 2860 2247 2925 by
2268 2859 2507 2927 referring
2534 2863 2696 2914 πίστις

1539 2951 1592 2994 to
1615 2943 1784 2995 Christ
1806 2944 1926 3008 only
1956 2945 2056 2993 and
2089 2939 2256 3005 ἀγάπη
2287 2950 2341 2993 to
2374 2942 2460 2994 the
2494 2945 2694 2996 Saints:

1538 3024 1768 3082 μανθάνω
1800 3025 1899 3087 γὰρ
1931 3024 2052 3082 ὅσην
2080 3023 2170 3083 μὲν
2204 3024 2351 3083 ἐδέξω
2383 3024 2548 3074 πίστιν
2586 3028 2696 3089 περὶ

1538 3104 1623 3152 τὸν
1665 3102 1915 3154 σεσωκότα
1954 3101 2213 3163 δεσπότην·
2260 3104 2433 3166 ἡλίκην
2479 3107 2532 3155 δὲ
2568 3107 2696 3169 ἔχεις

1534 3178 1748 3244 ἀγάπην,
1777 3185 1856 3233 καὶ
1884 3181 2003 3244 ὅσης
2032 3182 2176 3245 ἀξιοῖς
2208 3185 2462 3249 θεραπείας
2493 3185 2601 3235 τοὺς
2632 3186 2698 3235 τὰ

1541 3264 1651 3311 θεῖα
1672 3262 1779 3323 περὶ
1806 3260 1992 3308 πολλοῦ
2014 3261 2331 3320 ποιουμένους.

1613 3357 1686 3393 10.
1745 3340 1973 3403 affcctum
2004 3356 2163 3404 quem,
2190 3341 2307 3405 &tc-J
2373 3341 2453 3394 Cr.
2477 3344 2696 3410 Thpht.:

1540 3424 1750 3484 ὀφείλεις
1767 3424 1846 3471 καὶ
1864 3424 1948 3473 τὸν
1965 3422 2228 3486 Ὀνήσιμον
2242 3422 2513 3489 ἀγαπῆσαι,
2529 3428 2698 3477 πιστὸς

1539 3503 1653 3568 γάρ,
1677 3506 1756 3555 ἵνα
1777 3508 1855 3555 καὶ
1880 3508 1962 3556 τὸν
1986 3505 2143 3571 κύριον
2166 3504 2326 3571 «pariis
2344 3506 2562 3572 ἆγαπῶυ.

1614 3602 1688 3640 12.
1743 3590 1974 3655 perfecta]
2033 3590 2145 3641 The
2164 3591 2314 3641 Latin
2330 3592 2556 3642 versions
2571 3592 2700 3641 have

1549 3672 1861 3723 “manifesta
1874 3671 1904 3694 ’⁹
1926 3689 1985 3723 or
2012 3672 2316 3732 “euidens,”
2337 3674 2546 3740 reading
2565 3677 2699 3738 trap-

1542 3754 1650 3815 γῆς.
1723 3753 1805 3804 Cf.
1831 3753 1884 3804 S.
1909 3755 2140 3819 Jerome:
2179 3755 2283 3805 “in
2305 3755 2502 3806 Graeco
2525 3755 2702 3806 melius

1543 3833 1757 3884 habetur
1800 3833 2041 3896 ‘efficax,’
2084 3833 2284 3898 ἐνεργής
2324 3834 2460 3885 enim
2504 3837 2704 3901 proprie

1548 3915 1801 3965 transferri
1845 3923 2011 3980 potest
2054 3914 2230 3965 efficax
2271 3914 2380 3966 siue
2421 3916 2702 3980 operatam

1548 4003 1604 4046 ut
1627 4011 1731 4045 non
1751 3997 1914 4046 solum
1938 3995 2090 4046 fidem
2112 3994 2257 4046 uobis
2277 4003 2330 4046 et
2360 3996 2619 4048 caritatem
2652 3998 2704 4047 in

1551 4076 1719 4127 Deum
1754 4083 1805 4127 et
1841 4076 1893 4126 in
1930 4083 2129 4128 sanctos
2165 4077 2273 4129 eius
2306 4077 2528 4129 sufficere
2560 4096 2707 4145 posse

1549 4158 1828 4219 credamus
1867 4157 1957 4208 sed
2001 4158 2053 4208 id
2092 4158 2229 4223 quod
2270 4160 2518 4211 credimus
2555 4176 2707 4226 opere

1551 4237 1916 4303 compleatur.’'
2002 4240 2327 4304 Cognitione3
2389 4241 2456 4292 Ο.
2481 4242 2545 4292 L.
2607 4245 2708 4293 and

1553 4320 1726 4385 Vulg.,
1759 4320 2118 4386 “agnitione‚”
2143 4323 2552 4390 “agnitionem”
2613 4326 2709 4375 Bo-

1554 4403 1727 4453 nitattk
1760 4401 1986 4469 (ἀγαθοῦ)
2000 4422 2018 4467 3
2065 4406 2232 4471 Vulg„
2273 4407 2499 4457 “boni.''
2577 4409 2716 4470 Quae

1549 4486 1608 4536 in
1650 4487 1789 4538 nobis
1824 4495 1896 4538 est
1905 4507 1925 4545 ,·
1971 4503 2028 4538 so
2072 4488 2255 4540 Thdt.:
2307 4489 2486 4553 Chrys.
2527 4505 2713 4541 wavers

2465 4592 2538 4653 18

2759 1823 2812 1880 μ
