3221 5116
290 395 420 461 ΙΙΙ.
460 393 666 479 1—4]
854 407 955 460 1N‘
987 408 1092 460 ΕΡ.
1137 409 1241 460 AD
1285 407 2036 462 THESSALomcansEs
2080 410 2124 461 1.
2626 411 2704 477 17

407 585 509 645 ‘et
553 601 754 646 omne
799 579 1111 664 quicquid
1159 580 1294 645 illic
1336 579 1498 645 boni
1536 581 1603 644 in
1651 579 1870 646 futura
1911 590 2350 664 expectamus
2399 583 2508 647 die
2544 591 2704 648 tunc

277 683 547 764 quando
578 684 893 749 adueniet
922 684 1235 748 dominus
1277 693 1502 747 noster
1547 684 1736 748 Iesus
1779 682 2081 749 Christus
2121 685 2208 748 ad
2250 685 2704 749 examinanda

277 785 622 865 uniuersa3
692 795 856 851 tunc
911 786 1000 851 ab
1060 786 1193 851 illis
1251 786 1589 852 laboribus
1649 808 1817 871 quos
1876 808 1999 871 pro
2059 788 2251 854 uobis
2299 790 2702 855 sustinemus

277 889 651 955 mercedem
682 890 875 954 nobis
905 890 992 955 ab
1022 892 1260 955 eodem
1293 890 1519 954 uenire
1550 888 2022 973 expectamus?

389 1035 661 1106 propter
705 1025 882 1108 quod
924 1025 1104 1090 ultra
1160 1047 1287 1089 non
1334 1025 1733 1101 sustinentes,
1773 1025 2264 1109 complacuimus
2300 1027 2474 1092 enim
2525 1028 2705 1093 nobis
2775 1039 2807 1108 5

274 1123 560 1207 relinqui
582 1128 644 1190 A
656 1126 864 1190 thenis·
889 1127 1059 1203 solis,
1079 1137 1142 1191 et
1169 1126 1471 1192 misimus
1499 1126 1900 1192 Timotheum
1912 1128 2211 1210 fratrem
2230 1140 2296 1193 et
2321 1128 2702 1194 ministrum

274 1229 407 1294 Dei
434 1229 505 1294 in
532 1229 860 1314 euangelio
893 1230 1155 1297 Christi.

402 1344 533 1410 hoc
591 1345 679 1411 ad
731 1346 896 1411 illud
955 1348 1246 1413 reddidit
1306 1347 1487 1432 quod
1547 1348 1830 1426 dixerat,
1883 1347 2069 1413 uolui
2119 1349 2341 1414 uenire
2385 1351 2483 1415 ad
2533 1374 2699 1429 uos,-

275 1446 626 1528 ‘quoniam
680 1467 838 1532 ergo
885 1449 1047 1513 illud
1093 1448 1370 1533 implere
1418 1450 1694 1513 minime
1741 1451 1949 1533 potui,
2004 1451 2175 1534 elegi
2230 1452 2507 1537 relinqui
2556 1454 2698 1538 ipse

273 1547 453 1611 solus
481 1547 789 1626 Athenis,
820 1560 888 1615 et
918 1551 1180 1615 mittere
1210 1551 1643 1617 Timotheum
1675 1552 1759 1615 ad
1793 1550 1950 1616 uos!
2038 1574 2171 1636 qua
2201 1574 2290 1619 ex
2321 1556 2568 1619 causa?
2734 1577 2811 1626 10

399 1689 497 1754 ad
537 1670 1015 1776 confirmandos
1055 1715 1169 1759 uos
1212 1705 1275 1759 et
1328 1695 1736 1760 consolandos
1771 1706 1898 1780 pro
1926 1696 2071 1782 fide
2114 1710 2346 1778 uestra,
2396 1710 2473 1765 ut
2521 1721 2700 1767 nemo

272 1803 610 1858 moueatur
637 1794 707 1858 in
738 1795 1264 1861 tribulationibus
1292 1798 1539 1887 uestris.

401 1914 533 1980 ‘ita
592 1924 667 1981 ut
723 1936 847 1980 uos
905 1917 1253 1983 confirmet
1312 1917 1781 1983 exhortatione
1851 1939 2120 1985 suorum
2197 1922 2551 1988 uerborum
2628 1934 2697 1989 et

272 2018 802 2103 animaequiores
859 2042 980 2085 sua
1026 2022 1404 2105 praesentia
1455 2022 1679 2100 saciat,
1734 2022 1828 2088 ita
1876 2031 1952 2086 ut
1997 2044 2132 2087 non
2185 2025 2439 2089 cedatis
2493 2027 2696 2094 tribu-

272 2117 631 2186 lationibus
661 2123 856 2187 uicti!
940 2125 1380 2189 ‘commoueri
1400 2124 1414 2151 ’
1445 2125 1609 2190 dicit
1639 2126 1804 2191 cedi.
1886 2135 1954 2191 et
1983 2128 2345 2194 ostendens
2376 2130 2695 2212 quoniam
2733 2146 2802 2213 15

273 2223 446 2291 iusta
475 2234 632 2291 sunt
660 2248 833 2311 quae
861 2227 1065 2292 dicit:

401 2356 529 2442 ipsi
551 2357 724 2425 enim
751 2360 933 2426 scitis
958 2359 1262 2445 quoniam
1294 2360 1365 2424 in
1393 2360 1506 2425 hoc
1516 2361 1725 2446 positi
1748 2383 1988 2430 sumus.

400 2488 470 2544 et
498 2479 677 2543 unde
705 2479 968 2545 sciunt?

329 2667 342 2680 .
398 2635 556 2679 nam
605 2615 860 2697 quando
904 2637 1165 2680 eramus
1209 2615 1389 2699 apud
1431 2637 1560 2694 uos,
1592 2616 2120 2699 praedicebamus
2170 2616 2348 2684 uobis
2381 2631 2696 2704 passuros

272 2738 386 2781 nos
412 2716 907 2794 tribulationem,
937 2717 1106 2782 sicut
1130 2729 1195 2783 et
1203 2720 1469 2801 sactum
1498 2727 1595 2782 est
1619 2727 1684 2782 et
1706 2717 1902 2783 scitis.
2721 2737 2807 2785 20

372 2893 395 2928 r
430 2878 505 2928 illi
545 2878 661 2944 (for
695 2878 816 2943 illic)
858 2879 934 2929 C*
961 2881 1047 2930 H:
1092 2895 1172 2930 om
1206 2896 1240 2929 r
1553 2893 1582 2944 3
1617 2879 1686 2929 ob
1727 2877 1842 2943 (sor
1871 2877 1956 2941 ab)
1996 2878 2128 2929 CH
2181 2877 2250 2930 ob
2282 2878 2398 2930 illos
2429 2878 2627 2931 labores
2661 2897 2694 2930 r

270 2979 301 3024 4
332 2959 474 3009 finire
498 2961 615 3025 (sor
632 2961 823 3022 uenire)
852 2961 896 3011 C
898 2949 976 3011 'H
979 2977 1011 3009 r
1283 2958 1317 3010 6
1354 2959 1532 3026 reliqui
1559 2960 1638 3011 C*
1668 2958 1677 3025 Ι
1706 2960 1801 3010 soli
1827 2961 1871 3010 C
1893 2960 2041 3022 (corr)
2316 2961 2347 3010 8
2381 2960 2639 3011 addixerat
2661 2978 2693 3011 r

275 3056 336 3092 10
366 3041 486 3090 solis
513 3040 591 3090 C*
848 3057 905 3092 η
941 3038 1459 3106 ἰεῑίε(]ὀνιιωῐι·ἱε)ν
1708 3040 2225 3102 14faciat0mCH=
2266 3038 2695 3106 txtrlitaomr

274 3134 332 3186 15
368 3122 503 3171 enim
527 3121 632 3186 (bes
644 3120 784 3186 dicit)
808 3123 912 3171 add
928 3139 961 3170 r
1220 3135 1286 3171 20
1319 3130 1370 3171 et
1395 3118 1483 3187 (ιο)
1506 3137 1586 3172 om
1608 3121 1676 3170 H

335 3276 383 3321 4.
450 3257 643 3319 uenire]
699 3258 795 3309 See
815 3274 896 3307 vv.
922 3258 976 3307 u.
1029 3258 1055 3306 1
1079 3257 1206 3308 have
1228 3257 1430 3322 printed
1524 3258 1691 3328 δισκεν.
1760 3257 1841 3307 Cf.
1865 3258 1920 3306 ii.>
1941 3255 1974 3307 6
1996 3257 2164 3323 (Gk.).

270 3342 349 3391 Dr
362 3340 582 3406 Jacobi’s
602 3340 937 3400 emendation,
960 3339 1125 3390 which
1141 3354 1354 3404 appears
1374 3347 1428 3389 to
1596 3354 1617 3388 1
1632 3352 1671 3388 ι.
1744 3340 2080 3402 consolandos]
2146 3339 2229 3389 Cf.
2252 3346 2371 3391 note
2393 3356 2462 3392 on
2489 3356 2532 3390 c.
2556 3341 2611 3391 ii.
2637 3355 2684 3405 3.

268 3423 336 3474 be
357 3422 589 3488 required
611 3423 680 3488 by
702 3422 788 3472 the
806 3422 968 3472 sense.
1536 3421 1715 3470 Vestris
1734 3422 1776 3471 is
1799 3423 2043 3487 probably
2065 3439 2097 3472 a
2118 3438 2254 3474 mere
2276 3424 2373 3489 slip
2396 3424 2474 3473 for
2496 3425 2618 3474 istis.

335 3517 381 3568 5.
453 3504 593 3553 ultra
636 3504 761 3566 non]
824 3504 1027 3564 μηκέτιε
1071 3502 1132 3553 cf.
1182 3503 1318 3569 Eph.
1370 3502 1421 3552 ii.
1597 3518 1617 3552 r
1626 3519 1673 3568 5.
1746 3505 2065 3554 ‘commouet-i
2076 3504 2089 3527 ’
2121 3505 2247 3555 dicit
2276 3505 2397 3567 cedi]
2433 3507 2686 3555 σαίνεσθαι

272 3601 349 3652 19,
379 3586 481 3635 and
514 3585 673 3648 infin,
708 3600 756 3633 v·
790 3597 838 3647 5.
910 3585 1097 3650 Compl.
1130 3585 1261 3634 enim
1294 3584 1430 3634 nobis
1523 3584 1663 3645 λέγει
1708 3584 1768 3633 τὸ
1811 3586 2021 3634 ἐνδοῦναι
2055 3585 2135 3647 (Ρ).
2207 3584 2286 3634 Cf.
2325 3585 2542 3650 Thpht.:
2577 3603 2684 3635 του·

271 3668 448 3720 ...solis
474 3684 635 3719 seems
665 3675 720 3717 to
748 3668 813 3716 be
834 3682 866 3715 a
886 3668 1098 3716 mixture
1126 3665 1187 3716 os
1211 3666 1298 3716 the
1326 3674 1428 3715 two
1522 3667 1691 3715 τέστιν
1731 3667 2053 3729 θορυβεῖσθαι,
2093 3666 2407 3728 χαυνοῦσθαι.
2473 3666 2560 3716 On
2596 3667 2683 3718 the

264 3753 628 3805 constructions
643 3751 874 3817 “placuit
887 3748 1257 3800 nobis...solis'’
1274 3749 1426 3810 (O.L.
1522 3748 1668 3798 other
1694 3747 1829 3797 hand
1862 3748 2160 3797 Severianus
2191 3747 2419 3807 (Cramer
2439 3749 2504 3798 vi.
2536 3746 2680 3813 353):

265 3837 368 3887 and
405 3833 598 3900 Vulg.)‚
637 3835 738 3885 and
778 3838 810 3862 “
826 3833 1379 3898 complacuimuS...soli
1397 3831 1426 3857 ’'
1523 3831 1609 3880 οὐκ
1633 3831 1767 3878 εἶπεν
1785 3832 1843 3878 τὸ
1867 3831 2074 3891 ‘unbem
2095 3827 2355 3892 δκλάζειν,’
2377 3830 2456 3879 ἵνα
2475 3829 2545 3890 μὴ
2567 3833 2680 3894 δόξῃ

267 3917 349 3983 (cf.
390 3927 560 3983 supra,
605 3935 648 3969 c.
684 3918 738 3967 ii.
773 3914 851 3981 8);
897 3916 1120 3982 possibly
1152 3917 1238 3966 the
1271 3923 1425 3967 trans·
1523 3913 1828 3976 κατηγορεῖν·
1856 3910 1962 3962 ἀλλ’
1988 3915 2158 3972 ἔθηκεν
2185 3913 2317 3973 λέξιν
2339 3914 2429 3974 τὴν
2451 3915 2519 3974 μὴ
2543 3916 2677 3964 δυνα-

263 4001 396 4050 lator
440 3994 594 4050 w‘rote
637 4000 723 4050 the
764 3999 932 4058 latter,
965 3999 1066 4048 and
1102 3998 1188 4048 the
1226 4005 1426 4062 present
1521 3995 1672 4054 μένην
1710 3995 1997 4057 ἐλεγκτικὴν
2028 3995 2146 4043 εἶναι
2180 3996 2266 4054 τῆς
2300 3995 2537 4053 ἐνδόσεως,
2572 3998 2676 4046 σαί-

262 4080 525 4131 consusion
560 4078 788 4144 together
819 4078 944 4128 with
979 4078 1065 4129 the
1100 4077 1338 4128 insertion
1375 4077 1434 4127 of
1523 4079 1692 4126 νεσθαι
1727 4077 1873 4125 εἰπὼν
1905 4077 1963 4126 τὸ
1994 4078 2179 4137 μηδένα
2211 4079 2494 4138 ξενίζεσθαι.
2564 4080 2683 4129 Cocli

261 4163 351 4212 the
380 4160 690 4226 superfluous
718 4161 855 4209 enim
886 4160 930 4209 is
962 4159 1049 4210 the
1082 4157 1222 4209 work
1251 4159 1313 4209 of
1339 4160 1426 4210 the
1522 4173 1683 4208 seems
1704 4164 1759 4207 to
1781 4158 1845 4207 be
1876 4157 2074 4223 unique,
2103 4159 2193 4208 but
2226 4159 2262 4209 it
2297 4176 2400 4209 was
2428 4160 2678 4225 probably

262 4242 468 4294 scribes.
532 4242 719 4300 Enim,
749 4240 998 4298 however,
1031 4239 1073 4290 is
1103 4239 1327 4290 retained
1356 4239 1424 4304 by
1520 4239 1721 4289 written
1752 4239 1821 4303 by
1854 4238 1939 4289 the
1971 4240 2237 4290 translator
2268 4240 2494 4301 himself3
2537 4240 2598 4291 cf.
2637 4252 2674 4290 1.

264 4326 418 4382 Rab„
452 4317 570 4374 who
610 4324 662 4373 in
696 4324 841 4374 other
873 4329 1093 4388 respects
1124 4322 1337 4372 adher&
1371 4328 1426 4371 to
1521 4336 1573 4385 p.
1592 4323 1641 4378 8,
1666 4322 1697 4370 l.
1717 4338 1763 4383 4,
1791 4327 1927 4370 note.

260 4405 350 4457 the
371 4404 524 4469 Vulg.
1594 4416 1670 4468 19.
1739 4417 1860 4449 nam
1892 4400 2110 4466 quando]
2176 4401 2239 4451 Ο.
2271 4401 2329 4451 L
2364 4401 2466 4451 and
2491 4400 2674 4466 Vulg.:

328 4491 378 4539 8.
445 4488 519 4536 ad
544 4486 682 4537 illud
705 4485 944 4549 reculidit]
978 4486 1096 4549 πρὸς
1128 4476 1275 4535 roffio
1307 4482 1426 4533 ἀπέ-
1523 4488 1684 4533 “nam
1707 4491 1757 4533 et
1780 4497 1893 4533 cum
1913 4480 1943 4504 ”
1967 4481 2064 4547 (καὶ
2087 4483 2185 4544 ’γὰρ
2204 4479 2392 4547 dnm).

440 4599 494 4650 S.
542 4600 618 4651 11.
2462 4596 2497 4640 2
