3221 5116
493 374 620 450 248

1155 386 1613 439 THEODORUS
1657 386 2147 439 MOPSUESTEN
2157 386 2247 439 Us

2567 373 2683 459 [11.
2712 374 2892 440 6-8

622 562 777 628 illae
829 566 1078 632 etenim
1139 586 1324 641 anus,
1387 567 1443 631 si
1500 564 1674 631 tales
1733 564 2003 645 fuerint,
2050 565 2346 650 poterint
2391 567 2596 632 etiam
2640 566 2912 632 adoles-

494 666 795 732 centulas
844 669 1083 734 docere
1132 678 1205 734 ut
1252 679 1321 735 et
1370 672 1645 735 maritos
1696 689 1854 735 suos
1905 670 2190 754 diligant
2242 673 2312 735 et'
2353 671 2618 735 sobriae
2659 672 2794 736 sint
2838 680 2909 735 et

494 765 666 833 filios
710 771 993 856 diligant
1036 795 1193 839 suos
1236 775 1504 858 sintque
1547 774 1880 859 benignae
1916 783 1985 839 et
2018 774 2263 839 domus
2301 775 2602 858 proprias
2649 776 2911 859 optime

493 881 730 953 regant
750 884 818 940 et
847 876 934 941 ab
958 878 1141 942 omni
1175 877 1428 942 malitia
1449 899 1522 943 se
1551 879 1924 963 superiores
1943 879 2344 956 custodiant,
2366 878 2912 961 obtemperantes

428 987 462 1055 5
493 976 630 1039 suis
691 977 986 1059 maritis;
1061 988 1138 1044 ut
1190 999 1324 1044 non
1386 1001 1476 1045 ex
1537 1001 1765 1045 earum
1828 982 1972 1046 uita
2030 981 2211 1045 mala
2258 990 2327 1046 et
2381 981 2725 1046 ferocitate
2779 982 2909 1046 Dei

492 1078 796 1145 doctrina
853 1081 1357 1167 blasphemetur
1418 1083 1589 1149 tales
1649 1084 1866 1149 facere
1939 1085 2287 1150 credentes
2346 1085 2492 1149 sibi.

2616 1092 2685 1148 et
2751 1085 2911 1167 quia

494 1185 672 1249 dixit
700 1184 788 1249 de
820 1184 947 1249 illis
976 1187 1089 1269 qui
1120 1207 1242 1269 per
1270 1195 1563 1251 aetatem
1606 1195 1764 1251 sunt
1805 1187 2215 1270 antiquiores
2262 1186 2406 1272 siue
2447 1186 2566 1251 uiri
2608 1187 2741 1252 sint
2770 1188 2915 1250 siue

496 1287 822 1366 muliereS,
856 1299 1266 1355 memoratus
1298 1299 1400 1355 est
1431 1299 1500 1355 et
1531 1292 1619 1355 de
1651 1290 2052 1367 mulieribuS,
2087 1289 2286 1354 simul
2316 1291 2646 1356 instruens
2676 1288 2912 1373 quales

496 1399 804 1473 oporteat
864 1412 1008 1456 esse
1067 1391 1619 1469 adolescentulaS,
1680 1414 1857 1476 quae
1932 1393 2136 1457 etiam
2213 1394 2302 1457 ab
2367 1393 2497 1458 illis
2559 1413 2734 1477 quae
2792 1413 2915 1476 per

396 1510 476 1558 10
495 1500 791 1557 aetatem
821 1502 979 1558 sunt
1009 1493 1416 1578 antiquiores
1456 1496 1691 1559 instrui
1721 1494 1987 1586 debent,
2020 1496 2302 1560 adiecit:

626 1644 884 1709 iuuenes
909 1645 1223 1710 similiter
1245 1645 1492 1710 obsecra
1518 1645 1766 1711 sobrios
1790 1667 1935 1711 esse.

627 1772 797 1836 sicut
827 1773 1004 1837 enim
1036 1772 1122 1836 de
1152 1772 1282 1837 illis
1311 1773 1540 1837 dicens
1569 1774 1889 1839 instruxit
1917 1773 2148 1858 quales
2178 1795 2323 1840 esse
2370 1774 2911 1843 adolescentulae

498 1876 804 1942 mulieres
835 1875 1145 1952 debeant,
1175 1875 1432 1958 optime
1451 1875 1694 1940 adiecit
1715 1884 1784 1940 et
1807 1876 1893 1940 de
1924 1876 2292 1952 iuuenibuS,
2315 1877 2542 1943 dicens
2564 1880 2912 1958 similiter,-

495 1980 624 2043 hoc
668 1987 787 2056 est,
821 1984 928 2042 ‘et
970 1980 1145 2041 uiros
1191 1978 1464 2041 iuuenes
1508 1978 1718 2042 edoce
1762 1987 1838 2043 ut
1882 1980 2226 2045 sobrietati
2274 1989 2343 2045 et
2379 1982 2744 2064 pudicitiae
2772 1996 2914 2052 stu·

394 2090 466 2158 15
495 2083 735 2147 deant!
782 2090 850 2146 et
878 2082 1195 2165 quoniam
1227 2090 1634 2146 memoratus
1665 2091 1768 2147 est
1797 2083 2098 2147 omnium
2130 2086 2463 2151 seniorum
2495 2095 2564 2151 et
2594 2087 2908 2154 iuuenum

495 2191 636 2255 siue
665 2191 956 2254 uirorum
989 2189 1129 2253 siue
1161 2188 1531 2265 mulierum,
1559 2197 2045 2272 consequenter
2073 2189 2319 2255 adiecit
2346 2210 2362 2255 ε

621 2341 720 2404 ad
762 2340 982 2405 omnia
1021 2339 1290 2424 teipsum
1323 2338 1639 2423 praebens
1688 2338 2017 2423 [sormam
2078 2335 2410 2426 benorum]
2468 2354 2723 2426 operum
2747 2365 2776 2418 ,·
2837 2344 2913 2408 in

451 2467 455 2471 ’
491 2442 783 2509 doctrina
835 2454 974 2509 tene
1018 2444 1707 2527 incorruptibilitatem,
1752 2445 2017 2509 uerbum
2062 2466 2300 2510 sanum
2345 2447 2912 2529 inreprekeraribile,

493 2554 570 2610 ut
612 2546 673 2611 is
721 2547 840 2630 qui
879 2570 958 2614 ex
999 2548 1298 2614 aduersis
1341 2558 1437 2613 est
1479 2548 1813 2629 embescat,
1859 2547 2037 2614 nihil
2078 2548 2318 2615 habens
2363 2549 2442 2615 de
2487 2552 2667 2617 nobis
2708 2551 2914 2617 dicere

383 2673 470 2721 20
478 2661 790 2732 prauum.

594 2857 614 2892 1
653 2842 729 2892 illi
750 2843 820 2892 H

495 2941 547 2976 11
586 2925 756 2976 inueni
777 2925 844 2975 H

494 3006 554 3058 16
586 3007 741 3058 adicit
768 3007 812 3057 C
829 3022 863 3056 r

1005 2857 1033 2905 5
1068 2841 1348 2892 meritisH

489 3254 655 3303 comp.
684 3237 768 3287 the
790 3235 970 3301 Vulgi
1009 3237 1115 3286 “ut
1151 3235 1468 3301 prudentiam
1494 3237 1643 3287 doce·

489 3328 576 3370 ant
619 3318 774 3378 adol„
821 3324 878 3367 ut
920 3316 1055 3366 uiros
1108 3332 1225 3366 suos
1278 3327 1467 3376 ament,
1514 3317 1644 3367 filios

487 3401 717 3465 diligant,
776 3398 1046 3464 prudentes
1099 3398 1175 3460 [4
1198 3398 1391 3449 sobrias
1443 3398 1638 3462 Falci-1,

488 3491 665 3542 castas,
727 3482 907 3532 domus
960 3497 1130 3531 euram
1183 3481 1442 3544 habenteS,
1501 3482 1643 3539 ben„

487 3564 633 3615 subd.
660 3562 781 3613 uiris
802 3562 920 3621 suis,
943 3570 999 3612 ut
1022 3560 1179 3624 non,''
1198 3563 1289 3614 ἃς.

555 3643 601 3696 6.
672 3645 795 3695 tales
810 3645 984 3709 facere
1011 3643 1251 3694 credentes
1279 3642 1396 3706 sibe]
1456 3645 1494 3670 ‘⁸
1509 3643 1645 3693 That

488 3726 577 3777 the
610 3725 841 3776 doctrine
872 3723 930 3773 os
954 3724 1071 3774 God
1103 3739 1222 3788 may
1247 3730 1338 3773 not
1369 3723 1435 3774 be
1471 3723 1646 3788 falsely

486 3809 705 3875 charged
731 3808 851 3858 with
885 3806 1093 3873 making
1127 3806 1272 3857 those
1306 3806 1422 3856 who
1451 3806 1646 3855 believe

486 3891 525 3941 it
544 3887 865 3941 evil-doers.”

557 3989 577 4024 1
592 3990 633 4025 1.
702 3971 908 4035 obsecra]
975 3970 1128 4021 Latin
1174 3969 1412 4030 versions,
1475 3973 1507 3998 “
1524 3969 1641 4019 hor-

485 4052 646 4115 tare,”
673 4049 1039 4103 “exhortare.’'
1105 4051 1178 4102 So
1200 4050 1367 4101 below
1388 4050 1443 4099 in
1464 4065 1513 4099 v.
1545 4062 1621 4113 15.

557 4154 634 4203 13·
699 4136 861 4186 dicem
900 4139 914 4163 ⁸
931 4135 1164 4185 similiter
1175 4132 1212 4196 ⁹]
1259 4136 1274 4161 ‘
1289 4131 1515 4185 ὡσαύτως
1531 4131 1545 4156 ’
1575 4135 1643 4183 cl·

486 4218 611 4268 τών.
679 4215 761 4267 Cf.
784 4227 847 4264 11.
879 4230 927 4279 p.
958 4228 1038 4279 9¹,
1063 4214 1099 4263 1.
1130 4214 1203 4264 18.

558 4313 634 4360 ¹7·
701 4295 979 4357 adomm'a]
1031 4294 1182 4345 Latin
1221 4294 1459 4356 versions,
1502 4296 1645 4360 “per

484 4379 708 4440 omnia,”
738 4380 775 4405 ‘⁴
806 4378 856 4425 in
892 4374 1178 4426 omnibuS.'’
1242 4375 1339 4424 Th.
1381 4375 1640 4436 (followed

482 4465 551 4528 by
569 4457 743 4523 Thdt.)
767 4458 885 4508 read
904 4456 1015 4519 περὶ
1037 4454 1216 4517 πάντα,
1245 4456 1346 4506 and
1363 4457 1644 4507 connected

1530 2845 1560 2893 8
1594 2851 1670 2893 est
1692 2859 1769 2893 om
1797 2842 1861 2892 H

1011 2939 1067 2974 12
1100 2923 1499 2975 adulescentulas
1526 2923 1570 2974 C
1588 2925 1658 2973 H

1060 3019 1117 3069 17
1152 3005 1364 3055 formam
1386 3007 1437 3057 b.
1465 3022 1545 3056 om
1574 3004 1654 3055 C*
1677 3005 1787 3069 [but
1805 3004 1932 3054 with
1957 3003 2163 3066 lacuna]
2186 3004 2250 3053 H
2308 3004 2591 3069 exemplum
2614 3004 2665 3056 b.
2699 3006 2742 3055 C
2763 3004 2915 3071 (corr)

495 3090 554 3139 18
588 3086 1095 3139 incorrectibilitatem
1115 3088 1184 3137 H
1199 3085 1210 3152 Ι
1239 3086 1738 3153 inreprehensibilem
1768 3085 1926 3136 (ΣἨ

2599 2857 2659 2893 ιο
2688 2842 2842 2893 adicit
2870 2842 2918 2893 C

2476 2939 2532 2986 ¹4
2564 2923 2833 2974 sobrietate
2852 2925 2924 2974 H

2040 2856 2073 2906 9
2106 2847 2304 2907 oportet
2325 2841 2394 2890 Η

1816 2938 1874 2987 13
1909 2923 2126 2973 debeant
2147 2938 2227 2973 om
2249 2922 2320 2973 H

2113 3099 2171 3150 19
2204 3100 2265 3135 ex
2287 3085 2499 3135 aduerso
2522 3101 2555 3135 r

1744 3233 1830 3283 the
1884 3232 2050 3282 words
2104 3231 2228 3281 with
2288 3231 2432 3281 those
2487 3231 2656 3282 which
2719 3231 2910 3282 follow.

1747 3316 1801 3366 S.
1848 3314 2053 3378 Jerome
2096 3327 2163 3362 on
2204 3313 2291 3363 the
2345 3312 2491 3363 other
2544 3312 2682 3362 hand
2730 3312 2911 3377 joined

1745 3398 1882 3447 them
1921 3396 2045 3447 with
2076 3395 2371 3458 cwcppove'tv:
2419 3395 2454 3421 “
2471 3393 2689 3444 sciamus
2721 3394 2778 3444 in
2805 3410 2909 3444 om·

1745 3480 1896 3530 nibus
1928 3478 1992 3529 ad
2028 3478 2284 3543 superiora
2317 3492 2427 3527 esse
2466 3475 2796 3536 referendum,
2841 3475 2895 3525 id

1746 3569 1838 3619 est,
1861 3561 2062 3612 honore
2093 3567 2154 3608 ut
2174 3559 2359 3624 pudt‘a'
2387 3558 2495 3607 sint
2521 3558 2580 3607 in
2619 3555 2907 3607 omnibus.'’

1746 3643 1986 3692 Formam
2024 3642 2262 3692 bonorum
2293 3640 2384 3691 has
2419 3641 2570 3704 dropt
2600 3648 2686 3689 out
2727 3638 2786 3689 os
2815 3654 2910 3689 our

1748 3722 1909 3772 MSS.
1967 3722 1993 3771 1
2037 3721 2166 3771 have
2199 3721 2431 3786 supplied
2460 3720 2691 3785 sormam
2736 3718 2908 3769 rather

1746 3805 1869 3855 than
1934 3806 2269 3871 “exemplum
2284 3803 2314 3827 ’'
2370 3807 2474 3868 (vv.
2535 3802 2633 3867 11.)‚
2693 3804 2908 3854 because

1728 3887 1910 3951 forma
1932 3886 1975 3936 is
1997 3887 2083 3936 the
2106 3887 2342 3951 ordinary
2369 3884 2639 3950 rendering
2675 3883 2736 3934 os
2757 3882 2909 3935 τύπος

1744 3967 1798 4017 in
1821 3967 1922 4017 this
1943 3968 2257 4024 translation,
2289 3966 2390 4016 and
2413 3964 2457 4015 is
2477 3965 2604 4016 used
2629 3964 2707 4014 sor
2728 3964 2767 4014 it
2795 3963 2904 4027 just

1743 4050 1925 4111 below,
1944 4063 2119 4116 p.249,
2143 4051 2176 4100 l.
2199 4066 2245 4101 α.
2283 4048 2538 4110 praebens,
2555 4045 2905 4111 παρεχόμενος.

1744 4130 1898 4196 Vulg.
1929 4128 2217 4195 “praebe.'’
2293 4131 2418 4180 Tene
2438 4129 2531 4179 has
2553 4144 2621 4179 no
2651 4129 2906 4194 authority

1744 4213 1798 4262 in
1828 4213 1914 4262 the
1949 4212 2144 4270 Greek;
2190 4214 2253 4263 cs.
2292 4212 2511 4277 Thpht.=
2551 4213 2634 4260 ‘ev
2670 4207 2735 4272 τῇ
2769 4211 2899 4259 διδα-

1744 4292 2107 4355 σκαλίᾳ’...ἇτὸ
2132 4290 2287 4343 κοινοῦ
2319 4295 2376 4343 τὸ
2417 4289 2906 4354 *παρεχόμενος.’

1744 4374 2268 4438 Incomptibilitatem
2293 4394 2337 4414 =
2370 4373 2608 4434 ἀφθορίαν
2650 4369 2901 4434 [ἀδιαφθο-

1742 4459 1850 4519 plau
1866 4456 1928 4519 ?],
1971 4474 2029 4508 or
2068 4458 2286 4524 perhaps
2329 4455 2609 4519 ἀφθαρσίαν
2651 4454 2900 4517 (Ronsch,
