3221 5116
516 374 599 436 62
1186 384 1644 440 ‘rmzonoaus
1691 387 2276 440 MOPSUESTENUS
2518 372 2674 457 [ΙΙΙ.
2709 373 2949 436 8-ιο.

652 568 721 624 et
753 560 1069 643 quoniam
1103 560 1231 625 ista
1260 559 1482 625 adhuc
1512 581 1646 625 non
1678 569 1869 626 erant
1901 581 2162 645 magna,
2194 559 2399 625 adicit
2430 583 2446 623 ε

648 737 841 799 neque
858 719 1082 803 gratis
1095 731 1336 803 panem
1369 720 1916 784 manducauimus
1944 719 2126 803 apud
2146 719 2445 802 aliquem.

648 847 716 902 et
746 839 926 920 quod
959 838 1061 901 his
1095 839 1307 903 maius
1341 849 1442 903 est
1473 863 1511 927 :-

449 1001 479 1070 5
643 984 762 1053 sed
785 990 853 1054 in
884 991 1094 1056 labore
1120 1001 1184 1055 et
1209 992 1596 1057 lassitudine
1625 1002 1799 1057 nocte
1824 1002 1889 1056 et
1924 991 2031 1057 die
2065 1001 2403 1076 operantes,
2436 1000 2515 1056 ut
2540 1009 2666 1054 non
2685 1008 2941 1074 graua-

515 1114 731 1158 remus
758 1116 1141 1179 quemquam
1173 1108 1479 1162 uestrum.

645 1224 713 1279 et
744 1215 925 1298 quod
957 1216 1173 1280 maius
1205 1215 1443 1281 extolli
1476 1224 1719 1300 potest,
1750 1216 1955 1282 adicit
1983 1236 1999 1281 ε

642 1390 769 1434 non
816 1371 974 1455 quia
1024 1393 1150 1436 non
1193 1371 1501 1438 habemus
1534 1382 1930 1458 potestatem,
1969 1372 2090 1437 sed
2120 1382 2198 1437 ut
2234 1392 2350 1436 nos
2369 1372 2676 1457 formam
2714 1370 2941 1434 demus

511 1472 709 1552 uobis,
741 1484 819 1538 ut
847 1474 1215 1540 imitemini.

410 1615 488 1663 10
646 1601 750 1658 ‘et
801 1593 1074 1676 quidem
1145 1592 1338 1657 nobis
1398 1592 1555 1658 licet
1616 1594 1933 1677 accipere,
1990 1615 2071 1658 eo
2124 1595 2305 1678 quod
2352 1616 2510 1680 erga
2557 1597 2937 1661 doctrinam

513 1717 751 1761 uacare
805 1695 1152 1775 uidemur;
1220 1697 1338 1761 sed
1395 1697 1749 1776 noluimus,
1805 1707 1880 1763 ut
1937 1700 2085 1781 ipso
2137 1720 2341 1782 opere
2392 1720 2513 1764 uos
2572 1700 2938 1765 doceamus

511 1799 1082 1884 quemadmodum
1124 1790 1451 1866 ⁴conuenit
1508 1800 1763 1866 facere!
1850 1811 1921 1866 et
1978 1803 2339 1867 ostendens
2399 1804 2718 1886 quoniam
2771 1800 2938 1866 talia

511 1923 719 1989 agens
749 1904 929 1988 apud
962 1904 1112 1969 illos
1135 1907 1514 1988 permansit,
1541 1917 1949 1971 memoratur
1979 1907 2217 1971 iterum
2250 1907 2675 1972 traditionem
2709 1925 2935 1969 suam:

643 2083 800 2126 nam
846 2072 910 2126 et
949 2084 1095 2126 cum
1134 2083 1397 2128 eramus
1445 2063 1629 2146 apud
1665 2084 1793 2140 uos,
1825 2062 1938 2127 hoc
1964 2063 2510 2146 praedicabamus
2550 2062 2750 2140 uobis,
2781 2081 2937 2146 quo-

407 2181 480 2249 15
512 2166 697 2232 niam
732 2171 746 2198 ‘
769 2167 1038 2248 quinon
1070 2168 1220 2232 uult
1245 2168 1510 2251 operari,
1543 2189 1739 2250 neque
1769 2167 2141 2234 manducet.’

646 2286 848 2351 ‘haec
878 2296 946 2351 et
976 2298 1357 2370 praesentes
1391 2289 1797 2365 dicebamus„
1832 2289 2013 2374 quod
2055 2290 2226 2373 pigri
2268 2310 2486 2373 neque
2528 2288 2936 2355 manducare

512 2393 647 2456 sint
704 2392 923 2474 digni!
1037 2412 1170 2456 non
1230 2394 1629 2476 generaliter
1686 2393 1814 2457 hoc
1881 2394 2126 2471 dicens,
2188 2394 2371 2478 quod
2432 2394 2562 2469 ille,
2621 2393 2737 2477 qui
2799 2411 2934 2455 non

513 2505 839 2581 operatur,
894 2517 1029 2561 non
1081 2497 1283 2562 debet
1336 2498 1780 2577 manducare3
1846 2498 2110 2563 uidetur
2157 2499 2335 2563 enim
2382 2498 2524 2583 ipse
2571 2495 2936 2563 Corinthiis

513 2600 806 2665 scribens
839 2601 1040 2685 longa
1084 2603 1551 2685 prosecutione
1597 2604 1664 2666 id
1709 2604 2101 2687 explicasse,
2131 2606 2447 2688 quoniam
2493 2604 2621 2668 illis
2652 2603 2938 2667 debetur

402 2728 488 2775 20
514 2704 628 2788 qui
690 2703 1030 2768 doctrinae
1091 2714 1354 2781 uacant,
1419 2713 1493 2769 ut
1553 2727 1594 2770 a
1654 2706 1997 2790 discipulis
2058 2709 2501 2791 corporalium
2564 2707 2935 2790 percipiant

513 2808 971 2873 ministerium.
1060 2810 1177 2873 sed
1223 2810 1413 2873 illum
1461 2810 1622 2875 dicit
1659 2831 1792 2874 non
1835 2832 1981 2876 esse
2021 2813 2417 2896 operarium,
2446 2812 2560 2895 qui
2601 2832 2817 2895 neque
2847 2811 2935 2876 de

515 2911 896 2976 melioribus
946 2913 1269 2977 sollicitus
1318 2922 1438 2988 est,
1487 2935 1704 2998 neque
1756 2916 2097 2999 corporale
2157 2916 2407 3001 aliquid
2458 2915 2605 2980 uult
2656 2916 2936 2999 operari,

512 3016 765 3080 otiosus
812 3036 968 3080 uero
1014 3017 1312 3080 existens
1354 3015 1633 3080 aliorum
1682 3017 1889 3082 uitam
1941 3021 2196 3084 curiose
2248 3019 2557 3098 discutit;
2600 3019 2686 3083 de
2731 3017 2935 3081 indis-

512 3123 845 3207 ciplinatis
869 3120 1114 3185 etenim
1148 3119 1243 3183 illi
1274 3128 1374 3184 est
1405 3140 1646 3184 serm0.
1739 3120 1917 3203 quod
1952 3130 2019 3186 et
2051 3122 2343 3206 apertius
2377 3121 2693 3197 indicanS,
2723 3119 2888 3183 dicit
2921 3141 2935 3183 :

613 3301 640 3335 α
677 3284 810 3335 enim
835 3283 932 3348 (ast
952 3283 1134 3347 neque)
1156 3281 1261 3331 add
1277 3297 1310 3329 r
1470 3283 1501 3332 8
1532 3281 1854 3332 habuerimus
1875 3300 1908 3332 r
1931 3282 1942 3348 Ι
1971 3284 2202 3334 daremus
2225 3300 2258 3333 r

521 3385 579 3431 14
612 3368 1021 3433 praedicebamus
1048 3366 1091 3415 C
1220 3381 1285 3416 20
1316 3365 1565 3430 accipiant
1586 3363 1703 3429 (sor
1720 3367 1878 3431 perc.)
1897 3366 1964 3417 H

514 3465 577 3500 ἠ
611 3464 816 3515 operare
837 3449 899 3498 H
1114 3460 1174 3510 23
1209 3453 1384 3496 extans
1406 3446 1520 3512 (sor
1539 3446 1707 3508 exist.)
1735 3447 1781 3497 C
1797 3463 1831 3498 r

2425 3300 2444 3334 ι
2457 3299 2476 3334 1
2516 3299 2609 3334 nos
2633 3283 2751 3348 (for
2768 3285 2881 3344 uos)
2905 3300 2939 3332 r

2085 3381 2144 3416 αι
2181 3366 2470 3431 mysterium
2494 3366 2609 3432 (sor
2626 3367 2836 3428 minist.)
2861 3365 2933 3417 C'

2047 3463 2109 3508 24
2132 3455 2182 3497 et
2208 3448 2316 3512 (bes
2323 3451 2503 3513 apert.)
2526 3463 2604 3498 om
2626 3464 2659 3498 r

583 3608 628 3658 5.
699 3591 1013 3653 lassitudine]
1101 3591 1168 3641 Ο.
1217 3590 1278 3639 L.
1333 3590 1436 3640 and
1489 3590 1665 3655 vulg„

517 3679 553 3705 ‘⁴
570 3673 920 3741 fatigatione.”
986 3672 1065 3722 Cf.
1094 3685 1157 3722 11.
1183 3689 1231 3737 p.
1261 3688 1337 3729 12,
1361 3673 1396 3721 1.
1423 3691 1472 3736 4,
1495 3679 1632 3722 note.

582 3759 630 3807 8.
697 3773 799 3806 non
832 3754 973 3821 quia]
1019 3756 1110 3815 οὐχ
1143 3756 1233 3803 ὅτι.
1305 3754 1376 3805 So
1398 3754 1664 3813 Ambrstr.,

518 3840 676 3903 Aug-3
731 3838 902 3902 Vulg„
949 3838 1101 3885 “non
1156 3835 1300 3902 quasi
1319 3834 1347 3858 ”
1406 3833 1517 3896 (οὐχ
1572 3836 1671 3900 ὡς).

515 3922 799 3981 Habemus,·
834 3922 919 3970 the
953 3919 1102 3969 Latin
1133 3918 1352 3968 versions
1386 3918 1515 3967 have
1542 3916 1674 3966 “ha-

513 4004 801 4065 beremus,’'
857 4019 915 4053 or
970 4002 1339 4052 “habuerimus
1359 4000 1409 4061 ;’'
1462 4016 1531 4050 on
1586 4000 1674 4050 the

516 4085 662 4136 other
681 4084 816 4133 hand
841 4083 959 4146 they
981 4099 1064 4132 are
1098 4098 1237 4133 more
1272 4091 1417 4133 exact
1450 4082 1502 4131 in
1542 4081 1674 4131 their

516 4165 784 4228 rendering
827 4162 886 4212 of
925 4163 1190 4213 ἑαυτοὺς...
1218 4164 1283 4213 εἰς
1324 4165 1382 4212 τὸ
1424 4164 1674 4223 μιμεῖσθαι

517 4246 642 4306 ἡμᾶς
688 4241 1221 4308 (“nosmetipsos...ad
1267 4242 1538 4293 imitandos
1585 4243 1675 4305 [ad

516 4327 829 4382 imitandum,
853 4323 1058 4384 imitari]
1080 4339 1171 4373 nos
1187 4322 1257 4388 ”).

588 4423 663 4459 10.
717 4420 831 4470 erga
853 4405 1125 4454 doctrinam
1155 4405 1675 4466 uacareJ=doctrinae

516 4506 564 4539 u.
592 4489 642 4552 (1.
672 4503 748 4548 20,
778 4485 955 4550 infra).
1023 4483 1102 4534 Cf.
1129 4496 1166 4534 1.
1189 4500 1241 4548 p.
1267 4498 1313 4542 2,
1338 4484 1371 4533 1.
1399 4499 1476 4547 23.

1846 3602 1921 3651 13·
1984 3594 2291 3638 memoratur
2340 3589 2521 3637 iterum
2579 3588 2711 3637 trad.
2763 3587 2935 3648 suam]

1779 3669 1875 3721 See
1906 3670 2068 3720 above
2089 3685 2157 3719 on
2179 3685 2225 3720 c.
2251 3681 2314 3718 11.
2344 3683 2418 3731 ¹5·
2493 3669 2596 3718 For
2626 3675 2937 3718 memoratur

1780 3753 1938 3817 (dep.)
1965 3773 2011 3795 =
2038 3749 2268 3812 ἐμνήσθη,
2302 3766 2386 3801 see
2422 3749 2641 3811 Resuoeh,
2680 3750 2835 3811 Itala,
2879 3767 2930 3816 p.

1845 3933 1921 3982 ¹4·
1978 3915 2404 3980 praedicabamus]
2428 3935 2473 3957 =
2500 3917 2931 3980 παρηγγέλλομεν.

1776 3998 1838 4048 In
1872 4014 2021 4062 every
2055 3997 2199 4048 other
2243 3998 2466 4048 instance
2503 4006 2679 4064 except
2730 4015 2749 4049 1
2795 3999 2932 4048 Tim.

1774 4080 1807 4130 i.
1837 4092 1866 4141 3
1893 4078 1989 4142 (ἵνα
2011 4079 2364 4141 παραγγείλῃς,
2395 4086 2454 4128 ut
2483 4079 2816 4138 denuntiares)
2839 4095 2933 4129 our

1773 4162 2040 4211 translator
2067 4161 2270 4211 renders
2297 4163 2670 4224 παραγγέλλειν
2703 4162 2771 4225 by
2782 4169 2932 4225 prae-

1771 4243 1941 4307 cipere,
1985 4242 2152 4293 which
2199 4240 2328 4292 finds
2363 4241 2509 4307 place
2552 4243 2604 4291 in
2639 4242 2725 4293 the
2764 4244 2830 4293 Ο.
2869 4245 2930 4294 L.

1773 4322 1909 4372 here.
1944 4322 2049 4385 Qui
2069 4320 2250 4386 (εἴτις);
2286 4322 2353 4373 O.
2380 4323 2440 4371 L.
2466 4323 2566 4372 and
2596 4322 2765 4386 Vulg„
2789 4339 2932 4373 more

1775 4402 1987 4467 exactly,
2023 4407 2056 4431 ‘⁸
2072 4401 2114 4452 si
2133 4402 2299 4468 qui5.”

1848 4486 1923 4534 18.
1991 4482 2091 4546 ipse
2108 4483 2385 4534 Corinthia}
2404 4482 2638 4546 scribens]
2675 4499 2694 4533 ι
2723 4483 2841 4533 Cor.
2861 4483 2929 4534 ix.
