3221 5116
326 426 383 491 Ι.
421 423 508 511 5.]

1036 435 1123 488 IN
1169 436 1274 489 ΕΡ.
1319 436 1424 488 AD
1469 433 1935 489 TIMOTHEUM
1979 435 2055 486 11.

2628 430 2743 501 Ῑ95

320 612 537 680 dixit:
598 622 679 679 ut
704 613 957 698 gaudio
1000 613 1287 697 implear,
1335 611 1501 677 illud
1548 620 1628 677 ut
1684 632 1825 677 non
1878 630 2152 712 causam
2198 608 2380 686 dicit,
2428 605 2547 672 sed
2589 626 2747 671 con-

321 727 509 782 suete
538 715 701 782 illud
733 715 1063 801 significat
1092 716 1274 800 quod
1304 715 1619 800 sequitur.
1708 724 1778 780 et
1816 724 1894 780 ut
1932 735 2017 779 ne
2057 713 2394 779 uideretur
2436 709 2745 776 absolute

321 820 614 903 gaudere
644 839 846 902 super
874 818 1218 883 lacrimas:

452 979 833 1044 memoriam
901 971 1167 1065 (inquit)
1228 978 1537 1062 accipiens
1591 979 1735 1043 eius
1774 977 1951 1062 fidei
2002 998 2166 1062 quae
2218 977 2290 1042 in
2351 985 2409 1040 te
2463 984 2562 1039 est
2607 973 2748 1038 sine

321 1082 751 1149 simulatione.

455 1211 805 1296 ‘excogito
882 1219 951 1274 et
1023 1217 1250 1272 autem
1310 1207 1465 1272 hinc
1538 1206 2114 1291 quemadmodum
2187 1207 2513 1271 sinceram
2590 1206 2742 1270 Deo

320 1315 646 1381 exhibeas
687 1315 890 1380 fidem
932 1333 1022 1378 ex
1064 1311 1194 1376 illis
1226 1311 1332 1376 uel
1371 1313 1672 1376 maxime
1708 1333 1799 1376 ex
1839 1312 2080 1396 quibus
2121 1320 2387 1376 tantum
2432 1330 2590 1393 erga
2620 1329 2742 1374 nos

322 1420 644 1484 exhibeas
684 1419 997 1485 affectum
1045 1420 1159 1503 qui
1201 1417 1502 1502 magistri
1532 1417 1657 1482 tibi
1688 1417 2043 1481 uerborum
2074 1416 2343 1500 pietatis
2375 1416 2740 1491 extitimuS,

320 1524 414 1587 ita
473 1530 550 1587 ut
609 1543 731 1587 nec
779 1522 1269 1605 separationem
1331 1529 1627 1583 nostram
1688 1520 2203 1602 magnanimiter
2261 1519 2429 1583 ferre
2486 1517 2741 1602 possis!

321 1638 391 1692 et
421 1627 778 1692 ostendens
808 1628 1125 1710 quoniam
1157 1626 1526 1690 necessaria
1549 1625 1636 1688 sit
1667 1624 1728 1687 ei
1764 1623 1989 1687 multis
2022 1645 2111 1688 ex
2141 1623 2442 1707 partibus
2465 1621 2739 1706 pietatis
2780 1628 2859 1676 10

323 1730 687 1815 diligentia,
717 1731 964 1796 adiecit
993 1752 1008 1795 :

450 1927 615 1990 quae
642 1906 1044 1973 inlzabitauit
1052 1907 1353 1991 primum
1397 1906 1467 1971 in
1495 1907 1659 1972 auia
1689 1917 1806 1972 tua
1837 1906 2044 1972 Loide
2071 1914 2135 1970 et
2163 1916 2370 1971 matre
2396 1904 2468 1968 E
2469 1905 2667 1969 unice.

454 2051 523 2107 et
572 2042 731 2126 quia
779 2040 909 2106 hoc
960 2042 1246 2106 necdum
1297 2039 1386 2106 ad
1447 2040 1717 2106 laudem
1776 2040 2117 2106 Timothei
2178 2041 2508 2125 pertinere
2560 2038 2744 2103 uide-

321 2145 537 2226 batur,
566 2145 622 2209 si
652 2145 762 2210 aui
793 2143 902 2209 uel
933 2153 1248 2228 parentes
1278 2144 1622 2238 ejus-tales
1655 2144 1952 2222 fuissent,
1982 2144 2265 2209 adiecit:

452 2332 660 2388 certus
684 2345 833 2388 sum
861 2333 1080 2389 autem
1109 2325 1269 2409 quia
1296 2334 1360 2389 et
1389 2324 1459 2389 in
1493 2336 1568 2390 te.

454 2466 583 2532 hoc
633 2477 752 2547 est,
806 2468 995 2534 ‘talis
1046 2490 1118 2533 es
1157 2478 1226 2533 et
1277 2469 1455 2552 ipse.'

1545 2479 1614 2535 et
1660 2478 1736 2534 ut
1779 2469 1962 2535 omni
2008 2490 2098 2534 ex
2140 2478 2332 2554 parte
2375 2469 2646 2534 doceret
2687 2467 2746 2532 ei

325 2591 471 2637 esse
517 2572 786 2656 pietatis
830 2574 1266 2658 diligentiam,
1309 2573 1642 2658 siquidem
1691 2583 1760 2639 et
1810 2575 1900 2640 ab
1946 2576 2090 2640 auis
2150 2583 2219 2640 et
2266 2596 2308 2639 a
2359 2573 2747 2659 parentibus
2801 2636 2805 2640 Α

325 2675 414 2740 ad
447 2678 734 2741 eundem
765 2677 1221 2759 descenderat,
1253 2686 1323 2742 et
1367 2678 1525 2760 quia
1566 2687 1637 2743 et
1683 2678 1827 2761 ipse
1866 2677 2107 2744 similia
2151 2677 2413 2744 hisdem
2456 2697 2746 2761 exeque-

327 2779 527 2844 batur
553 2804 567 2844 ε

433 2990 454 3024 r
492 2974 617 3024 illud
638 2990 717 3024 om
739 2974 809 3025 H
825 2972 835 3041 Ι
862 2989 967 3025 non
988 2982 1047 3026 ut
1072 2975 1187 3042 (sor
1214 2982 1272 3027 ut
1299 2978 1425 3038 non)
1448 2977 1516 3026 H
1533 2977 1542 3043 Ι
1571 2992 1814 3028 consuere
1838 2975 1946 3041 (sic)
1971 2978 2033 3027 H

2221 2991 2250 3039 7
2282 2975 2524 3027 exhibens
2545 2974 2624 3026 C*
2647 2976 2752 3027 Hr

355 3054 365 3121 Ι
395 3062 445 3106 et
469 3055 588 3121 (sor
606 3055 687 3121 ex)
717 3055 883 3107 C*om
910 3058 954 3108 C
975 3059 1125 3121 (cm)
1311 3073 1345 3124 9
1377 3058 1556 3124 positis
1578 3057 1693 3124 (sor
1710 3056 1890 3124 possis)
1927 3058 2003 3108 C*
2059 3057 2216 3125 possit
2240 3075 2272 3107 r
2437 3073 2490 3109 11
2528 3057 2682 3108 adicit
2709 3057 2753 3106 C

334 3151 391 3189 ια
429 3136 657 3189 Euniche
683 3138 812 3188 CH
980 3154 1038 3203 ¹4
1072 3140 1227 3191 adicit
1247 3157 1280 3190 r
1445 3140 1507 3191 16
1537 3141 1709 3192 tulisse
1732 3140 1845 3206 (sor
1863 3140 1976 3192 talis
1998 3142 2071 3202 es)
2101 3140 2261 3191 C'H
2431 3152 2487 3204 17
2521 3140 2682 3190 inesse
2709 3139 2753 3189 C

329 3213 479 3281 (corr)
677 3219 736 3268 18
770 3218 857 3284 qui
882 3217 998 3284 (sor
1016 3220 1134 3285 quia
1156 3220 1226 3285 et)
1254 3220 1301 3271 C
1361 3236 1491 3287 quae
1513 3228 1563 3272 et
1585 3238 1620 3272 r
1817 3236 1876 3287 19
1908 3221 1978 3271 ait
2003 3219 2100 3285 (ast
2119 3218 2286 3286 exeq.)
2306 3221 2413 3270 add
2426 3238 2461 3272 r

398 3404 443 3439 ι.
516 3386 619 3438 ‘ut'
641 3404 743 3439 non
764 3405 967 3439 causam
987 3391 1127 3453 dt‘cit]
1159 3391 1238 3442 Cf.
1269 3405 1307 3443 1.
1327 3409 1379 3458 p.
1401 3411 1483 3455 44,

324 3472 362 3523 1.
385 3491 434 3535 4,
461 3480 608 3532 note3
641 3480 688 3523 et
695 3474 903 3538 passim.
944 3473 1221 3524 lanfranc:
1262 3477 1366 3524 “ut
1384 3490 1489 3524 non

326 3572 526 3607 causam
549 3555 638 3605 sed
661 3556 798 3620 quod
819 3554 1041 3621 sequitur
1062 3554 1345 3621 signifioet'’
1368 3556 1486 3621 [sig-

326 3635 513 3694 nificet,
535 3635 650 3697 ed.].

392 3736 441 3779 4.
507 3716 820 3779 memoriam]
886 3712 1174 3778 ὑπόμνησον.

327 3811 380 3861 p.
426 3812 534 3863 194,
573 3797 611 3847 1.
658 3813 732 3858 10,
775 3798 1306 3857 maumam=mecam
1375 3798 1488 3849 The

327 3876 479 3926 Latin
501 3878 722 3929 versions
742 3878 795 3928 in
819 3878 919 3929 this
948 3878 1095 3944 place
1126 3895 1265 3930 more
1293 3882 1489 3945 exactly

328 3956 507 4006 render
548 3960 581 3984 “
595 3957 1177 4020 commemorationem,”
1212 3964 1244 3987 “
1259 3961 1486 4010 recorda·

331 4034 574 4085 tionem.”
638 4038 894 4103 Acctspiens
926 4039 1177 4104 probably
1212 4048 1488 4104 represents

1283 3716 1483 3777 Above,

328 4116 592 4182 λαμβάνων
630 4119 797 4171 rather
824 4121 947 4172 than
975 4121 1161 4186 λαβών,
1187 4123 1273 4174 the
1305 4123 1489 4174 former

326 4203 481 4268 being
509 4202 596 4253 the
626 4204 834 4269 reading
866 4205 925 4255 of
951 4205 1127 4271 Chrys.
1168 4208 1268 4257 and
1304 4207 1487 4265 Thdt.;

326 4285 418 4334 but
454 4284 507 4334 in
534 4299 625 4334 our
656 4284 951 4335 translation
991 4286 1090 4337 this
1124 4292 1257 4338 must
1296 4295 1384 4337 not
1422 4288 1488 4339 be

327 4363 543 4414 inserted
577 4363 705 4414 from
743 4364 831 4415 the
863 4380 953 4415 use
985 4365 1044 4415 of
1074 4366 1161 4417 the
1192 4382 1322 4432 pres.
1356 4376 1486 4433 part.

326 4446 448 4496 Sine
491 4446 839 4504 simulatione,-
885 4447 1153 4509 Ambrstr.,
1206 4454 1239 4478 ‘⁴
1254 4449 1448 4501 sincera
1458 4449 1489 4474 ’'

329 4526 413 4592 (cf.
435 4528 593 4593 infra,
623 4529 656 4580 l.
683 4528 764 4589 6);
800 4530 969 4595 vulg„
997 4535 1147 4580 “non
1169 4529 1335 4581 ficta.’'

1663 3405 1711 3457 7.
1776 3394 2058 3459 exquibus]
2092 3395 2188 3447 See
2209 3410 2291 3445 vv.
2314 3393 2368 3444 11.
2430 3393 2541 3444 The
2557 3393 2749 3458 clumsy

1589 3474 1892 3540 periphrasis
1919 3493 1982 3526 ex
2010 3476 2114 3525 illis
2146 3476 2229 3525 uel
2258 3492 2326 3525 m.
2357 3491 2419 3524 ax
2454 3475 2748 3539 φαίὸιιεεέξ

1586 3552 1653 3602 ὧν
1705 3554 1748 3604 is
1793 3555 2157 3607 characteristic
2211 3555 2270 3605 of
2306 3571 2399 3605 our
2440 3554 2747 3605 translator's

1586 3643 1737 3685 worst
1760 3635 1903 3700 style.

1653 3730 1703 3782 9.
1770 3715 2183 3781 magnanimiter]
2251 3714 2329 3766 Cf.
2371 3726 2410 3766 1.
2458 3732 2509 3781 p.
2540 3714 2742 3765 xxxviii.

1586 3797 1689 3847 For
1704 3798 2042 3862 magnanimis·
2053 3813 2136 3847 see
2156 3797 2374 3857 Ronseh,
2388 3797 2540 3859 Itala,
2551 3814 2602 3862 p.
2619 3810 2714 3861 274
2728 3814 2743 3859 ς

1586 3877 1665 3928 sor
1687 3879 1775 3928 the
1803 3880 2007 3939 adverb,
2036 3879 2118 3929 De
2141 3879 2248 3939 vit,
2271 3893 2310 3928 s.
2330 3894 2379 3926 v.

1657 3973 1733 4009 12.
1787 3958 2116 4020 inhabitauit]
2145 3955 2403 4020 ἐνῴκησεν.
2457 3957 2572 4008 The
2593 3958 2745 4008 Latin

1583 4040 1807 4091 versions
1862 4040 1992 4090 have
2051 4040 2236 4106 simply
2287 4044 2319 4068 ‘⁸
2334 4040 2582 4091 habitauit
2597 4038 2627 4064 '²
2687 4057 2746 4090 or

1585 4128 1619 4152 ‘⁸
1633 4130 1686 4173 et
1716 4122 1806 4173 h.”

1657 4220 1733 4269 13.
1798 4212 1849 4256 et
1898 4206 2019 4270 quia
2067 4206 2154 4255 hoc
2207 4206 2429 4267 necdum,
2476 4205 2593 4268 δια]
2659 4206 2741 4257 Cf.

1584 4288 1799 4353 Chrys-2
1845 4288 1912 4338 τὰ
1952 4289 2052 4352 γὰρ
2088 4291 2187 4337 τῶν
2221 4290 2473 4352 προγόνων
2507 4291 2740 4351 ἐγκώμια,

1584 4372 1705 4420 ὅταν
1746 4371 1838 4431 μὲν
1896 4372 2055 4421 αὐτοῖς
2107 4372 2418 4431 κοινωνῶμεν,
2474 4373 2556 4421 καὶ
2610 4372 2744 4431 ἡμῶν

1586 4454 1744 4502 ἐστίν·
1779 4453 1897 4502 ὅταν
1928 4454 1982 4502 δὲ
2008 4453 2093 4513 μή,
2118 4454 2250 4503 οὐδὲν
2275 4454 2447 4515 ἰσχύει,
2489 4453 2622 4503 ἀλλὰ
2663 4454 2744 4503 καὶ

1584 4533 1776 4592 μᾶλλον
1807 4533 2092 4595 κατακρίνει.

2364 4649 2386 4693 1
2401 4646 2564 4710 3—2

2782 2324 2854 2392 15
