<?xml version="1.0" encoding="UTF-8"?>
<!DOCTYPE html PUBLIC "-//W3C//DTD XHTML 1.0 Transitional//EN"
    "http://www.w3.org/TR/xhtml1/DTD/xhtml1-transitional.dtd">
<html xmlns="http://www.w3.org/1999/xhtml" xml:lang="en" lang="en">
 <head>
  <title>
</title>
<meta http-equiv="Content-Type" content="text/html;charset=utf-8" />
  <meta name='ocr-system' content='tesseract 3.04.00' />
  <meta name='ocr-capabilities' content='ocr_page ocr_carea ocr_par ocr_line ocrx_word'/>
</head>
<body>
  <div class='ocr_page' id='page_1' title='image "./theodoriepiscop02swetgoog_0344.png"; bbox 0 0 3221 5116; ppageno 0'>
   <div class='ocr_carea' id='block_1_1' title="bbox 324 388 2682 459">
    <p class='ocr_par' dir='ltr' id='par_1_1' title="bbox 324 388 2682 459">
     <span class='ocr_line' id='line_1_1' title="bbox 324 388 2682 459; baseline -0.002 -12"><span class='ocrx_word' id='word_1_1' title='bbox 324 395 782 449; x_wconf 82' lang='lat' dir='ltr'><strong>FRAGMENTS</strong></span> <span class='ocrx_word' id='word_1_2' title='bbox 827 395 923 449; x_wconf 69' lang='lat'><strong>01⁴·</strong></span> <span class='ocrx_word' id='word_1_3' title='bbox 966 395 1123 446; x_wconf 85' lang='lat' dir='ltr'><strong>THE</strong></span> <span class='ocrx_word' id='word_1_4' title='bbox 1168 392 1562 446; x_wconf 82' lang='lat' dir='ltr'>DOGMATIC</span> <span class='ocrx_word' id='word_1_5' title='bbox 1606 392 1878 445; x_wconf 84' lang='lat' dir='ltr'>WORKS</span> <span class='ocrx_word' id='word_1_6' title='bbox 1923 392 2018 445; x_wconf 85' lang='lat' dir='ltr'><strong>OF</strong></span> <span class='ocrx_word' id='word_1_7' title='bbox 2063 392 2489 446; x_wconf 85' lang='lat' dir='ltr'>THEODORE.</span> <span class='ocrx_word' id='word_1_8' title='bbox 2561 388 2682 459; x_wconf 83' lang='grc'><strong>333</strong></span> 
     </span>
    </p>
   </div>
   <div class='ocr_carea' id='block_1_2' title="bbox 264 552 2800 1528">
    <p class='ocr_par' dir='ltr' id='par_1_2' title="bbox 264 552 2800 1528">
     <span class='ocr_line' id='line_1_2' title="bbox 264 552 2690 647; baseline -0.003 -17"><span class='ocrx_word' id='word_1_9' title='bbox 264 567 602 647; x_wconf 81' lang='lat' dir='ltr'><strong>percipere3</strong></span> <span class='ocrx_word' id='word_1_10' title='bbox 641 565 1020 629; x_wconf 87' lang='lat' dir='ltr'><strong>manifestum</strong></span> <span class='ocrx_word' id='word_1_11' title='bbox 1049 577 1141 628; x_wconf 85' lang='lat' dir='ltr'><strong>est</strong></span> <span class='ocrx_word' id='word_1_12' title='bbox 1168 565 1335 644; x_wconf 90' lang='lat' dir='ltr'><strong>quod</strong></span> <span class='ocrx_word' id='word_1_13' title='bbox 1371 576 1433 627; x_wconf 92' lang='lat' dir='ltr'><strong>et</strong></span> <span class='ocrx_word' id='word_1_14' title='bbox 1468 574 1854 642; x_wconf 75' lang='lat' dir='ltr'><strong>pecoeturum</strong></span> <span class='ocrx_word' id='word_1_15' title='bbox 1881 583 2022 626; x_wconf 90' lang='lat' dir='ltr'><strong>eum</strong></span> <span class='ocrx_word' id='word_1_16' title='bbox 2049 573 2318 636; x_wconf 89' lang='lat' dir='ltr'><strong>nouerat,</strong></span> <span class='ocrx_word' id='word_1_17' title='bbox 2349 572 2413 625; x_wconf 90' lang='lat' dir='ltr'><strong>et</strong></span> <span class='ocrx_word' id='word_1_18' title='bbox 2441 552 2690 640; x_wconf 76' lang='lat' dir='ltr'><strong>propter</strong></span> 
     </span>
     <span class='ocr_line' id='line_1_3' title="bbox 264 659 2691 742; baseline -0.002 -19"><span class='ocrx_word' id='word_1_19' title='bbox 264 663 382 724; x_wconf 91' lang='lat' dir='ltr'><strong>hoc</strong></span> <span class='ocrx_word' id='word_1_20' title='bbox 414 665 625 742; x_wconf 88' lang='lat' dir='ltr'><strong>procul</strong></span> <span class='ocrx_word' id='word_1_21' title='bbox 665 663 856 725; x_wconf 93' lang='lat' dir='ltr'><strong>dubio</strong></span> <span class='ocrx_word' id='word_1_22' title='bbox 904 661 1271 724; x_wconf 89' lang='lat' dir='ltr'><strong>moriturum.</strong></span> <span class='ocrx_word' id='word_1_23' title='bbox 1357 680 1481 739; x_wconf 92' lang='lat' dir='ltr'><strong>quo</strong></span> <span class='ocrx_word' id='word_1_24' title='bbox 1528 662 1716 722; x_wconf 89' lang='lat' dir='ltr'><strong>modo</strong></span> <span class='ocrx_word' id='word_1_25' title='bbox 1759 681 1900 740; x_wconf 90' lang='lat' dir='ltr'><strong>ergo</strong></span> <span class='ocrx_word' id='word_1_26' title='bbox 1940 680 2065 722; x_wconf 90' lang='lat' dir='ltr'><strong>non</strong></span> <span class='ocrx_word' id='word_1_27' title='bbox 2108 671 2201 722; x_wconf 91' lang='lat' dir='ltr'><strong>est</strong></span> <span class='ocrx_word' id='word_1_28' title='bbox 2242 672 2541 721; x_wconf 86' lang='lat' dir='ltr'><strong>extremae</strong></span> <span class='ocrx_word' id='word_1_29' title='bbox 2589 659 2691 719; x_wconf 92' lang='lat' dir='ltr'><strong>de-</strong></span> 
     </span>
     <span class='ocr_line' id='line_1_4' title="bbox 267 756 2691 839; baseline -0.003 -15"><span class='ocrx_word' id='word_1_30' title='bbox 267 762 526 824; x_wconf 91' lang='lat' dir='ltr'><strong>mentiae</strong></span> <span class='ocrx_word' id='word_1_31' title='bbox 574 762 817 824; x_wconf 87' lang='lat' dir='ltr'><strong>credere</strong></span> <span class='ocrx_word' id='word_1_32' title='bbox 861 762 1027 839; x_wconf 90' lang='lat' dir='ltr'><strong>quod</strong></span> <span class='ocrx_word' id='word_1_33' title='bbox 1076 760 1349 838; x_wconf 89' lang='lat' dir='ltr'><strong>primitus</strong></span> <span class='ocrx_word' id='word_1_34' title='bbox 1392 779 1531 821; x_wconf 92' lang='lat' dir='ltr'><strong>eum</strong></span> <span class='ocrx_word' id='word_1_35' title='bbox 1580 759 1958 821; x_wconf 81' lang='lat' dir='ltr'><strong>inmortalem</strong></span> <span class='ocrx_word' id='word_1_36' title='bbox 2007 758 2071 819; x_wconf 90' lang='lat' dir='ltr'><strong>in</strong></span> <span class='ocrx_word' id='word_1_37' title='bbox 2121 778 2226 821; x_wconf 87' lang='lat' dir='ltr'><strong>sex</strong></span> <span class='ocrx_word' id='word_1_38' title='bbox 2268 760 2446 819; x_wconf 88' lang='lat' dir='ltr'><strong>horas</strong></span> <span class='ocrx_word' id='word_1_39' title='bbox 2483 756 2691 819; x_wconf 81' lang='lat' dir='ltr'><strong>fecerit</strong></span> 
     </span>
     <span class='ocr_line' id='line_1_5' title="bbox 268 856 2692 941; baseline -0.003 -20"><span class='ocrx_word' id='word_1_40' title='bbox 268 860 434 941; x_wconf 90' lang='lat' dir='ltr'><strong>(nam</strong></span> <span class='ocrx_word' id='word_1_41' title='bbox 468 871 670 922; x_wconf 89' lang='lat' dir='ltr'><strong>tantae</strong></span> <span class='ocrx_word' id='word_1_42' title='bbox 710 862 949 922; x_wconf 80' lang='lat' dir='ltr'><strong>fuerunt</strong></span> <span class='ocrx_word' id='word_1_43' title='bbox 989 879 1027 919; x_wconf 92' lang='lat' dir='ltr'><strong>a</strong></span> <span class='ocrx_word' id='word_1_44' title='bbox 1068 856 1415 921; x_wconf 89' lang='lat' dir='ltr'><strong>conditione</strong></span> <span class='ocrx_word' id='word_1_45' title='bbox 1450 858 1578 919; x_wconf 87' lang='lat' dir='ltr'><strong>eius</strong></span> <span class='ocrx_word' id='word_1_46' title='bbox 1616 876 1807 935; x_wconf 90' lang='lat' dir='ltr'><strong>usque</strong></span> <span class='ocrx_word' id='word_1_47' title='bbox 1849 859 1927 918; x_wconf 92' lang='lat' dir='ltr'><strong>ad</strong></span> <span class='ocrx_word' id='word_1_48' title='bbox 1964 857 2470 931; x_wconf 88' lang='lat' dir='ltr'><strong>commissionem,</strong></span> <span class='ocrx_word' id='word_1_49' title='bbox 2506 874 2692 932; x_wconf 89' lang='lat' dir='ltr'><strong>quan-</strong></span> 
     </span>
     <span class='ocr_line' id='line_1_6' title="bbox 268 952 2794 1037; baseline -0.003 -17"><span class='ocrx_word' id='word_1_50' title='bbox 268 957 597 1037; x_wconf 91' lang='lat' dir='ltr'><strong>doquidem</strong></span> <span class='ocrx_word' id='word_1_51' title='bbox 646 968 813 1019; x_wconf 89' lang='lat' dir='ltr'><strong>sexto</strong></span> <span class='ocrx_word' id='word_1_52' title='bbox 863 956 963 1018; x_wconf 91' lang='lat' dir='ltr'><strong>die</strong></span> <span class='ocrx_word' id='word_1_53' title='bbox 990 959 1179 1018; x_wconf 87' lang='lat' dir='ltr'><strong>factus</strong></span> <span class='ocrx_word' id='word_1_54' title='bbox 1208 976 1243 1018; x_wconf 92' lang='lat' dir='ltr'><strong>e</strong></span> <span class='ocrx_word' id='word_1_55' title='bbox 1276 967 1432 1018; x_wconf 92' lang='lat' dir='ltr'><strong>terra</strong></span> <span class='ocrx_word' id='word_1_56' title='bbox 1458 967 1518 1017; x_wconf 91' lang='lat' dir='ltr'><strong>et</strong></span> <span class='ocrx_word' id='word_1_57' title='bbox 1547 957 1876 1017; x_wconf 90' lang='lat' dir='ltr'><strong>comedens</strong></span> <span class='ocrx_word' id='word_1_58' title='bbox 1902 967 2114 1017; x_wconf 91' lang='lat' dir='ltr'><strong>contra</strong></span> <span class='ocrx_word' id='word_1_59' title='bbox 2142 954 2415 1016; x_wconf 89' lang='lat' dir='ltr'><strong>diuinum</strong></span> <span class='ocrx_word' id='word_1_60' title='bbox 2444 952 2692 1013; x_wconf 91' lang='lat' dir='ltr'><strong>manda·</strong></span> <span class='ocrx_word' id='word_1_61' title='bbox 2760 962 2794 1025; x_wconf 85' lang='lat'>5</span> 
     </span>
     <span class='ocr_line' id='line_1_7' title="bbox 267 1049 2695 1134; baseline -0.003 -17"><span class='ocrx_word' id='word_1_62' title='bbox 267 1067 397 1117; x_wconf 92' lang='lat' dir='ltr'><strong>tum</strong></span> <span class='ocrx_word' id='word_1_63' title='bbox 425 1057 503 1117; x_wconf 92' lang='lat' dir='ltr'><strong>de</strong></span> <span class='ocrx_word' id='word_1_64' title='bbox 530 1055 807 1134; x_wconf 83' lang='lat' dir='ltr'><strong>paradiso</strong></span> <span class='ocrx_word' id='word_1_65' title='bbox 833 1055 1037 1133; x_wconf 90' lang='lat' dir='ltr'><strong>pulsus</strong></span> <span class='ocrx_word' id='word_1_66' title='bbox 1066 1054 1201 1133; x_wconf 87' lang='lat' dir='ltr'><strong>est),</strong></span> <span class='ocrx_word' id='word_1_67' title='bbox 1221 1054 1533 1115; x_wconf 85' lang='lat' dir='ltr'><strong>mortalem</strong></span> <span class='ocrx_word' id='word_1_68' title='bbox 1555 1073 1700 1115; x_wconf 85' lang='lat' dir='ltr'><strong>uero</strong></span> <span class='ocrx_word' id='word_1_69' title='bbox 1727 1063 1866 1131; x_wconf 90' lang='lat' dir='ltr'><strong>post</strong></span> <span class='ocrx_word' id='word_1_70' title='bbox 1892 1064 2211 1131; x_wconf 91' lang='lat' dir='ltr'><strong>peccatum</strong></span> <span class='ocrx_word' id='word_1_71' title='bbox 2239 1049 2695 1112; x_wconf 81' lang='lat' dir='ltr'><strong>monstrauerit?</strong></span> 
     </span>
     <span class='ocr_line' id='line_1_8' title="bbox 267 1150 2691 1230; baseline -0.002 -15"><span class='ocrx_word' id='word_1_72' title='bbox 267 1166 494 1216; x_wconf 89' lang='lat' dir='ltr'><strong>certum</strong></span> <span class='ocrx_word' id='word_1_73' title='bbox 541 1165 631 1215; x_wconf 86' lang='lat' dir='ltr'><strong>est</strong></span> <span class='ocrx_word' id='word_1_74' title='bbox 687 1152 848 1215; x_wconf 90' lang='lat' dir='ltr'><strong>enim</strong></span> <span class='ocrx_word' id='word_1_75' title='bbox 897 1152 1038 1230; x_wconf 88' lang='lat' dir='ltr'><strong>quia</strong></span> <span class='ocrx_word' id='word_1_76' title='bbox 1086 1153 1135 1213; x_wconf 87' lang='lat' dir='ltr'><strong>si</strong></span> <span class='ocrx_word' id='word_1_77' title='bbox 1184 1172 1322 1214; x_wconf 89' lang='lat' dir='ltr'><strong>eum</strong></span> <span class='ocrx_word' id='word_1_78' title='bbox 1369 1152 1748 1212; x_wconf 85' lang='lat' dir='ltr'><strong>inmortalem</strong></span> <span class='ocrx_word' id='word_1_79' title='bbox 1798 1150 2107 1225; x_wconf 89' lang='lat' dir='ltr'><strong>uoluisset,</strong></span> <span class='ocrx_word' id='word_1_80' title='bbox 2153 1170 2267 1212; x_wconf 94' lang='lat' dir='ltr'><strong>nec</strong></span> <span class='ocrx_word' id='word_1_81' title='bbox 2313 1150 2691 1211; x_wconf 89' lang='lat' dir='ltr'><strong>intercedens</strong></span> 
     </span>
     <span class='ocr_line' id='line_1_9' title="bbox 267 1247 2696 1332; baseline -0.002 -19"><span class='ocrx_word' id='word_1_82' title='bbox 267 1264 581 1332; x_wconf 91' lang='lat' dir='ltr'><strong>peccatum</strong></span> <span class='ocrx_word' id='word_1_83' title='bbox 631 1251 750 1312; x_wconf 89' lang='lat' dir='ltr'><strong>Dei</strong></span> <span class='ocrx_word' id='word_1_84' title='bbox 798 1250 1156 1312; x_wconf 88' lang='lat' dir='ltr'><strong>sententiam</strong></span> <span class='ocrx_word' id='word_1_85' title='bbox 1206 1261 1671 1326; x_wconf 80' lang='lat' dir='ltr'><strong>commutasset3</strong></span> <span class='ocrx_word' id='word_1_86' title='bbox 1731 1250 1873 1329; x_wconf 87' lang='lat' dir='ltr'><strong>quia</strong></span> <span class='ocrx_word' id='word_1_87' title='bbox 1915 1270 2029 1312; x_wconf 89' lang='lat' dir='ltr'><strong>nec</strong></span> <span class='ocrx_word' id='word_1_88' title='bbox 2078 1248 2385 1312; x_wconf 90' lang='lat' dir='ltr'><strong>diabolum</strong></span> <span class='ocrx_word' id='word_1_89' title='bbox 2432 1247 2572 1310; x_wconf 81' lang='lat' dir='ltr'><strong>fecit</strong></span> <span class='ocrx_word' id='word_1_90' title='bbox 2619 1267 2696 1309; x_wconf 84' lang='lat' dir='ltr'><strong>ex</strong></span> 
     </span>
     <span class='ocr_line' id='line_1_10' title="bbox 267 1346 2696 1426; baseline -0.001 -16"><span class='ocrx_word' id='word_1_91' title='bbox 267 1348 569 1411; x_wconf 90' lang='lat' dir='ltr'><strong>inmortali</strong></span> <span class='ocrx_word' id='word_1_92' title='bbox 610 1350 940 1423; x_wconf 84' lang='lat' dir='ltr'><strong>mortalem,</strong></span> <span class='ocrx_word' id='word_1_93' title='bbox 977 1359 1039 1410; x_wconf 89' lang='lat' dir='ltr'><strong>et</strong></span> <span class='ocrx_word' id='word_1_94' title='bbox 1081 1346 1326 1426; x_wconf 90' lang='lat' dir='ltr'><strong>quidem</strong></span> <span class='ocrx_word' id='word_1_95' title='bbox 1361 1358 1716 1409; x_wconf 90' lang='lat' dir='ltr'><strong>cunctorum</strong></span> <span class='ocrx_word' id='word_1_96' title='bbox 1755 1349 2049 1409; x_wconf 90' lang='lat' dir='ltr'><strong>malorum</strong></span> <span class='ocrx_word' id='word_1_97' title='bbox 2083 1346 2440 1409; x_wconf 84' lang='lat' dir='ltr'><strong>existentem</strong></span> <span class='ocrx_word' id='word_1_98' title='bbox 2479 1347 2696 1425; x_wconf 91' lang='lat' dir='ltr'><strong>princi-</strong></span> 
     </span>
     <span class='ocr_line' id='line_1_11' title="bbox 269 1449 2800 1528; baseline -0.005 -18"><span class='ocrx_word' id='word_1_99' title='bbox 269 1449 453 1528; x_wconf 92' lang='lat' dir='ltr'><strong>pium.</strong></span> <span class='ocrx_word' id='word_1_100' title='bbox 2724 1457 2800 1499; x_wconf 85' lang='lat'><strong>10</strong></span> 
     </span>
    </p>
   </div>
   <div class='ocr_carea' id='block_1_3' title="bbox 276 1665 2696 1946">
    <p class='ocr_par' dir='ltr' id='par_1_3' title="bbox 276 1665 2696 1946">
     <span class='ocr_line' id='line_1_12' title="bbox 276 1665 2696 1751; baseline 0 -23"><span class='ocrx_word' id='word_1_101' title='bbox 276 1689 324 1728; x_wconf 85' lang='lat'><strong>2.</strong></span> <span class='ocrx_word' id='word_1_102' title='bbox 411 1666 586 1751; x_wconf 92' lang='lat' dir='ltr'><strong>[Mar.</strong></span> <span class='ocrx_word' id='word_1_103' title='bbox 638 1670 884 1731; x_wconf 89' lang='lat' dir='ltr'><strong>Mercat.</strong></span> <span class='ocrx_word' id='word_1_104' title='bbox 931 1691 1044 1731; x_wconf 83' lang='lat' dir='ltr'><strong>exc.</strong></span> <span class='ocrx_word' id='word_1_105' title='bbox 1092 1691 1131 1744; x_wconf 93' lang='lat'>4</span> <span class='ocrx_word' id='word_1_106' title='bbox 1174 1668 1239 1750; x_wconf 88' lang='lat'><strong>(“</strong></span> <span class='ocrx_word' id='word_1_107' title='bbox 1261 1669 1530 1732; x_wconf 90' lang='lat' dir='ltr'><strong>eiusdem</strong></span> <span class='ocrx_word' id='word_1_108' title='bbox 1572 1668 1884 1731; x_wconf 89' lang='lat' dir='ltr'><strong>Theodori</strong></span> <span class='ocrx_word' id='word_1_109' title='bbox 1927 1670 2005 1731; x_wconf 91' lang='lat' dir='ltr'><strong>de</strong></span> <span class='ocrx_word' id='word_1_110' title='bbox 2050 1670 2319 1730; x_wconf 91' lang='lat' dir='ltr'><strong>seeundo</strong></span> <span class='ocrx_word' id='word_1_111' title='bbox 2359 1665 2572 1730; x_wconf 90' lang='lat' dir='ltr'><strong>codice</strong></span> <span class='ocrx_word' id='word_1_112' title='bbox 2621 1686 2696 1729; x_wconf 87' lang='lat' dir='ltr'><strong>ex</strong></span> 
     </span>
     <span class='ocr_line' id='line_1_13' title="bbox 431 1765 2689 1849; baseline -0.001 -21"><span class='ocrx_word' id='word_1_113' title='bbox 431 1768 584 1830; x_wconf 91' lang='lat' dir='ltr'><strong>libro</strong></span> <span class='ocrx_word' id='word_1_114' title='bbox 625 1767 801 1831; x_wconf 87' lang='lat' dir='ltr'><strong>tertio</strong></span> <span class='ocrx_word' id='word_1_115' title='bbox 842 1768 988 1832; x_wconf 87' lang='lat' dir='ltr'><strong>folio</strong></span> <span class='ocrx_word' id='word_1_116' title='bbox 1028 1769 1316 1849; x_wconf 82' lang='lat' dir='ltr'><strong>vigesimo</strong></span> <span class='ocrx_word' id='word_1_117' title='bbox 1358 1768 1612 1847; x_wconf 84' lang='lat' dir='ltr'><strong>quinto:</strong></span> <span class='ocrx_word' id='word_1_118' title='bbox 1653 1788 1766 1830; x_wconf 85' lang='lat' dir='ltr'><strong>non</strong></span> <span class='ocrx_word' id='word_1_119' title='bbox 1795 1769 1963 1842; x_wconf 85' lang='lat' dir='ltr'><strong>enim,</strong></span> <span class='ocrx_word' id='word_1_120' title='bbox 1992 1765 2201 1845; x_wconf 89' lang='lat' dir='ltr'><strong>inquit,</strong></span> <span class='ocrx_word' id='word_1_121' title='bbox 2233 1769 2329 1827; x_wconf 72' lang='lat' dir='ltr'><strong>hir</strong></span> <span class='ocrx_word' id='word_1_122' title='bbox 2351 1767 2470 1844; x_wconf 81' lang='lat' dir='ltr'><strong>qui,</strong></span> <span class='ocrx_word' id='word_1_123' title='bbox 2500 1770 2689 1829; x_wconf 87' lang='lat' dir='ltr'><strong>&amp;c....</strong></span> 
     </span>
     <span class='ocr_line' id='line_1_14' title="bbox 433 1862 2107 1946; baseline -0.001 -21"><span class='ocrx_word' id='word_1_124' title='bbox 433 1876 495 1925; x_wconf 92' lang='lat' dir='ltr'><strong>et</strong></span> <span class='ocrx_word' id='word_1_125' title='bbox 521 1876 662 1943; x_wconf 86' lang='lat' dir='ltr'><strong>post</strong></span> <span class='ocrx_word' id='word_1_126' title='bbox 688 1866 999 1944; x_wconf 90' lang='lat' dir='ltr'><strong>paululum</strong></span> <span class='ocrx_word' id='word_1_127' title='bbox 1030 1888 1044 1926; x_wconf 72' lang='grc' dir='ltr'><strong>ε</strong></span> <span class='ocrx_word' id='word_1_128' title='bbox 1086 1869 1233 1944; x_wconf 81' lang='lat' dir='ltr'><strong>quis,</strong></span> <span class='ocrx_word' id='word_1_129' title='bbox 1265 1864 1477 1944; x_wconf 89' lang='lat' dir='ltr'><strong>inquit,</strong></span> <span class='ocrx_word' id='word_1_130' title='bbox 1508 1868 1594 1927; x_wconf 85' lang='lat' dir='ltr'><strong>ita</strong></span> <span class='ocrx_word' id='word_1_131' title='bbox 1619 1868 1860 1940; x_wconf 83' lang='lat' dir='ltr'><strong>demens,</strong></span> <span class='ocrx_word' id='word_1_132' title='bbox 1890 1862 2107 1946; x_wconf 84' lang='lat' dir='ltr'><strong>&amp;c.”)].</strong></span> 
     </span>
    </p>
   </div>
   <div class='ocr_carea' id='block_1_4' title="bbox 271 2008 2808 2967">
    <p class='ocr_par' dir='ltr' id='par_1_4' title="bbox 271 2008 2808 2967">
     <span class='ocr_line' id='line_1_15' title="bbox 393 2008 2700 2091; baseline 0.001 -22"><span class='ocrx_word' id='word_1_133' title='bbox 393 2010 535 2069; x_wconf 93' lang='lat' dir='ltr'><strong>Non</strong></span> <span class='ocrx_word' id='word_1_134' title='bbox 585 2010 748 2071; x_wconf 92' lang='lat' dir='ltr'><strong>enim</strong></span> <span class='ocrx_word' id='word_1_135' title='bbox 797 2011 889 2072; x_wconf 90' lang='lat' dir='ltr'><strong>his</strong></span> <span class='ocrx_word' id='word_1_136' title='bbox 937 2012 1041 2090; x_wconf 90' lang='lat' dir='ltr'><strong>qui</strong></span> <span class='ocrx_word' id='word_1_137' title='bbox 1087 2014 1163 2073; x_wconf 91' lang='lat' dir='ltr'><strong>ab</strong></span> <span class='ocrx_word' id='word_1_138' title='bbox 1210 2010 1409 2073; x_wconf 89' lang='lat' dir='ltr'><strong>Adam</strong></span> <span class='ocrx_word' id='word_1_139' title='bbox 1454 2033 1649 2091; x_wconf 89' lang='lat' dir='ltr'><strong>usque</strong></span> <span class='ocrx_word' id='word_1_140' title='bbox 1692 2014 1770 2074; x_wconf 88' lang='lat' dir='ltr'><strong>ad</strong></span> <span class='ocrx_word' id='word_1_141' title='bbox 1816 2013 2145 2074; x_wconf 90' lang='lat' dir='ltr'><strong>aduentum</strong></span> <span class='ocrx_word' id='word_1_142' title='bbox 2193 2009 2417 2073; x_wconf 87' lang='lat' dir='ltr'><strong>Christi</strong></span> <span class='ocrx_word' id='word_1_143' title='bbox 2467 2008 2700 2071; x_wconf 87' lang='lat' dir='ltr'><strong>domini</strong></span> 
     </span>
     <span class='ocr_line' id='line_1_16' title="bbox 271 2105 2697 2188; baseline 0 -23"><span class='ocrx_word' id='word_1_144' title='bbox 271 2105 333 2165; x_wconf 92' lang='lat' dir='ltr'><strong>in</strong></span> <span class='ocrx_word' id='word_1_145' title='bbox 387 2107 567 2167; x_wconf 88' lang='lat' dir='ltr'><strong>tantis</strong></span> <span class='ocrx_word' id='word_1_146' title='bbox 622 2109 858 2169; x_wconf 89' lang='lat' dir='ltr'><strong>fuerunt</strong></span> <span class='ocrx_word' id='word_1_147' title='bbox 912 2108 1318 2187; x_wconf 88' lang='lat' dir='ltr'><strong>impietatibus</strong></span> <span class='ocrx_word' id='word_1_148' title='bbox 1368 2122 1428 2171; x_wconf 90' lang='lat' dir='ltr'><strong>et</strong></span> <span class='ocrx_word' id='word_1_149' title='bbox 1472 2109 1883 2188; x_wconf 89' lang='lat' dir='ltr'><strong>iniquitatibus</strong></span> <span class='ocrx_word' id='word_1_150' title='bbox 1926 2120 2186 2187; x_wconf 89' lang='lat' dir='ltr'><strong>quantus</strong></span> <span class='ocrx_word' id='word_1_151' title='bbox 2227 2109 2437 2169; x_wconf 90' lang='lat' dir='ltr'><strong>beatus</strong></span> <span class='ocrx_word' id='word_1_152' title='bbox 2481 2108 2697 2167; x_wconf 88' lang='lat' dir='ltr'><strong>Paulus</strong></span> 
     </span>
     <span class='ocr_line' id='line_1_17' title="bbox 272 2203 2694 2285; baseline -0.001 -19"><span class='ocrx_word' id='word_1_153' title='bbox 272 2206 524 2284; x_wconf 89' lang='lat' dir='ltr'><strong>propriis</strong></span> <span class='ocrx_word' id='word_1_154' title='bbox 561 2205 757 2267; x_wconf 91' lang='lat' dir='ltr'><strong>uerbis</strong></span> <span class='ocrx_word' id='word_1_155' title='bbox 796 2206 1100 2283; x_wconf 87' lang='lat' dir='ltr'><strong>expressit,</strong></span> <span class='ocrx_word' id='word_1_156' title='bbox 1142 2217 1210 2267; x_wconf 95' lang='lat' dir='ltr'><strong>ut</strong></span> <span class='ocrx_word' id='word_1_157' title='bbox 1246 2206 1308 2266; x_wconf 94' lang='lat' dir='ltr'><strong>in</strong></span> <span class='ocrx_word' id='word_1_158' title='bbox 1344 2207 1748 2285; x_wconf 90' lang='lat' dir='ltr'><strong>superioribus</strong></span> <span class='ocrx_word' id='word_1_159' title='bbox 1777 2227 1850 2283; x_wconf 85' lang='lat' dir='ltr'><strong>ex</strong></span> <span class='ocrx_word' id='word_1_160' title='bbox 1876 2206 2005 2269; x_wconf 90' lang='lat' dir='ltr'><strong>eius</strong></span> <span class='ocrx_word' id='word_1_161' title='bbox 2034 2208 2397 2268; x_wconf 88' lang='lat' dir='ltr'><strong>declaratum</strong></span> <span class='ocrx_word' id='word_1_162' title='bbox 2425 2203 2694 2277; x_wconf 91' lang='lat' dir='ltr'><strong>uocibus,</strong></span> 
     </span>
     <span class='ocr_line' id='line_1_18' title="bbox 274 2301 2697 2384; baseline -0.001 -21"><span class='ocrx_word' id='word_1_163' title='bbox 274 2315 582 2382; x_wconf 88' lang='lat' dir='ltr'><strong>tamquam</strong></span> <span class='ocrx_word' id='word_1_164' title='bbox 618 2325 902 2384; x_wconf 90' lang='lat' dir='ltr'><strong>magnum</strong></span> <span class='ocrx_word' id='word_1_165' title='bbox 942 2302 1229 2383; x_wconf 88' lang='lat' dir='ltr'><strong>quiddam</strong></span> <span class='ocrx_word' id='word_1_166' title='bbox 1268 2306 1715 2368; x_wconf 89' lang='lat' dir='ltr'><strong>resurrectionis</strong></span> <span class='ocrx_word' id='word_1_167' title='bbox 1751 2307 2094 2367; x_wconf 87' lang='lat' dir='ltr'><strong>conlaturus</strong></span> <span class='ocrx_word' id='word_1_168' title='bbox 2137 2315 2227 2366; x_wconf 89' lang='lat' dir='ltr'><strong>est</strong></span> <span class='ocrx_word' id='word_1_169' title='bbox 2258 2303 2613 2382; x_wconf 89' lang='lat' dir='ltr'><strong>praemium,</strong></span> <span class='ocrx_word' id='word_1_170' title='bbox 2648 2301 2697 2362; x_wconf 91' lang='lat' dir='ltr'><strong>si</strong></span> 
     </span>
     <span class='ocr_line' id='line_1_19' title="bbox 275 2401 2799 2480; baseline -0.001 -18"><span class='ocrx_word' id='word_1_171' title='bbox 275 2420 381 2462; x_wconf 92' lang='lat' dir='ltr'><strong>eos</strong></span> <span class='ocrx_word' id='word_1_172' title='bbox 420 2401 726 2479; x_wconf 86' lang='lat' dir='ltr'><strong>suppliciis</strong></span> <span class='ocrx_word' id='word_1_173' title='bbox 762 2402 1120 2480; x_wconf 91' lang='lat' dir='ltr'><strong>quibusdam</strong></span> <span class='ocrx_word' id='word_1_174' title='bbox 1154 2402 1284 2463; x_wconf 88' lang='lat' dir='ltr'><strong>sine</strong></span> <span class='ocrx_word' id='word_1_175' title='bbox 1322 2405 1443 2464; x_wconf 83' lang='lat' dir='ltr'><strong>fine</strong></span> <span class='ocrx_word' id='word_1_176' title='bbox 1481 2414 1541 2463; x_wconf 93' lang='lat' dir='ltr'><strong>et</strong></span> <span class='ocrx_word' id='word_1_177' title='bbox 1579 2403 1708 2464; x_wconf 90' lang='lat' dir='ltr'><strong>sine</strong></span> <span class='ocrx_word' id='word_1_178' title='bbox 1742 2402 2111 2463; x_wconf 90' lang='lat' dir='ltr'><strong>correctione</strong></span> <span class='ocrx_word' id='word_1_179' title='bbox 2148 2401 2468 2463; x_wconf 88' lang='lat' dir='ltr'><strong>tradiderit.</strong></span> <span class='ocrx_word' id='word_1_180' title='bbox 2554 2421 2697 2463; x_wconf 90' lang='lat' dir='ltr'><strong>nam</strong></span> <span class='ocrx_word' id='word_1_181' title='bbox 2730 2413 2799 2477; x_wconf 83' lang='lat'><strong>15</strong></span> 
     </span>
     <span class='ocr_line' id='line_1_20' title="bbox 277 2496 2700 2577; baseline 0.001 -19"><span class='ocrx_word' id='word_1_182' title='bbox 277 2496 381 2558; x_wconf 91' lang='lat' dir='ltr'><strong>ubi</strong></span> <span class='ocrx_word' id='word_1_183' title='bbox 428 2496 546 2556; x_wconf 89' lang='lat' dir='ltr'><strong>iam</strong></span> <span class='ocrx_word' id='word_1_184' title='bbox 594 2498 732 2558; x_wconf 93' lang='lat' dir='ltr'><strong>loco</strong></span> <span class='ocrx_word' id='word_1_185' title='bbox 776 2497 1038 2558; x_wconf 89' lang='lat' dir='ltr'><strong>muneris</strong></span> <span class='ocrx_word' id='word_1_186' title='bbox 1079 2497 1431 2558; x_wconf 86' lang='lat' dir='ltr'><strong>resurrectio</strong></span> <span class='ocrx_word' id='word_1_187' title='bbox 1473 2498 1931 2577; x_wconf 88' lang='lat' dir='ltr'><strong>computabitur,</strong></span> <span class='ocrx_word' id='word_1_188' title='bbox 1977 2498 2027 2558; x_wconf 89' lang='lat' dir='ltr'><strong>si</strong></span> <span class='ocrx_word' id='word_1_189' title='bbox 2064 2518 2265 2577; x_wconf 91' lang='lat' dir='ltr'><strong>poena</strong></span> <span class='ocrx_word' id='word_1_190' title='bbox 2306 2498 2435 2560; x_wconf 90' lang='lat' dir='ltr'><strong>sine</strong></span> <span class='ocrx_word' id='word_1_191' title='bbox 2475 2518 2700 2561; x_wconf 89' lang='lat' dir='ltr'><strong>correc-</strong></span> 
     </span>
     <span class='ocr_line' id='line_1_21' title="bbox 276 2595 2699 2674; baseline -0 -16"><span class='ocrx_word' id='word_1_192' title='bbox 276 2596 441 2658; x_wconf 90' lang='lat' dir='ltr'><strong>tione</strong></span> <span class='ocrx_word' id='word_1_193' title='bbox 484 2595 925 2672; x_wconf 85' lang='lat' dir='ltr'><strong>resurgentibus</strong></span> <span class='ocrx_word' id='word_1_194' title='bbox 959 2595 1276 2656; x_wconf 82' lang='lat' dir='ltr'><strong>inferatur?</strong></span> <span class='ocrx_word' id='word_1_195' title='bbox 1438 2595 1477 2632; x_wconf 44' lang='grc' dir='ltr'><strong><em>ἢ</em></strong></span> <span class='ocrx_word' id='word_1_196' title='bbox 1641 2595 1680 2632; x_wconf 73' lang='lat'><strong>⁴*</strong></span> <span class='ocrx_word' id='word_1_197' title='bbox 1846 2595 1880 2628; x_wconf 72' lang='lat'><strong>&#39;⁵</strong></span> <span class='ocrx_word' id='word_1_198' title='bbox 2046 2596 2179 2674; x_wconf 90' lang='lat' dir='ltr'><strong>quis</strong></span> <span class='ocrx_word' id='word_1_199' title='bbox 2218 2595 2301 2658; x_wconf 90' lang='lat' dir='ltr'><strong>ita</strong></span> <span class='ocrx_word' id='word_1_200' title='bbox 2342 2598 2593 2657; x_wconf 88' lang='lat' dir='ltr'><strong>demens</strong></span> <span class='ocrx_word' id='word_1_201' title='bbox 2633 2608 2699 2657; x_wconf 91' lang='lat' dir='ltr'><strong>ut</strong></span> 
     </span>
     <span class='ocr_line' id='line_1_22' title="bbox 276 2691 2702 2771; baseline 0 -17"><span class='ocrx_word' id='word_1_202' title='bbox 276 2704 510 2754; x_wconf 91' lang='lat' dir='ltr'><strong>tantum</strong></span> <span class='ocrx_word' id='word_1_203' title='bbox 556 2692 785 2752; x_wconf 89' lang='lat' dir='ltr'><strong>bonum</strong></span> <span class='ocrx_word' id='word_1_204' title='bbox 828 2693 1031 2752; x_wconf 89' lang='lat' dir='ltr'><strong>credat</strong></span> <span class='ocrx_word' id='word_1_205' title='bbox 1076 2691 1383 2752; x_wconf 89' lang='lat' dir='ltr'><strong>materiam</strong></span> <span class='ocrx_word' id='word_1_206' title='bbox 1428 2691 1552 2753; x_wconf 91' lang='lat' dir='ltr'><strong>fieri</strong></span> <span class='ocrx_word' id='word_1_207' title='bbox 1613 2693 2055 2771; x_wconf 87' lang='lat' dir='ltr'><strong>resurgentibus</strong></span> <span class='ocrx_word' id='word_1_208' title='bbox 2110 2693 2324 2754; x_wconf 89' lang='lat' dir='ltr'><strong>infiniti</strong></span> <span class='ocrx_word' id='word_1_209' title='bbox 2379 2693 2702 2771; x_wconf 82' lang='lat' dir='ltr'><strong>supplicii?</strong></span> 
     </span>
     <span class='ocr_line' id='line_1_23' title="bbox 278 2788 2700 2868; baseline 0.001 -18"><span class='ocrx_word' id='word_1_210' title='bbox 278 2790 494 2868; x_wconf 90' lang='lat' dir='ltr'><strong>quibus</strong></span> <span class='ocrx_word' id='word_1_211' title='bbox 532 2788 731 2850; x_wconf 89' lang='lat' dir='ltr'><strong>utilius</strong></span> <span class='ocrx_word' id='word_1_212' title='bbox 765 2799 891 2849; x_wconf 91' lang='lat' dir='ltr'><strong>erat</strong></span> <span class='ocrx_word' id='word_1_213' title='bbox 932 2789 1181 2849; x_wconf 89' lang='lat' dir='ltr'><strong>omnino</strong></span> <span class='ocrx_word' id='word_1_214' title='bbox 1220 2808 1345 2849; x_wconf 90' lang='lat' dir='ltr'><strong>non</strong></span> <span class='ocrx_word' id='word_1_215' title='bbox 1383 2808 1620 2867; x_wconf 84' lang='lat' dir='ltr'><strong>surgere</strong></span> <span class='ocrx_word' id='word_1_216' title='bbox 1649 2809 1831 2867; x_wconf 90' lang='lat' dir='ltr'><strong>quam</strong></span> <span class='ocrx_word' id='word_1_217' title='bbox 1859 2801 2163 2851; x_wconf 90' lang='lat' dir='ltr'><strong>tantorum</strong></span> <span class='ocrx_word' id='word_1_218' title='bbox 2190 2803 2251 2853; x_wconf 93' lang='lat' dir='ltr'><strong>et</strong></span> <span class='ocrx_word' id='word_1_219' title='bbox 2280 2791 2488 2852; x_wconf 89' lang='lat' dir='ltr'><strong>talium</strong></span> <span class='ocrx_word' id='word_1_220' title='bbox 2515 2793 2700 2853; x_wconf 89' lang='lat' dir='ltr'><strong>malo-</strong></span> 
     </span>
     <span class='ocr_line' id='line_1_24' title="bbox 277 2886 2808 2967; baseline -0.002 -18"><span class='ocrx_word' id='word_1_221' title='bbox 277 2908 410 2950; x_wconf 89' lang='lat' dir='ltr'><strong>rum</strong></span> <span class='ocrx_word' id='word_1_222' title='bbox 438 2900 577 2965; x_wconf 91' lang='lat' dir='ltr'><strong>post</strong></span> <span class='ocrx_word' id='word_1_223' title='bbox 603 2886 1089 2949; x_wconf 88' lang='lat' dir='ltr'><strong>resurrectionem</strong></span> <span class='ocrx_word' id='word_1_224' title='bbox 1120 2889 1234 2948; x_wconf 90' lang='lat' dir='ltr'><strong>sub</strong></span> <span class='ocrx_word' id='word_1_225' title='bbox 1263 2887 1508 2949; x_wconf 86' lang='lat' dir='ltr'><strong>infinitis</strong></span> <span class='ocrx_word' id='word_1_226' title='bbox 1535 2888 1747 2966; x_wconf 93' lang='lat' dir='ltr'><strong>poenis</strong></span> <span class='ocrx_word' id='word_1_227' title='bbox 1775 2887 2198 2967; x_wconf 87' lang='lat' dir='ltr'><strong>experientiam</strong></span> <span class='ocrx_word' id='word_1_228' title='bbox 2228 2888 2535 2951; x_wconf 88' lang='lat' dir='ltr'><strong>sustinere.</strong></span> <span class='ocrx_word' id='word_1_229' title='bbox 2730 2904 2808 2946; x_wconf 83' lang='lat'><strong>20</strong></span> 
     </span>
    </p>
   </div>
   <div class='ocr_carea' id='block_1_5' title="bbox 281 3105 2705 3481">
    <p class='ocr_par' dir='ltr' id='par_1_5' title="bbox 281 3105 2705 3481">
     <span class='ocr_line' id='line_1_25' title="bbox 281 3105 2703 3190; baseline 0.002 -22"><span class='ocrx_word' id='word_1_230' title='bbox 281 3128 334 3186; x_wconf 84' lang='lat'><strong>3.</strong></span> <span class='ocrx_word' id='word_1_231' title='bbox 421 3105 597 3190; x_wconf 91' lang='lat' dir='ltr'><strong>[Mar.</strong></span> <span class='ocrx_word' id='word_1_232' title='bbox 648 3111 895 3168; x_wconf 89' lang='lat' dir='ltr'><strong>Mercat.</strong></span> <span class='ocrx_word' id='word_1_233' title='bbox 942 3127 1051 3168; x_wconf 67' lang='lat' dir='ltr'><strong>axa</strong></span> <span class='ocrx_word' id='word_1_234' title='bbox 1105 3128 1134 3167; x_wconf 85' lang='lat'><em>2</em></span> <span class='ocrx_word' id='word_1_235' title='bbox 1182 3105 1245 3186; x_wconf 88' lang='lat'><strong>(“</strong></span> <span class='ocrx_word' id='word_1_236' title='bbox 1264 3107 1533 3168; x_wconf 88' lang='lat' dir='ltr'><strong>eiusdem</strong></span> <span class='ocrx_word' id='word_1_237' title='bbox 1561 3107 1870 3168; x_wconf 91' lang='lat' dir='ltr'><strong>Theodori</strong></span> <span class='ocrx_word' id='word_1_238' title='bbox 1899 3126 1975 3168; x_wconf 86' lang='lat' dir='ltr'><strong>ex</strong></span> <span class='ocrx_word' id='word_1_239' title='bbox 2003 3108 2275 3170; x_wconf 86' lang='lat' dir='ltr'><strong>secundo</strong></span> <span class='ocrx_word' id='word_1_240' title='bbox 2302 3108 2519 3172; x_wconf 90' lang='lat' dir='ltr'><strong>codice</strong></span> <span class='ocrx_word' id='word_1_241' title='bbox 2550 3109 2703 3172; x_wconf 88' lang='lat' dir='ltr'><strong>libro</strong></span> 
     </span>
     <span class='ocr_line' id='line_1_26' title="bbox 441 3205 2705 3288; baseline 0.001 -21"><span class='ocrx_word' id='word_1_242' title='bbox 441 3206 616 3267; x_wconf 90' lang='lat' dir='ltr'><strong>tertio</strong></span> <span class='ocrx_word' id='word_1_243' title='bbox 659 3217 801 3267; x_wconf 89' lang='lat' dir='ltr'><strong>ante</strong></span> <span class='ocrx_word' id='word_1_244' title='bbox 844 3217 1126 3284; x_wconf 89' lang='lat' dir='ltr'><strong>quattuor</strong></span> <span class='ocrx_word' id='word_1_245' title='bbox 1166 3205 1309 3268; x_wconf 87' lang='lat' dir='ltr'><strong>folia</strong></span> <span class='ocrx_word' id='word_1_246' title='bbox 1347 3205 1481 3266; x_wconf 88' lang='lat' dir='ltr'><strong>finis</strong></span> <span class='ocrx_word' id='word_1_247' title='bbox 1508 3205 1677 3268; x_wconf 88' lang='lat' dir='ltr'><strong>libri:</strong></span> <span class='ocrx_word' id='word_1_248' title='bbox 1724 3209 1825 3266; x_wconf 81' lang='lat' dir='ltr'><strong>sed</strong></span> <span class='ocrx_word' id='word_1_249' title='bbox 1846 3207 2007 3266; x_wconf 80' lang='lat' dir='ltr'><strong>nihil</strong></span> <span class='ocrx_word' id='word_1_250' title='bbox 2022 3207 2248 3280; x_wconf 82' lang='lat' dir='ltr'><strong>horum,</strong></span> <span class='ocrx_word' id='word_1_251' title='bbox 2280 3210 2537 3270; x_wconf 86' lang='lat' dir='ltr'><strong>&amp;c....et</strong></span> <span class='ocrx_word' id='word_1_252' title='bbox 2566 3219 2705 3288; x_wconf 83' lang='lat' dir='ltr'><strong>post</strong></span> 
     </span>
     <span class='ocr_line' id='line_1_27' title="bbox 443 3301 2703 3382; baseline 0.001 -21"><span class='ocrx_word' id='word_1_253' title='bbox 443 3303 786 3381; x_wconf 84' lang='lat' dir='ltr'><strong>paululum:</strong></span> <span class='ocrx_word' id='word_1_254' title='bbox 829 3304 1204 3380; x_wconf 64' lang='lat' dir='ltr'><strong>manfistius‚</strong></span> <span class='ocrx_word' id='word_1_255' title='bbox 1243 3301 1452 3380; x_wconf 89' lang='lat' dir='ltr'><strong>inquit,</strong></span> <span class='ocrx_word' id='word_1_256' title='bbox 1496 3304 1635 3362; x_wconf 79' lang='lat' dir='ltr'><strong>haec</strong></span> <span class='ocrx_word' id='word_1_257' title='bbox 1666 3304 1865 3375; x_wconf 83' lang='lat' dir='ltr'><strong>eodem,</strong></span> <span class='ocrx_word' id='word_1_258' title='bbox 1905 3304 2162 3365; x_wconf 86' lang='lat' dir='ltr'><strong>&amp;c....et</strong></span> <span class='ocrx_word' id='word_1_259' title='bbox 2189 3315 2327 3381; x_wconf 91' lang='lat' dir='ltr'><strong>post</strong></span> <span class='ocrx_word' id='word_1_260' title='bbox 2353 3306 2659 3382; x_wconf 88' lang='lat' dir='ltr'><strong>paululum</strong></span> <span class='ocrx_word' id='word_1_261' title='bbox 2689 3325 2703 3363; x_wconf 77' lang='grc' dir='ltr'><strong><em>ε</em></strong></span> 
     </span>
     <span class='ocr_line' id='line_1_28' title="bbox 442 3396 1724 3481; baseline -0.002 -21"><span class='ocrx_word' id='word_1_262' title='bbox 442 3402 662 3474; x_wconf 59' lang='lat' dir='ltr'><strong>idam),</strong></span> <span class='ocrx_word' id='word_1_263' title='bbox 694 3398 906 3478; x_wconf 87' lang='lat' dir='ltr'><strong>inquit,</strong></span> <span class='ocrx_word' id='word_1_264' title='bbox 935 3402 1237 3460; x_wconf 83' lang='lat' dir='ltr'><strong>Dominus</strong></span> <span class='ocrx_word' id='word_1_265' title='bbox 1262 3409 1477 3473; x_wconf 83' lang='lat' dir='ltr'><strong>auctor,</strong></span> <span class='ocrx_word' id='word_1_266' title='bbox 1509 3396 1724 3481; x_wconf 74' lang='lat' dir='ltr'><strong>&amp;c&#39;&#39;)].</strong></span> 
     </span>
    </p>
   </div>
   <div class='ocr_carea' id='block_1_6' title="bbox 280 3521 2809 4189">
    <p class='ocr_par' dir='ltr' id='par_1_6' title="bbox 280 3521 2809 4189">
     <span class='ocr_line' id='line_1_29' title="bbox 402 3521 2702 3601; baseline -0 -17"><span class='ocrx_word' id='word_1_267' title='bbox 402 3524 519 3584; x_wconf 89' lang='lat' dir='ltr'><strong>Sed</strong></span> <span class='ocrx_word' id='word_1_268' title='bbox 549 3521 695 3581; x_wconf 89' lang='lat' dir='ltr'><strong>nihil</strong></span> <span class='ocrx_word' id='word_1_269' title='bbox 724 3523 933 3583; x_wconf 92' lang='lat' dir='ltr'><strong>horum</strong></span> <span class='ocrx_word' id='word_1_270' title='bbox 963 3522 1299 3600; x_wconf 91' lang='lat' dir='ltr'><strong>perspicere</strong></span> <span class='ocrx_word' id='word_1_271' title='bbox 1326 3521 1520 3600; x_wconf 89' lang='lat' dir='ltr'><strong>potuit</strong></span> <span class='ocrx_word' id='word_1_272' title='bbox 1547 3522 1832 3583; x_wconf 89' lang='lat' dir='ltr'><strong>mirabilis</strong></span> <span class='ocrx_word' id='word_1_273' title='bbox 1860 3521 2094 3600; x_wconf 89' lang='lat' dir='ltr'><strong>peccati</strong></span> <span class='ocrx_word' id='word_1_274' title='bbox 2116 3521 2416 3601; x_wconf 87' lang='lat' dir='ltr'><strong>originalis</strong></span> <span class='ocrx_word' id='word_1_275' title='bbox 2430 3534 2702 3599; x_wconf 85' lang='lat' dir='ltr'><strong>assertor,</strong></span> 
     </span>
     <span class='ocr_line' id='line_1_30' title="bbox 280 3619 2707 3701; baseline 0 -18"><span class='ocrx_word' id='word_1_276' title='bbox 280 3622 504 3701; x_wconf 90' lang='lat' dir='ltr'><strong>quippe</strong></span> <span class='ocrx_word' id='word_1_277' title='bbox 553 3621 656 3697; x_wconf 90' lang='lat' dir='ltr'><strong>qui</strong></span> <span class='ocrx_word' id='word_1_278' title='bbox 707 3620 769 3681; x_wconf 90' lang='lat' dir='ltr'><strong>in</strong></span> <span class='ocrx_word' id='word_1_279' title='bbox 814 3620 1031 3682; x_wconf 91' lang='lat' dir='ltr'><strong>diuinis</strong></span> <span class='ocrx_word' id='word_1_280' title='bbox 1080 3621 1382 3698; x_wconf 91' lang='lat' dir='ltr'><strong>scripturis</strong></span> <span class='ocrx_word' id='word_1_281' title='bbox 1417 3640 1802 3699; x_wconf 87' lang='lat' dir='ltr'><strong>nequaquam</strong></span> <span class='ocrx_word' id='word_1_282' title='bbox 1844 3619 2019 3681; x_wconf 89' lang='lat' dir='ltr'><strong>fuerit</strong></span> <span class='ocrx_word' id='word_1_283' title='bbox 2065 3622 2435 3694; x_wconf 81' lang='lat' dir='ltr'><strong>exercitatuS,</strong></span> <span class='ocrx_word' id='word_1_284' title='bbox 2476 3641 2591 3682; x_wconf 91' lang='lat' dir='ltr'><strong>nec</strong></span> <span class='ocrx_word' id='word_1_285' title='bbox 2631 3624 2707 3683; x_wconf 86' lang='lat' dir='ltr'><strong>ab</strong></span> 
     </span>
     <span class='ocr_line' id='line_1_31' title="bbox 281 3718 2704 3800; baseline 0.001 -21"><span class='ocrx_word' id='word_1_286' title='bbox 281 3722 540 3797; x_wconf 81' lang='lat' dir='ltr'><strong>infantia</strong></span> <span class='ocrx_word' id='word_1_287' title='bbox 568 3720 757 3800; x_wconf 87' lang='lat' dir='ltr'><strong>(iuxta</strong></span> <span class='ocrx_word' id='word_1_288' title='bbox 784 3720 946 3781; x_wconf 91' lang='lat' dir='ltr'><strong>beati</strong></span> <span class='ocrx_word' id='word_1_289' title='bbox 987 3719 1155 3780; x_wconf 89' lang='lat' dir='ltr'><strong>Pauli</strong></span> <span class='ocrx_word' id='word_1_290' title='bbox 1194 3719 1437 3799; x_wconf 91' lang='lat' dir='ltr'><strong>uocem)</strong></span> <span class='ocrx_word' id='word_1_291' title='bbox 1464 3741 1664 3782; x_wconf 81' lang='lat' dir='ltr'><strong>sacras</strong></span> <span class='ocrx_word' id='word_1_292' title='bbox 1692 3718 1963 3782; x_wconf 89' lang='lat' dir='ltr'><strong>didicerit</strong></span> <span class='ocrx_word' id='word_1_293' title='bbox 1990 3719 2298 3790; x_wconf 73' lang='lat' dir='ltr'><strong>litteras*,·</strong></span> <span class='ocrx_word' id='word_1_294' title='bbox 2335 3721 2445 3780; x_wconf 91' lang='lat' dir='ltr'><strong>sed</strong></span> <span class='ocrx_word' id='word_1_295' title='bbox 2472 3720 2598 3780; x_wconf 87' lang='lat' dir='ltr'><strong>siue</strong></span> <span class='ocrx_word' id='word_1_296' title='bbox 2626 3722 2704 3781; x_wconf 91' lang='lat' dir='ltr'><strong>de</strong></span> 
     </span>
     <span class='ocr_line' id='line_1_32' title="bbox 283 3817 2705 3897; baseline -0 -18"><span class='ocrx_word' id='word_1_297' title='bbox 283 3820 607 3897; x_wconf 89' lang='lat' dir='ltr'><strong>scripturae</strong></span> <span class='ocrx_word' id='word_1_298' title='bbox 648 3818 922 3880; x_wconf 87' lang='lat' dir='ltr'><strong>sensibus</strong></span> <span class='ocrx_word' id='word_1_299' title='bbox 965 3817 1091 3878; x_wconf 89' lang='lat' dir='ltr'><strong>siue</strong></span> <span class='ocrx_word' id='word_1_300' title='bbox 1130 3819 1208 3878; x_wconf 93' lang='lat' dir='ltr'><strong>de</strong></span> <span class='ocrx_word' id='word_1_301' title='bbox 1237 3818 1518 3897; x_wconf 87' lang='lat' dir='ltr'><strong>dogmate</strong></span> <span class='ocrx_word' id='word_1_302' title='bbox 1548 3837 1729 3895; x_wconf 86' lang='lat' dir='ltr'><strong>saepe</strong></span> <span class='ocrx_word' id='word_1_303' title='bbox 1760 3819 2122 3889; x_wconf 87' lang='lat' dir='ltr'><strong>declamans,</strong></span> <span class='ocrx_word' id='word_1_304' title='bbox 2152 3818 2340 3876; x_wconf 88' lang='lat' dir='ltr'><strong>multa</strong></span> <span class='ocrx_word' id='word_1_305' title='bbox 2367 3819 2705 3894; x_wconf 88' lang='lat' dir='ltr'><strong>frequenter</strong></span> 
     </span>
     <span class='ocr_line' id='line_1_33' title="bbox 284 3914 2809 3997; baseline -0.001 -17"><span class='ocrx_word' id='word_1_306' title='bbox 284 3918 491 3996; x_wconf 87' lang='lat' dir='ltr'><strong>inepta</strong></span> <span class='ocrx_word' id='word_1_307' title='bbox 547 3916 783 3995; x_wconf 88' lang='lat' dir='ltr'><strong>proprie</strong></span> <span class='ocrx_word' id='word_1_308' title='bbox 839 3915 1333 3977; x_wconf 88' lang='lat' dir='ltr'><strong>communiterue·</strong></span> <span class='ocrx_word' id='word_1_309' title='bbox 1370 3917 1448 3977; x_wconf 91' lang='lat' dir='ltr'><strong>de</strong></span> <span class='ocrx_word' id='word_1_310' title='bbox 1506 3914 1649 3993; x_wconf 87' lang='lat' dir='ltr'><strong>ipsis</strong></span> <span class='ocrx_word' id='word_1_311' title='bbox 1708 3915 2034 3992; x_wconf 87' lang='lat' dir='ltr'><strong>scripturae</strong></span> <span class='ocrx_word' id='word_1_312' title='bbox 2090 3914 2489 3992; x_wconf 77' lang='lat' dir='ltr'><strong>dogmatibuS,</strong></span> <span class='ocrx_word' id='word_1_313' title='bbox 2547 3935 2703 3993; x_wconf 90' lang='lat' dir='ltr'><strong>quae</strong></span> <span class='ocrx_word' id='word_1_314' title='bbox 2733 3934 2809 3997; x_wconf 80' lang='lat'><strong>25</strong></span> 
     </span>
     <span class='ocr_line' id='line_1_34' title="bbox 286 4012 2705 4094; baseline -0.001 -18"><span class='ocrx_word' id='word_1_315' title='bbox 286 4014 550 4094; x_wconf 89' lang='lat' dir='ltr'><strong>plurimis</strong></span> <span class='ocrx_word' id='word_1_316' title='bbox 588 4013 967 4091; x_wconf 90' lang='lat' dir='ltr'><strong>impudenter</strong></span> <span class='ocrx_word' id='word_1_317' title='bbox 998 4012 1379 4091; x_wconf 82' lang='lat' dir='ltr'><strong>exprompsit.</strong></span> <span class='ocrx_word' id='word_1_318' title='bbox 1464 4032 1607 4073; x_wconf 89' lang='lat' dir='ltr'><strong>nam</strong></span> <span class='ocrx_word' id='word_1_319' title='bbox 1645 4012 1955 4090; x_wconf 90' lang='lat' dir='ltr'><strong>potentiae</strong></span> <span class='ocrx_word' id='word_1_320' title='bbox 1989 4023 2185 4073; x_wconf 92' lang='lat' dir='ltr'><strong>metus</strong></span> <span class='ocrx_word' id='word_1_321' title='bbox 2223 4013 2454 4072; x_wconf 89' lang='lat' dir='ltr'><strong>nullum</strong></span> <span class='ocrx_word' id='word_1_322' title='bbox 2495 4023 2705 4074; x_wconf 88' lang='lat' dir='ltr'><strong>contra</strong></span> 
     </span>
     <span class='ocr_line' id='line_1_35' title="bbox 285 4109 2704 4189; baseline -0 -15"><span class='ocrx_word' id='word_1_323' title='bbox 285 4112 518 4175; x_wconf 86' lang='lat' dir='ltr'><strong>sinebat</strong></span> <span class='ocrx_word' id='word_1_324' title='bbox 551 4110 730 4184; x_wconf 88' lang='lat' dir='ltr'><strong>effari,</strong></span> <span class='ocrx_word' id='word_1_325' title='bbox 771 4111 878 4171; x_wconf 88' lang='lat' dir='ltr'><strong>sed</strong></span> <span class='ocrx_word' id='word_1_326' title='bbox 921 4112 1342 4172; x_wconf 89' lang='lat' dir='ltr'><strong>tantummodo</strong></span> <span class='ocrx_word' id='word_1_327' title='bbox 1372 4109 1534 4172; x_wconf 89' lang='lat' dir='ltr'><strong>taciti</strong></span> <span class='ocrx_word' id='word_1_328' title='bbox 1562 4109 1669 4189; x_wconf 92' lang='lat' dir='ltr'><strong>qui</strong></span> <span class='ocrx_word' id='word_1_329' title='bbox 1696 4110 2032 4172; x_wconf 87' lang='lat' dir='ltr'><strong>diuinarum</strong></span> <span class='ocrx_word' id='word_1_330' title='bbox 2070 4109 2484 4188; x_wconf 89' lang='lat' dir='ltr'><strong>scripturarum</strong></span> <span class='ocrx_word' id='word_1_331' title='bbox 2521 4112 2704 4173; x_wconf 89' lang='lat' dir='ltr'><strong>habe·</strong></span> 
     </span>
    </p>
   </div>
   <div class='ocr_carea' id='block_1_7' title="bbox 284 4253 2704 4407">
    <p class='ocr_par' dir='ltr' id='par_1_7' title="bbox 284 4253 2704 4407">
     <span class='ocr_line' id='line_1_36' title="bbox 385 4253 2704 4324; baseline 0 -14"><span class='ocrx_word' id='word_1_332' title='bbox 385 4275 413 4324; x_wconf 79' lang='grc'><strong><em>3</em></strong></span> <span class='ocrx_word' id='word_1_333' title='bbox 447 4257 711 4310; x_wconf 82' lang='lat' dir='ltr'><strong>mortalem</strong></span> <span class='ocrx_word' id='word_1_334' title='bbox 733 4258 763 4306; x_wconf 83' lang='lat' dir='ltr'><em>b</em></span> <span class='ocrx_word' id='word_1_335' title='bbox 790 4255 800 4321; x_wconf 85' lang='grc' dir='ltr'>Ι</span> <span class='ocrx_word' id='word_1_336' title='bbox 825 4257 962 4307; x_wconf 82' lang='lat' dir='ltr'><strong>horis</strong></span> <span class='ocrx_word' id='word_1_337' title='bbox 983 4258 1013 4306; x_wconf 83' lang='lat' dir='ltr'><em>b</em></span> <span class='ocrx_word' id='word_1_338' title='bbox 1164 4271 1191 4321; x_wconf 84' lang='lat'><strong>7</strong></span> <span class='ocrx_word' id='word_1_339' title='bbox 1224 4258 1362 4323; x_wconf 90' lang='lat' dir='ltr'><strong>quod</strong></span> <span class='ocrx_word' id='word_1_340' title='bbox 1388 4256 1506 4323; x_wconf 85' lang='lat' dir='ltr'><strong>(sor</strong></span> <span class='ocrx_word' id='word_1_341' title='bbox 1522 4255 1664 4323; x_wconf 85' lang='lat' dir='ltr'><strong>quia)</strong></span> <span class='ocrx_word' id='word_1_342' title='bbox 1678 4273 1722 4322; x_wconf 76' lang='lat' dir='ltr'><strong>g</strong></span> <span class='ocrx_word' id='word_1_343' title='bbox 1745 4255 1754 4320; x_wconf 88' lang='grc' dir='ltr'>Ι</span> <span class='ocrx_word' id='word_1_344' title='bbox 1781 4272 1889 4308; x_wconf 76' lang='lat' dir='ltr'><strong>esse</strong></span> <span class='ocrx_word' id='word_1_345' title='bbox 1911 4253 2017 4321; x_wconf 64' lang='lat' dir='ltr'><strong>(bd</strong></span> <span class='ocrx_word' id='word_1_346' title='bbox 2023 4256 2148 4319; x_wconf 80' lang='lat' dir='ltr'><strong>nol.)</strong></span> <span class='ocrx_word' id='word_1_347' title='bbox 2172 4256 2277 4306; x_wconf 84' lang='lat' dir='ltr'><strong>add</strong></span> <span class='ocrx_word' id='word_1_348' title='bbox 2291 4258 2321 4306; x_wconf 86' lang='lat' dir='ltr'><em>b</em></span> <span class='ocrx_word' id='word_1_349' title='bbox 2467 4257 2528 4310; x_wconf 84' lang='lat'><strong>16</strong></span> <span class='ocrx_word' id='word_1_350' title='bbox 2558 4267 2704 4324; x_wconf 72' lang='lat' dir='ltr'><strong>puta·</strong></span> 
     </span>
     <span class='ocr_line' id='line_1_37' title="bbox 284 4335 2451 4407; baseline -0.002 -15"><span class='ocrx_word' id='word_1_351' title='bbox 284 4343 420 4393; x_wconf 87' lang='lat' dir='ltr'><strong>bitur</strong></span> <span class='ocrx_word' id='word_1_352' title='bbox 433 4357 478 4407; x_wconf 82' lang='lat' dir='ltr'><strong>g</strong></span> <span class='ocrx_word' id='word_1_353' title='bbox 622 4353 679 4390; x_wconf 70' lang='grc' dir='ltr'><strong>αι</strong></span> <span class='ocrx_word' id='word_1_354' title='bbox 718 4338 921 4389; x_wconf 85' lang='lat' dir='ltr'><strong>illorum</strong></span> <span class='ocrx_word' id='word_1_355' title='bbox 937 4355 981 4403; x_wconf 81' lang='lat' dir='ltr'><strong>g</strong></span> <span class='ocrx_word' id='word_1_356' title='bbox 1000 4335 1009 4404; x_wconf 92' lang='grc' dir='ltr'>Ι</span> <span class='ocrx_word' id='word_1_357' title='bbox 1038 4339 1350 4405; x_wconf 80' lang='lat' dir='ltr'><strong>praespicere</strong></span> <span class='ocrx_word' id='word_1_358' title='bbox 1364 4355 1409 4405; x_wconf 77' lang='lat' dir='ltr'><strong>g·</strong></span> <span class='ocrx_word' id='word_1_359' title='bbox 1554 4353 1616 4402; x_wconf 82' lang='lat'><strong>25</strong></span> <span class='ocrx_word' id='word_1_360' title='bbox 1651 4339 1906 4405; x_wconf 79' lang='lat' dir='ltr'><strong>scripturis</strong></span> <span class='ocrx_word' id='word_1_361' title='bbox 1928 4339 2344 4405; x_wconf 78' lang='lat' dir='ltr'><strong>dogmatibusque</strong></span> <span class='ocrx_word' id='word_1_362' title='bbox 2365 4340 2395 4388; x_wconf 86' lang='lat' dir='ltr'><em>b</em></span> <span class='ocrx_word' id='word_1_363' title='bbox 2406 4355 2451 4405; x_wconf 82' lang='lat' dir='ltr'><strong>g</strong></span> 
     </span>
    </p>
   </div>
   <div class='ocr_carea' id='block_1_8' title="bbox 1273 4481 1730 4550">
    <p class='ocr_par' dir='ltr' id='par_1_8' title="bbox 1273 4481 1730 4550">
     <span class='ocr_line' id='line_1_38' title="bbox 1273 4481 1730 4550; baseline -0.002 -17"><span class='ocrx_word' id='word_1_364' title='bbox 1273 4481 1300 4508; x_wconf 67' lang='lat'><strong>⁹</strong></span> <span class='ocrx_word' id='word_1_365' title='bbox 1337 4482 1524 4534; x_wconf 64' lang='lat' dir='ltr'><strong>arim.</strong></span> <span class='ocrx_word' id='word_1_366' title='bbox 1551 4483 1624 4533; x_wconf 86' lang='lat' dir='ltr'><strong>iii.</strong></span> <span class='ocrx_word' id='word_1_367' title='bbox 1655 4496 1730 4550; x_wconf 78' lang='lat'><strong>15.</strong></span> 
     </span>
    </p>
   </div>
  </div>
 </body>
</html>
