3221 5116
356 374 437 458 2.]
1089 387 1172 437 IN
1223 388 1327 438 ΕΡ.
1374 386 1476 437 AD
1527 386 2052 438 PHILEMONEM.

2653 372 2779 452 ²69

488 558 731 622 Paulus
792 560 1103 642 equidem
1167 579 1301 623 non
1356 558 1575 623 solum
1640 560 1881 624 marito
1937 560 2003 621 in
2055 559 2195 622 suis
2247 557 2509 640 scriptis
2566 556 2781 637 iungit

355 683 655 739 uxorem,
689 662 807 726 sed
839 672 908 726 et
953 682 1241 744 aequum
1287 663 1381 724 eis
1427 660 1851 726 salutationis
1884 662 2114 725 tribuit
2145 660 2453 736 officium,
2485 656 2779 740 †‘caris-

361 769 629 832 simam’
662 789 811 831 eam
846 788 1110 842 uocanS,
1143 767 1339 830 sicuti
1371 777 1438 831 et
1483 766 1670 831 illum
1703 767 2171 831 ‘carissimum’
2198 786 2212 842 ;
2268 787 2349 830 eo
2380 765 2560 848 quod
2597 760 2779 826 nulla

358 871 424 932 in
456 881 646 953 parte
677 870 1041 933 secundum
1075 870 1402 932 rationem
1444 870 1715 951 pietatis
1753 870 2195 934 differentiam
2243 869 2389 933 uult
2432 889 2576 932 esse
2608 867 2780 930 inter

359 973 536 1037 uiros
591 974 894 1054 interque
940 970 1314 1036 mulieres*

1423 993 1579 1035 nam
1645 973 1836 1035 istius
1889 974 2208 1055 temporis
2261 972 2567 1036 homines
2628 991 2777 1053 pro-

356 1078 725 1159 pemodum
775 1095 1010 1138 omnes
1062 1076 1129 1138 in
1184 1075 1456 1138 crimine
1517 1076 1860 1138 uocandos
1909 1096 2055 1139 esse
2114 1075 2522 1149 existimant,
2576 1072 2780 1137 modo

361 1181 414 1242 si
447 1179 778 1243 audierint
820 1197 1062 1240 nomen
1107 1178 1418 1241 caritatis,

1509 1175 1856 1259 apostolus
1901 1199 2060 1241 uero
2102 1197 2235 1240 non
2283 1179 2376 1240 sic
2407 1177 2780 1254 sentiebat;

361 1283 478 1346 sed
518 1282 870 1357 contrariO,
902 1289 975 1344 ut
1016 1302 1145 1363 ego
1184 1282 1438 1363 opinor,
1468 1277 1607 1362 †in
1649 1280 1777 1345 illis
1816 1280 1989 1345 hanc
2030 1283 2601 1364 nuncupationem
2635 1301 2779 1344 esse

364 1386 780 1468 aptissimam
828 1386 1280 1468 cognoscebat
1343 1386 1408 1447 in
1462 1385 1706 1468 quibus
1765 1387 2114 1467 turpitudo
2175 1386 2504 1468 passionis
2564 1385 2780 1447 inesse

364 1491 637 1554 minime
668 1486 992 1573 poterat,*
1026 1510 1108 1552 eo
1139 1489 1320 1572 quod
1354 1488 1449 1551 illi
1480 1490 1596 1571 qui
1630 1491 2051 1571 passionibus
2095 1491 2395 1553 seruiunt
2441 1508 2575 1551 non
2623 1497 2780 1551 sunt
2818 1508 2895 1554 10

363 1593 429 1656 in
482 1614 642 1657 uera
688 1594 1004 1674 caritate;
1062 1592 1186 1657 hos
1246 1613 1406 1656 uero
1466 1594 1589 1656 scit
1649 1594 1822 1658 iusta
1875 1595 2132 1657 ratione
2184 1614 2327 1656 esse
2377 1594 2442 1655 in
2488 1592 2781 1667 caritate,

362 1699 477 1779 qui
509 1717 641 1759 non
675 1697 1004 1778 passionis
1035 1694 1613 1777 contemplatione
1646 1705 2075 1779 exequuntur
2104 1695 2440 1760 affectum.

494 1881 607 1947 καὶ
665 1878 893 1969 ὥσπερ
942 1881 1344 1969 *ἀγαπητοί
1402 1885 1642 1950 ἐκεῖνον
1703 1883 2038 1960 ἐκάλεσεν,
2094 1883 2294 1957 οὕτως
2353 1884 2468 1951 καὶ
2527 1881 2783 1964 ταύτην,

365 1983 480 2053 ὅτε
524 1984 604 2067 δὴ
649 1987 850 2068 μηδὲν
888 1985 1218 2076 διαφέρειν
1248 1986 1417 2054 κατὰ
1458 1987 1578 2070 τὴν
1625 1985 1966 2069 εὖσὲβειαν
2008 1987 2263 2076 ἀνδρῶν
2306 1988 2423 2061 τὰς
2470 1992 2785 2080 γυναῖκας

367 2087 736 2173 ἡγούμενος.

495 2190 713 2274 ἠγεῖτο
767 2192 837 2259 δὲ
883 2193 1123 2275 ταύτην
1163 2194 1265 2260 ἐπ’
1309 2195 1565 2263 ἐκείνων
1612 2192 1961 2282 ἁρμόττειν
2007 2194 2126 2277 τὴν
2166 2192 2633 2283 προσηγορίαν,
2680 2190 2784 2280 ἐφ’

369 2290 457 2358 ὧν
501 2294 753 2363 πάθους
798 2295 1159 2386 αἰσχρότης
1204 2295 1323 2363 οὐκ
1368 2296 1798 2379 ἐμεσίτευσεν.

584 2479 641 2527 ¹3
666 2480 739 2528 sq.
767 2463 922 2514 Coisl.
954 2480 1065 2525 204,
1088 2465 1121 2514 l.
1141 2481 1181 2514 c.
1207 2465 1316 2527 [Cr.
1341 2465 1425 2514 vii.
1461 2479 1570 2527 105,
1595 2465 1678 2515 Fr.
1713 2481 1732 2515 r
1741 2464 1825 2529 59]
1840 2461 2082 2526 θεὸδωρος.
2123 2466 2202 2513 καὶ
2227 2461 2407 2526 ὥσπερ,
2436 2466 2578 2513 κ.τ.λ.

370 2616 383 2638 ‘
405 2611 464 2660 In
489 2610 683 2660 Theod.
710 2610 878 2674 Mops.
898 2605 1169 2670 (Cramer’s
1196 2609 1306 2657 Cat.
1327 2624 1381 2673 p.
1404 2609 1521 2674 105)

372 2691 409 2740 it
434 2692 666 2741 becomes
688 2687 871 2750 ’Δμφία
897 2689 965 2753 by
991 2705 1023 2738 a
1056 2704 1289 2738 common
1323 2704 1527 2754 corrup-

370 2774 490 2824 tion.
503 2771 531 2793 ”
597 2771 708 2821 The
734 2772 849 2821 MS.
873 2771 931 2819 os
947 2771 1033 2820 the
1054 2780 1246 2829 catena,
1275 2770 1522 2830 however,

368 2852 460 2902 has
498 2852 755 2914 distinctly
786 2848 1004 2912 ’Δπφίας
1042 2850 1094 2900 in
1134 2848 1280 2900 Th.’s
1317 2865 1522 2910 comm..

368 2933 611 2997 although
638 2933 689 2982 in
720 2932 803 2982 the
829 2942 931 2981 text
956 2933 1060 2993 (Cr.
1090 2948 1139 2997 p.
1174 2947 1281 2993 104,
1312 2933 1475 2982 where
1498 2949 1528 2982 a

370 3026 624 3066 comment
670 3016 797 3064 from
843 3015 1021 3079 ChryS.
1065 3015 1405 3079 immediately
1437 3015 1529 3065 fol-

373 3096 516 3155 lows)
540 3096 577 3143 it
600 3095 739 3158 gives
758 3094 960 3155 Ἀμφίᾳ.

445 3192 486 3225 1.
560 3176 730 3238 iungit
759 3176 983 3237 uxorem]
1058 3176 1130 3226 So
1164 3176 1371 3241 Chrysa
1422 3178 1528 3236 ἐμοὶ

372 3260 505 3308 δοκεῖ
536 3261 738 3319 σύμβιον
769 3260 889 3308 εἶναι
924 3262 1108 3310 τούτου.
1183 3261 1366 3310 Thdt.:
1416 3278 1527 3310 συν·

373 3342 517 3389 άπτει
564 3341 617 3389 δὲ
661 3336 792 3401 αὐτῷ
840 3340 929 3401 τὴν
983 3341 1215 3403 ὁμόζυγα.
1320 3342 1397 3392 Cs.
1450 3342 1530 3406 Bp

375 3421 634 3487 Lightsoot
655 3422 723 3487 (p.
749 3419 890 3486 372):
927 3428 959 3450 ‘⁸
977 3424 1015 3472 it
1040 3424 1081 3472 is
1102 3440 1134 3473 a
1154 3423 1258 3473 sase
1281 3423 1530 3474 inference

374 3506 499 3556 from
547 3506 631 3555 the
675 3506 957 3555 connexion
993 3505 1053 3555 os
1088 3506 1176 3556 the
1213 3522 1385 3555 names
1419 3506 1529 3556 that

374 3589 581 3654 Apphia
634 3603 737 3637 was
792 3588 877 3636 the
933 3587 1049 3637 wife
1104 3588 1163 3636 of
1213 3583 1530 3636 Philemon.”

374 3670 540 3733 Pelag.
566 3670 607 3718 is
631 3668 740 3717 half
754 3668 991 3733 disposed
1018 3678 1070 3718 to
1092 3677 1268 3734 accept
1293 3671 1357 3731 τῇ
1390 3672 1529 3719 ἀδελ·

373 3746 447 3810 φῇ
490 3749 595 3811 (the
638 3749 845 3813 reading
887 3748 955 3799 he
1001 3749 1229 3810 follows;
1283 3766 1366 3801 see
1411 3758 1529 3800 next

373 3831 510 3893 note)
534 3830 585 3878 in
615 3846 647 3879 a
670 3831 830 3880 literal
854 3847 1033 3881 senset
1066 3832 1176 3880 “A.
1205 3846 1326 3881 uero
1357 3848 1531 3881 soror

373 3913 469 3961 uel
496 3914 719 3962 coniux
750 3912 1016 3970 creditur‚”
1033 3929 1064 3962 a
1080 3912 1276 3962 remark
1294 3913 1531 3978 repeated

373 3993 441 4056 by
466 3992 750 4041 Primasius.

442 4088 486 4124 2.
586 4074 895 4122 carissimam
948 4090 1055 4124 eam
1113 4072 1314 4133 uocans]
1407 4072 1526 4132 Th..

372 4156 635 4215 therefore,
677 4156 796 4204 with
832 4155 915 4205 the
953 4156 1153 4205 Peshito
1190 4155 1288 4220 (ed.
1328 4156 1530 4211 Schaas.

373 4240 465 4289 but
500 4238 565 4288 cs.
602 4238 791 4297 Tisch.)
823 4238 921 4286 and
959 4238 1044 4287 the
1084 4238 1188 4288 Gk.
1226 4246 1530 4288 commenta-

375 4329 478 4370 tors
502 4319 617 4369 read
642 4316 706 4379 τῇ
736 4314 986 4379 ἀγαπητῇ.
1059 4318 1134 4369 Of
1164 4318 1249 4368 the
1273 4319 1421 4369 Latin
1445 4334 1530 4367 au-

375 4400 604 4452 thorities
674 4400 911 4455 Claram„
966 4400 1110 4459 Am„
1174 4399 1338 4460 Hier„
1404 4399 1532 4449 have

376 4492 408 4513 “
429 4483 585 4534 sorori
608 4480 667 4541 ;”
746 4481 912 4540 Frdd„
999 4481 1265 4541 Ambrstr.‚
1339 4481 1528 4544 Pelag.‚

1630 2606 1907 2674 Vulgsffl,
1941 2611 1955 2635 ‘
1964 2610 1976 2633 ⁴
1991 2608 2146 2658 sorori
2170 2607 2466 2657 carissimae.
2477 2606 2506 2665 ’,’

1698 2706 1746 2754 3.
1819 2706 1872 2738 eo
1904 2690 2038 2753 quod
2065 2689 2209 2737 nulla
2242 2689 2300 2736 in
2326 2693 2480 2751 parte,
2507 2687 2625 2748 &c.]
2701 2686 2783 2737 Cf.

1628 2779 1802 2835 supra,
1833 2785 1884 2834 p.
1916 2770 2037 2832 265,
2076 2770 2110 2818 1.
2145 2783 2188 2832 7,
2223 2778 2370 2829 note;
2417 2768 2518 2817 and
2554 2783 2789 2833 compare

1629 2851 1717 2900 the
1753 2850 1949 2900 remark
1985 2850 2045 2898 os
2074 2850 2126 2899 S.
2165 2849 2398 2913 Jerome:
2439 2848 2613 2898 “illud
2652 2850 2790 2914 quod

1630 2934 1694 2983 ad
1718 2933 1928 2982 Galatas
1949 2933 2169 2983 scribens
2191 2933 2446 2998 apostolus
2468 2933 2536 2982 ait
2561 2934 2698 2996 [Gal.
2717 2934 2789 2982 iii.

1632 3015 1935 3076 28]...etiam
1972 3016 2024 3065 in
2053 3015 2149 3065 hoc
2187 3016 2298 3065 loco
2333 3015 2648 3080 perspicuum
2683 3024 2790 3075 θεῖς

1631 3096 1761 3145 inter
1798 3095 1900 3144 duo
1937 3096 2125 3160 quippe
2162 3096 2299 3144 uiros
2337 3104 2388 3145 et
2421 3097 2784 3160 apostolicos...

1632 3178 1853 3227 medium
1907 3177 2143 3242 Apphiae
2196 3193 2382 3226 nomen
2436 3177 2683 3237 inseritur,
2733 3185 2789 3228 ut

1630 3261 1720 3311 tali
1771 3277 1832 3311 ex
1883 3270 2094 3325 utroque
2141 3259 2297 3310 latere
2351 3259 2477 3310 fulta
2527 3261 2783 3319 comitatu,

1631 3358 1735 3392 non
1770 3343 1995 3393 uideatur
2028 3343 2255 3393 ordinem
2293 3359 2440 3394 sexus
2476 3343 2661 3394 habere
2698 3344 2789 3393 sed

1632 3422 1848 3474 meriti.”

1700 3521 1747 3569 5.
1825 3506 1969 3554 istius
2010 3507 2241 3569 temporis
2290 3504 2534 3567 homines]
2625 3505 2788 3555 “The

1633 3602 1748 3636 men
1771 3586 1828 3636 of
1848 3587 1948 3636 this
1970 3595 2167 3651 present
2191 3589 2311 3636 time
2327 3604 2339 3647 ;
2354 3584 2383 3606 '⁹
2416 3585 2479 3635 cs.
2505 3584 2781 3649 Lightsoog

1632 3683 1684 3732 p.
1718 3682 1830 3734 399.
1900 3668 1977 3717 Of
2009 3668 2098 3715 iste
2136 3667 2186 3716 in
2228 3667 2327 3716 this
2364 3682 2506 3715 sense
2542 3667 2789 3716 instancoe

1632 3750 1737 3799 will
1773 3751 1834 3800 be
1865 3749 2019 3799 found
2053 3751 2231 3806 above,
2262 3765 2352 3813 ag.
2384 3765 2470 3814 pp.
2515 3763 2623 3814 190,
2663 3749 2697 3799 1.
2736 3764 2786 3815 9,

1635 3846 1746 3895 203,
1772 3834 1805 3883 l.
1841 3848 1918 3883 12.

1703 3929 1749 3978 7.
1826 3914 2069 3978 apostolus
2105 3929 2220 3963 uero
2256 3929 2358 3962 non
2389 3913 2477 3970 sic,
2507 3911 2621 3975 &c.]
2691 3914 2788 3964 See

1635 4012 1701 4047 on
1752 4013 1771 4047 1
1817 3997 1951 4046 Tim.
1995 4013 2043 4044 v.
2085 4012 2111 4046 2
2161 3996 2245 4057 (11.
2285 4011 2337 4060 p.
2385 3998 2521 4058 152);
2577 3996 2678 4045 and
2720 3996 2787 4045 cf.

1636 4076 1789 4126 Thdt.
1834 4077 1906 4124 ad
1933 4076 2061 4124 h.l.:
2111 4078 2391 4139 θαυμαζέτω
2437 4077 2487 4125 δὲ
2523 4077 2700 4136 μηδείς,
2744 4076 2789 4125 εἰ

1636 4159 1718 4206 καὶ
1756 4158 2139 4219 προσπίπτουσα
2185 4158 2269 4204 νῦν
2312 4157 2435 4207 τινὲς
2469 4153 2540 4218 τῷ
2581 4154 2787 4219 προσρή-

1634 4255 1752 4298 ματι
1781 4240 1951 4297 τούτῳ.
2018 4238 2064 4285 01
2095 4238 2193 4299 γὰρ
2225 4239 2380 4287 κακῶς
2412 4238 2693 4300 κεχρημένοι
2726 4232 2800 4298 τῷ

1636 4316 1901 4380 πράγματι,
1949 4317 2016 4379 τῇ
2057 4320 2355 4380 προσηγορίᾳ
2407 4322 2495 4379 τὴν
2550 4320 2788 4382 λοιδορίαν

1636 4400 1913 4460 προσῆψαν·
1950 4401 2105 4447 πάλαι
2140 4400 2192 4447 δὲ
2226 4399 2403 4457 σεμνὸν
2436 4400 2492 4447 τὸ
2524 4399 2675 4457 ὄνομα
2708 4401 2788 4448 καὶ

1635 4479 1907 4538 ἀξιέπαινον
1931 4476 2007 4536 ἦν.

2821 2095 2891 2164 15
