3221 5116
488 356 597 438 '54
1178 373 1635 427 Tnssononus
1683 374 2267 428 MOPSUESTENUS
2365 374 2374 377 Δ
2717 359 2846 447 [ΙΙ.
2881 377 2944 445 7.

509 546 675 610 dicit
713 548 940 610 autem
980 545 1156 629 quod
1187 567 1358 610 nunc
1392 547 1635 612 detinet
1674 555 1762 613 eo'
1797 549 1979 633 quod
2023 550 2330 615 diabolus
2367 550 2640 634 quidem
2678 550 2942 614 dudum

513 647 795 713 uoluerit
824 649 953 713 hoc
983 650 1162 714 idem
1195 650 1428 726 facere,
1460 652 1647 715 Deus
1680 672 1839 715 uero
1871 653 2137 716 interim
2169 654 2414 717 retinet
2446 673 2620 729 eum,
2644 674 2727 717 eo
2752 652 2940 737 quod

513 760 781 835 ternpus
825 754 1058 818 statuit
1106 755 1703 819 consummationis
1748 755 1994 820 saeculi
2048 757 2255 836 istiuS,
2306 758 2676 821 secundum
2729 778 2935 842 quam

514 855 723 919 uideri
753 858 1058 921 concedit
1090 878 1260 923 eum.
1336 857 1466 922 hoc
1500 858 1852 942 apostolus
1881 859 2258 925 nominauit
2287 861 2463 945 quod
2485 882 2658 925 nunc
2680 861 2939 940 detinet,

452 970 483 1037 5
516 958 646 1023 Dei
707 959 932 1024 dicens
992 960 1448 1026 definitionem
1510 961 1809 1028 detinere
1868 984 2038 1030 eum.
2129 966 2308 1030 unde
2367 976 2434 1031 et
2488 967 2694 1030 adicit
2725 991 2741 1031 ε
2808 964 2936 1052 [ut]

513 1060 831 1124 reueletur
856 1062 1036 1125 idem
1069 1061 1140 1126 in
1167 1083 1285 1126 suo
1315 1062 1650 1145 tempora*
1680 1053 2016 1150 quasi'qui
2050 1066 2487 1150 prohibeatur
2516 1088 2694 1132 nunc
2725 1069 2942 1133 uideri
3021 1066 3033 1074 “

513 1186 722 1249 usque
779 1177 955 1245 tunc,
1007 1188 1089 1233 eo
1148 1169 1329 1253 quod
1383 1169 1614 1233 diuina
1665 1169 2057 1236 definitione
2104 1172 2190 1236 ad
2246 1193 2560 1256 praesens
2611 1181 2940 1239 teneatur.

512 1271 845 1335 uidebitur
905 1294 1063 1337 uero
1116 1282 1277 1337 tunc
1336 1274 1404 1337 in
1465 1272 1712 1337 saeculi
1773 1273 1922 1351 fine,
1984 1275 2258 1359 quando
2319 1284 2388 1339 et
2455 1276 2780 1340 concedet
2839 1276 2938 1340 illi

515 1371 846 1439 Dominus
876 1395 1066 1440 suam
1097 1376 1451 1441 ostendere
1481 1377 1810 1442 malitiam
1837 1397 1852 1456 ;
1899 1387 2173 1462 propter
2203 1377 2384 1462 quod
2417 1378 2590 1441 bene
2621 1379 2830 1445 adicit
2857 1403 2871 1444 ε

412 1564 490 1611 10
590 1534 595 1541 ’
645 1544 1021 1625 mysterium
1049 1546 1222 1611 enim
1255 1546 1392 1611 iam
1424 1548 1799 1633 inoperatur
1827 1549 2219 1634 iniquitatis.

641 1680 821 1763 †hoc
852 1690 994 1749 est:
1040 1691 1058 1717 ‘
1079 1687 1203 1749 etsi
1237 1706 1372 1751 non
1403 1696 1634 1771 aperte
1665 1689 2071 1771 apostasiam
2113 1697 2426 1771 operatur
2456 1687 2780 1762 diaboluS,
2814 1669 2946 1752 sed⁶

513 1789 701 1873 quasi
734 1789 802 1851 in
833 1789 1153 1871 mysterio
1184 1811 1359 1854 nunc
1403 1792 1681 1875 peragit,
1725 1813 1842 1874 per
1880 1791 2145 1875 singula
2181 1800 2526 1854 momenta
2556 1812 2676 1874 per
2703 1811 2863 1855 suos
2895 1813 2938 1856 a

512 1896 763 1978 pietate
794 1903 1132 1978 temptans
1163 1894 1479 1960 diuellere
1508 1917 1624 1960 eos
1656 1895 1768 1979 qui
1809 1895 1895 1960 ad
1938 1895 2141 1959 fidem
2183 1892 2600 1959 accedunt.*'
2689 1904 2760 1960 et
2803 1896 2937 1960 hoc

513 2000 733 2083 ipsum
765 2000 1005 2063 iterum
1037 2018 1376 2063 resumens
1407 2019 1423 2063 ε

410 2252 478 2318 15
512 2236 586 2301 τὸ
647 2239 921 2323 κατέχοΝ,
985 2231 1072 2305 ὥς
1128 2231 1208 2298 ἂν
1266 2235 1385 2299 τοῦ
1442 2230 1763 2312 διαβόλου
1817 2231 1938 2317 μὲν
1996 2229 2335 2303 ἐθέλοντος
2393 2230 2507 2297 καὶ
2559 2228 2684 2312 ἤδη
2736 2233 2936 2297 τοῦτο

510 2338 808 2419 ποιῆσαι,
840 2338 959 2402 τοῦ
997 2335 1148 2402 θεοῦ
1179 2333 1248 2400 δὲ
1282 2332 1679 2427 κατέχοντος
1719 2333 1917 2401 αὐτὸν
1960 2332 2122 2405 τέως
2164 2333 2274 2400 διὰ
2314 2331 2391 2399 τὸ
2436 2332 2665 2420 καιρὸν
2709 2327 2938 2416 ὁρίσαι

511 2441 593 2525 τῇ
655 2437 1001 2526 συντελείᾳ
1056 2440 1175 2504 τοῦ
1234 2436 1478 2515 αἰῶνος,
1541 2432 1686 2502 καθ’
1749 2434 1826 2502 ὃν
1886 2435 2170 2522 ὀφθῆναι
2230 2438 2566 2523 συγχωρεῖ
2616 2433 2934 2503 κάκεῖνον.

511 2547 704 2612 τοῦτο
740 2544 864 2630 [τό]
893 2546 1149 2632 κατέχοΝ
1184 2539 1218 2607 ὃ
1247 2540 1625 2614 ἀπόστολος
1656 2539 1968 2626 ὀνομάζει,
1993 2544 2112 2609 τοῦ
2141 2541 2291 2608 θεοῦ
2324 2541 2588 2628 [λέγων]
2622 2537 2736 2606 τὸν
2759 2536 2934 2627 ὅρον,

512 2644 661 2712 ὅθεν
694 2646 803 2712 καὶ
842 2643 1184 2730 ἐπήγαγεν·
1231 2644 1313 2710 eie
1352 2646 1425 2710 τὸ
1467 2645 1979 2723 ἇποκαλγφθιῖκω
2021 2646 2208 2722 ΔῨτὸΝ
2253 2649 2346 2731 τῷ
2388 2647 2608 2722 ἑαγτοῨ
2644 2649 2849 2731 καιρῷ.

400 2769 486 2817 20
644 2747 792 2815 ἀντὶ
834 2752 970 2815 τοῦ·
1032 2752 1048 2783 ‘
1071 2746 1127 2813 εἰ
1170 2745 1280 2812 καὶ
1326 2745 1417 2830 μὴ
1483 2745 1652 2812 κατὰ
1715 2744 1791 2813 τὸ
1861 2745 2071 2831 σαφὲς
2132 2745 2256 2828 ἤδη
2327 2744 2447 2827 τὴν
2508 2746 2938 2813 ἀποστασίαν

511 2848 852 2939 ἐργάζεται
897 2846 933 2914 ό
984 2847 1313 2931 διάβολος,
1354 2846 1511 2914 ἀλλ’
1558 2845 1672 2915 οὖν
1714 2875 1792 2933 γε
1832 2847 1916 2919 ὥς
1964 2850 2034 2916 ἐν
2082 2848 2425 2936 μυστηρίῳ
2472 2854 2771 2916 πλεῖστα
2821 2848 2935 2915 καὶ

511 2958 625 3023 νῦν
655 2953 1155 3043 διαπράττεται,
1191 2951 1508 3019 ἑκάστοτε
1538 2952 1648 3018 διὰ
1676 2955 1805 3019 τῶν
1834 2952 2084 3020 οἰκείων
2112 2956 2229 3035 τῆς
2260 2952 2600 3035 εὐσεβείας
2619 2951 2934 3044 dquq‘iv

509 3055 894 3145 πειρώμενος
925 3053 1073 3129 τοὺς
1099 3051 1496 3144 προσιόντας
1525 3054 1607 3141 τῇ
1638 3054 1905 3122 πίστει.’

612 3261 634 3296 1
670 3245 860 3295 dudum
894 3243 1098 3310 quidem
1132 3259 1165 3292 r
1409 3258 1438 3294 α
1473 3258 1590 3294 eum
1622 3259 1700 3295 om
1723 3260 1756 3294 r
2000 3263 2032 3304 4
2064 3245 2307 3295 concedet
2333 3245 2379 3295 C
2398 3243 2546 3308 (corr)
2817 3259 2845 3309 5
2881 3251 2934 3296 et

509 3345 587 3378 one
609 3344 642 3378 r
666 3326 676 3392 Ι
705 3335 759 3377 ut
780 3342 859 3375 om
887 3326 1011 3376 CH
1132 3324 1164 3376 6
1197 3324 1250 3373 id
1274 3330 1349 3374 est
1373 3324 1491 3389 (χόν
1509 3324 1667 3389 idem)
1695 3323 1764 3374 C*
1796 3323 1807 3389 Ι
1834 3324 1886 3374 in
1906 3341 1985 3375 om
2008 3343 2041 3375 r
2181 3328 2211 3376 8
2245 3327 2475 3376 concedit
2502 3325 2574 3376 C*
2593 3342 2626 3375 r
2758 3329 2817 3377 18
2850 3324 2928 3388 τό,

511 3414 671 3476 λέγων
696 3427 795 3462 om.
824 3410 935 3461 cod.
961 3409 1079 3459 edd.
1228 3425 1292 3460 20
1325 3409 1480 3458 Coisl.
1510 3409 1544 3459 l.
1574 3425 1613 3460 c.
1642 3407 1700 3458 τὸ
1721 3409 1821 3473 γὰρ
1841 3408 2104 3472 μυστήριον
2128 3407 2223 3470 ἤδη
2244 3410 2510 3472 ἐνεργεῖται
2533 3410 2644 3459 ἀντὶ
2665 3406 2754 3460 τοῦ
2775 3413 2927 3461 κ.τ.λ.

576 3594 622 3629 02.
693 3580 834 3628 Deus
862 3592 976 3627 uero
996 3574 1214 3636 interim,
1239 3573 1354 3636 ‹Sec-J
1419 3574 1669 3624 Lanfranc
1770 3574 2021 3623 τουτέστιν
2070 3574 2126 3622 οὔ
2168 3575 2402 3637 φανερῶς,
2454 3572 2516 3623 ὥς
2569 3573 2762 3633 ἐκεῖνος,
2820 3572 2933 3624 οὐδὲ

511 3663 634 3713 cites
656 3661 756 3711 this
780 3660 832 3710 in
855 3659 941 3709 the
962 3657 1113 3707 form:
1151 3655 1343 3705 “Deus
1365 3653 1563 3704 interim
1583 3654 1669 3704 de·
1771 3653 2245 3718 ἀπηρυθριασμένως.
2313 3654 2469 3704 Thdt.
2508 3670 2616 3704 sees
2655 3654 2739 3705 the
2775 3654 2929 3705 lame-

510 3743 635 3792 tinet
657 3737 824 3791 eum.’'
1769 3749 1884 3784 ness
1923 3734 1981 3784 of
2023 3735 2123 3786 this
2161 3735 2482 3800 explanation
2530 3734 2588 3785 of
2618 3751 2783 3793 μυσπ,
2824 3736 2929 3786 and

580 3839 654 3873 11.
727 3839 829 3872 non
867 3815 1340 3885 aperte...diuellere]
1362 3815 1520 3867 ‚Cited
1550 3815 1604 3865 in
1638 3832 1671 3864 a
1770 3817 1956 3881 prefers
1986 3815 2129 3868 Th.’s
2157 3817 2286 3867 view
2322 3817 2374 3867 in
2408 3833 2440 3866 a
2472 3817 2714 3867 modified
2744 3818 2929 3883 shape:

509 3904 779 3955 shortened
812 3902 939 3952 form
965 3902 1034 3966 by
1058 3897 1322 3950 Lanfranc.
1768 3899 1871 3961 ἐγὼ
1897 3900 1950 3948 δὲ
1987 3900 2119 3957 οἶμαι
2154 3902 2242 3950 τὰς
2277 3897 2573 3961 ἅναφυείσας
2611 3901 2817 3961 αἱρέσεις
2847 3903 2930 3961 δη-

574 3986 658 4035 sed
694 3984 845 4049 quasi
878 3983 935 4032 in
983 3979 1229 4044 mysterio]
1279 3979 1320 4028 I.
1337 3995 1378 4029 e.
1432 3977 1517 4027 the
1549 3994 1670 4037 μυσ-
1771 3982 1887 4030 λοῦν
1917 3982 2001 4029 τὸν
2030 3978 2323 4031 ἀπόστολον.
2397 3980 2628 4045 Pelagius
2662 3981 2705 4031 is
2735 3997 2801 4031 on
2841 3982 2930 4033 the

506 4067 672 4130 τήριον
704 4067 792 4126 τῆς
836 4065 1032 4122 ἀνομίας
1069 4063 1113 4112 is
1151 4062 1236 4111 the
1274 4067 1475 4126 present
1511 4067 1670 4110 secret
1771 4075 1909 4110 same
1955 4060 2121 4109 track:
2184 4062 2221 4086 “
2236 4061 2524 4124 mysterium
2560 4060 2663 4110 iam
2698 4067 2935 4125 opoeatur

506 4147 737 4209 working
768 4144 826 4193 of
855 4143 1012 4193 Satan
1045 4157 1102 4191 as
1127 4140 1412 4192 contrasted
1433 4138 1557 4189 with
1588 4138 1670 4188 his
1771 4141 1894 4205 iniq.
1921 4140 1973 4189 in
1993 4140 2073 4190 his
2102 4141 2190 4206 qui
2225 4141 2361 4191 salsis
2394 4141 2635 4191 doctrinis
2656 4140 2762 4191 eius
2784 4157 2930 4207 prae-

505 4229 670 4280 future
684 4224 957 4277 revelation
978 4224 1031 4273 in
1054 4222 1140 4272 the
1161 4222 1460 4272 Antichrist.
1481 4221 1660 4284 Chrys.
1769 4222 1906 4271 uium
1929 4222 2116 4272 faciunt
2139 4220 2284 4272 iter.''
2351 4222 2433 4273 Cf.
2465 4222 2597 4287 Aug.
2633 4223 2715 4272 l.c.
2728 4238 2751 4281 ;
2789 4224 2928 4274 “alii

505 4310 663 4361 limits
701 4308 786 4357 the
816 4303 1125 4370 application
1160 4309 1214 4352 to
1247 4302 1417 4353 Nero:
1464 4301 1667 4364 Νέρωνα
1772 4320 1934 4354 ...non
1959 4312 2134 4369 putant
2158 4305 2348 4355 dictum
2371 4306 2465 4356 nisi
2480 4306 2543 4355 de
2558 4305 2702 4355 malis
2724 4313 2774 4356 et
2797 4305 2929 4358 fictis

504 4391 714 4444 ἐνταῦθά,
757 4394 910 4451 φησιν
964 4387 1143 4436 ὡσανεὶ
1196 4386 1351 4434 τύπον
1406 4383 1526 4433 ὄντα
1577 4384 1667 4432 τοῦ
1765 4385 1852 4450 qui
1885 4393 1998 4436 sunt
2033 4386 2085 4436 in
2121 4385 2380 4436 ecclesia?
2448 4388 2664 4452 Peragit,
2689 4387 2927 4440 intratum

505 4473 859 4537 ἀντιχρίστου..
888 4469 967 4520 καὶ
990 4468 1149 4520 καλῶς
1175 4467 1308 4516 εἶπεν
1332 4466 1347 4492 ‘
1358 4461 1664 4528 μυστήριον,’
1772 4467 1807 4491 “
1821 4465 2002 4517 carries
2024 4482 2091 4517 on
2112 4466 2191 4517 his
2213 4464 2408 4517 work.'’
