3221 5116
503 385 588 450 68
1181 405 1640 460 THEoDoRus
1686 409 2269 463 morsum-rmus
2655 395 2740 481 [1.
2779 414 2831 475 1,
2865 411 2924 460 2.

503 571 636 635 tico
684 572 916 637 ordine
966 574 1389 658 deputantur,
1430 578 1537 643 uel
1591 580 1957 645 ministerio
2003 581 2277 665 fungere
2323 583 2649 648 uidentur.
2735 580 2922 664 quod
2987 560 3004 567 “

503 683 571 738 et
601 677 979 741 cautissime
1016 680 1364 762 explicans
1406 683 1722 749 instruxit
1753 706 1905 748 eum
1945 686 2029 749 de
2070 687 2198 749 illis
2244 707 2415 769 quae
2456 686 2921 769 presbyterum

503 797 716 860 agere,
750 801 920 863 quae
964 783 1073 846 uel
1121 785 1493 862 diaconum,
1541 790 1775 871 quales
1816 792 2019 855 etiam
2066 792 2421 855 conueniat
2456 811 2601 854 esse
2644 792 2923 869 uiduas;

503 890 572 944 et
615 882 700 945 de
744 886 978 948 ceteris
1022 887 1322 951 similiter
1365 891 1676 954 omnibus
1720 913 1799 956 ea
1845 915 2015 976 quae
2055 895 2541 958 conueniebant
2587 894 2921 958 instruens

441 999 675 1067 5eum,
725 988 1084 1069 perfectam
1140 993 1207 1055 in
1256 994 1401 1076 ipsa
1442 997 1725 1078 epistola
1769 998 2144 1062 doctrinam
2190 1001 2372 1062 uisus
2413 1006 2515 1061 est
2560 999 2921 1081 depromp-

504 1089 686 1154 sisse.
774 1106 1182 1161 memoratus
1229 1119 1389 1163 uero
1438 1110 1539 1165 est
1589 1111 1657 1166 et
1707 1104 2040 1186 quaedam
2081 1105 2168 1168 de
2220 1105 2539 1187 dogmate
2581 1103 2646 1166 in
2696 1104 2920 1168 media

503 1203 691 1273 parte
732 1198 1072 1279 epistolae,
1110 1202 1195 1265 de
1231 1204 1470 1285 quibus
1515 1206 1623 1270 uel
1669 1211 1967 1274 maxime
2015 1211 2453 1273 necessarium
2503 1210 2626 1273 sibi
2673 1209 2918 1274 doctri·

503 1319 660 1363 nam
691 1322 835 1365 esse
867 1306 1320 1386 perspiciebat.
1413 1309 1573 1372 nihil
1607 1332 1764 1374 uero
1796 1333 1885 1375 ex
1932 1312 2062 1377 illis
2103 1313 2366 1396 reliquit
2396 1333 2567 1396 quae
2608 1313 2692 1376 ad
2735 1334 2918 1377 com-

503 1424 702 1468 mune
733 1420 1197 1473 ornamentum
1232 1412 1558 1492 pertinere
1589 1423 1916 1496 poterant,
1951 1417 2004 1479 si
2037 1426 2264 1480 tamen
2308 1417 2456 1499 quis
2499 1417 2744 1498 scripta
2775 1419 2917 1483 eius

397 1519 478 1568 10
501 1528 653 1573 cum
684 1512 1091 1593 competenti
1130 1513 1391 1578 cautela
1429 1515 1535 1578 uel
1577 1514 1795 1599 legere
1833 1518 1939 1582 uel
1982 1521 2312 1585 custodire
2357 1519 2654 1583 uoluerit.
2743 1520 2918 1587 hanc

501 1611 700 1694 igitur
729 1613 1082 1696 epistolam
1115 1636 1265 1680 meo
1297 1618 1538 1685 iudicio
1568 1643 1801 1687 omnes
1832 1626 2213 1688 cautissime
2244 1626 2593 1707 episcopos
2623 1627 2918 1690 ediscere

500 1720 975 1799 conueniebat3
1037 1723 1131 1785 sic
1177 1724 1353 1787 enim
1401 1726 1755 1808 diligenter
1807 1730 2107 1794 instructi
2156 1749 2556 1812 cognoscere
2605 1739 2917 1812 poterant

500 1824 810 1889 ecclesias
872 1826 1144 1892 Domini
1208 1830 1336 1894 Dei
1397 1834 1762 1897 secundum
1812 1843 1886 1898 ut
1928 1835 2171 1898 decens
2219 1844 2321 1898 est
2369 1834 2476 1897 uel
2524 1854 2751 1916 regere
2804 1834 2915 1897 uel

501 1925 903 2008 dispensare,
943 1930 1123 1995 beati
1168 1933 1354 1997 Pauli
1403 1933 1664 2019 legibus
1718 1938 2168 2001 inseruienteS.
2255 1958 2336 2000 ea
2383 1938 2560 2000 enim
2611 1958 2786 2019 quae
2827 1938 2915 1999 ad

396 2044 465 2111 15
500 2029 930 2099 Timotheum
969 2045 1127 2100 tunc
1172 2038 1433 2120 scripsit
1476 2039 1853 2122 relinquens
1898 2061 2050 2104 eum
2102 2039 2370 2123 Ephesi,
2410 2041 2720 2104 omnibus
2755 2061 2916 2104 eum

499 2136 791 2200 ecclesiis
850 2160 1021 2222 quae
1081 2141 1444 2206 secundum
1504 2142 1745 2206 Asiam
1801 2164 1946 2207 esse
2005 2144 2406 2208 uidebantur
2477 2163 2916 2225 praeponenS,

497 2239 663 2306 haec
716 2245 897 2307 omni
951 2246 1267 2329 episcopo
1321 2247 1434 2330 qui
1486 2246 1833 2310 ecclesiam
1887 2247 2016 2311 Dei
2045 2244 2351 2311 ⁴creditus
2398 2257 2499 2311 est
2543 2247 2915 2328 gubernare

498 2348 712 2429 aptari
759 2369 957 2431 posse
1012 2370 1211 2413 nemo
1257 2350 1533 2415 dubitet.
1624 2349 2001 2432 incipienda
2054 2371 2213 2433 ergo
2262 2359 2365 2415 est
2413 2349 2526 2413 illa
2577 2349 2917 2432 expositio

498 2471 700 2532 quam
744 2472 861 2533 per
904 2462 1129 2534 partes
1174 2454 1492 2535 expedire
1539 2472 1663 2515 nos
1716 2454 2049 2530 conuenit,
2089 2474 2171 2517 eo
2215 2452 2397 2536 quod
2444 2465 2915 2537 argumentum

384 2566 473 2617 20
500 2554 565 2618 in
596 2553 775 2621 hisce
804 2558 1203 2623 sufficienter
1233 2579 1273 2623 a
1303 2558 1494 2623 nobis
1525 2579 1919 2641 expressum
1951 2557 2216 2624 uidetur
2245 2580 2408 2625 esse.

627 2725 889 2793 Paulus
916 2729 1235 2814 apostolus
1277 2728 1533 2795 Christi
1563 2729 1715 2795 Iesu
1752 2730 2098 2795 secundum
2140 2729 2482 2815 imperium
2520 2728 2657 2794 Dei
2659 2713 2673 2724 ⁸
2691 2727 2914 2793 salua·

498 2830 659 2895 toris
687 2832 907 2912 nostri,
938 2842 1003 2898 et
1040 2833 1290 2900 Christi
1323 2833 1489 2912 Iesu,
1520 2835 1658 2919 spei
1693 2844 1948 2900 nostrae
1966 2858 1992 2899 .·
2045 2834 2370 2900 Timotheo
2412 2834 2749 2899 carissimo
2759 2832 2917 2918 filio

498 2934 568 2997 in
599 2935 756 3020 fide,
795 2937 1045 3017 gratia,
1097 2938 1555 3016 misericordia,
1591 2950 1736 3021 pax
1777 2959 1822 3002 a
1865 2937 2004 3003 Deo
2040 2950 2234 3023 patre
2283 2948 2498 3005 nostro
2541 2948 2605 3004 et
2659 2935 2915 3004 Christo

496 3037 645 3103 Iesu
675 3040 932 3104 domino
961 3052 1193 3107 nostro.

385 3204 422 3251 2
433 3189 501 3268 ς’
626 3184 890 3249 uidetur
932 3187 1167 3251 beatus
1216 3188 1460 3253 Paulus
1503 3189 1569 3253 in
1617 3190 2135 3274 praescriptione
2182 3189 2547 3273 praesentis
2588 3189 2915 3272 epistolae

495 3298 728 3352 contra
788 3311 993 3354 suam-
1030 3293 1580 3356 consuetudinem
1641 3293 1963 3357 adiecisse
2021 3292 2159 3377 [ad]
2213 3295 2498 3375 gratiam
2552 3301 2621 3357 et
2675 3313 2910 3375 pacem

494 3391 1083 3473 ‘misericordiam‚'
1117 3396 1203 3459 ab
1235 3395 1472 3459 affectu
1508 3396 1738 3460 maiori
1773 3417 1973 3479 quem
2006 3417 2166 3479 erga
2194 3394 2628 3460 Timotheum
2666 3391 2913 3457 habere

596 3599 617 3633 1
655 3583 794 3648 fungi
838 3584 882 3633 C
923 3564 1073 3644 (cori)
1118 3599 1152 3632 r
1481 3599 1509 3633 α
1548 3583 1745 3634 instruit
1791 3582 1855 3648 rl
1885 3600 2013 3649 quae
2046 3584 2256 3634 deceant
2293 3581 2458 3646 presb.
2507 3596 2699 3645 quaeue
2719 3580 2849 3631 diac.
2886 3597 2922 3630 r

493 3684 522 3732 3
557 3670 854 3719 conueniant
881 3667 951 3719 C*
1164 3679 1191 3729 5
1227 3683 1342 3718 eum
1364 3683 1441 3716 om
1465 3682 1497 3715 r
1520 3665 1529 3731 Ι
1559 3667 1832 3732 perfectum
1861 3666 1931 3716 C*
2150 3665 2181 3715 8
2208 3679 2524 3715 communem
2554 3665 2598 3713 C
2614 3664 2684 3714 H
2881 3678 2916 3728 9

490 3749 576 3813 qui
610 3750 679 3800 H
868 3767 922 3801 ιι
961 3766 1023 3800 eo
1061 3750 1175 3814 (sor
1205 3750 1339 3811 meo)
1374 3749 1442 3798 H
1649 3748 1706 3798 16
1739 3749 2039 3799 uidebantur
2069 3764 2176 3799 esse
2209 3745 2274 3811 νΙ
2305 3762 2589 3812 proponens
2622 3763 2658 3796 r
2854 3749 2916 3797 18

488 3830 632 3880 altari
677 3830 837 3881 C⁵H
856 3829 865 3896 Ι
892 3839 965 3881 est
1001 3846 1121 3896 ergo
1161 3846 1194 3879 r
1406 3845 1471 3879 το
1508 3845 1616 3880 esse
1650 3830 1848 3879 uidetur
1884 3846 1917 3878 r
2135 3842 2198 3890 ⁴23
2232 3827 2422 3891 gratiae
2465 3826 2509 3876 C
2591 3826 2752 3892 gratia
2789 3841 2820 3875 e
2855 3826 2926 3875 H

493 3912 556 3962 26
588 3913 653 3961 ad
690 3929 768 3963 om
814 3914 939 3963 CH
942 3931 976 3963 r
1005 3911 1013 3977 Ι
1043 3912 1254 3978 gratiam
1288 3919 1339 3962 et
1384 3927 1559 3977 pacem
1597 3920 1749 3977 atque
1785 3910 1895 3961 mis.
1943 3928 1976 3960 r
2202 3921 2263 3971 27
2298 3909 2366 3960 ob
2404 3909 2637 3960 affectum
2673 3910 2915 3960 maiorem

499 3994 543 4042 C
601 3993 671 4042 ob
701 3993 932 4044 affectum
962 3993 1152 4044 maiore
1174 4009 1207 4042 r

560 4154 634 4206 16.
705 4171 832 4220 quae
866 4170 954 4205 sec.
988 4156 1170 4205 Asiam
1200 4172 1297 4206 esse
1327 4155 1652 4217 uid.1=·razs
1754 4159 2024 4218 ‘germano
2042 4150 2076 4213 ς’
2108 4151 2282 4216 vulg„
2317 4148 2609 4201 “dilecta'’
2676 4149 2758 4200 Cf.
2793 4161 2829 4200 1.
2860 4166 2915 4215 p.

489 4239 600 4290 κατ’
645 4239 822 4288 Ἀσίαν
866 4238 1157 4298 ἐκκλησίαις.
1250 4239 1357 4302 Qui
1391 4238 1499 4289 eccl.
1544 4237 1653 4288 Dei
1753 4251 1864 4300 245,
1905 4237 1939 4287 1.
1984 4238 2059 4298 18,
2092 4244 2229 4302 note.
2297 4236 2497 4295 Nostro,
2534 4249 2592 4284 so
2626 4234 2918 4298 Ambrstr.3

486 4320 701 4371 creditus
733 4325 804 4369 est
836 4318 1172 4384 gubernare:
1194 4314 1221 4368 ὃ
1259 4316 1351 4379 τὴν
1384 4319 1649 4378 ἐκκλησίαν
1750 4317 1884 4377 ἡμῶν
1907 4317 1950 4368 is
1971 4316 2129 4367 found
2151 4316 2205 4365 in
2228 4315 2408 4380 Chrys,
2437 4314 2538 4363 and
2561 4312 2716 4364 Thdt.

485 4405 571 4456 τοῦ
597 4405 711 4454 θεοῦ
735 4403 918 4453 διέπειν
944 4401 1339 4461 πεπιστευμένος.
1814 4411 1894 4461 27·
1959 4397 2022 4447 ab
2041 4397 2214 4464 affectu
2236 4395 2444 4457 maiori]
2488 4394 2558 4446 So
2588 4394 2791 4459 Chrys»,
2819 4393 2917 4445 fol-

554 4501 630 4539 22.
714 4484 1051 4546 canssim01==
1071 4482 1279 4546 γνησίῳ.
1365 4481 1637 4542 Αωδηῑτ.,
1747 4480 1913 4530 lowed
1949 4480 2020 4546 by
2063 4480 2188 4530 Oec.
2233 4479 2334 4528 and
2380 4476 2599 4543 'rhphng
2653 4477 2720 4526 he
2763 4477 2910 4538 adds,
