3221 5116
491 395 583 460 90
1164 389 1623 443 THEononus
1670 388 2266 443 MOPSUESTENUS
2612 377 2670 461 [Ι
2683 378 2730 441 1.
2762 393 2823 461 7,
2859 380 2928 442 8.

489 562 862 627 doctrinam
895 560 982 626 ad
1014 562 1315 625 omnium
1360 560 2064 625 hominum'notitiam
2108 561 2405 625 deseram
2447 570 2515 626 et
2557 580 2791 625 omnes
2823 561 2927 625 ad

488 666 693 730 fidem
743 665 990 731 Christi
1046 666 1362 729 accedere
1410 666 1672 739 faciam,
1726 688 1847 750 per
1897 685 2098 750 quem
2153 668 2347 731 nobis
2395 667 2528 730 ista
2587 667 2928 731 retributa.

489 778 668 834 sunt.
756 778 824 833 et
873 770 1146 853 quidem
1194 770 1281 833 ad
1327 770 1569 833 horum
1616 770 1993 835 doctrinam
2045 780 2114 835 et
2174 773 2695 836 insinuationem
2748 791 2922 854 gen-

489 875 658 939 tium
703 886 965 938 creatus
996 895 1146 939 sum
1191 875 1536 958 apostolus
1556 874 1738 939 ’—ut
1780 877 1978 953 dicat,
2027 877 2367 940 ‘omnium
2400 876 2750 940 hominum
2795 874 2922 958 qui

424 977 556 1060 5in
618 979 800 1042 omni
853 979 1001 1043 loco
1057 976 1248 1043 sunt.’
1341 979 1514 1043 bene
1566 990 1793 1045 autem
1848 982 2246 1065 interposuit
2297 983 2526 1046 dicens
2571 979 2926 1044 ueritatem

487 1080 641 1158 dico,
687 1102 811 1144 non
858 1081 1181 1157 Μαγαῖον,-
1244 1081 1341 1144 ita
1383 1090 1459 1144 ut
1504 1092 1573 1146 et
1617 1084 2122 1149 confirmatione
2170 1106 2293 1149 sua
2338 1085 2516 1149 credi
2558 1085 2804 1150 faceret
2841 1084 2919 1147 id

488 1184 669 1266 quod
731 1184 1013 1248 dicebat.
1119 1204 1278 1247 nam
1337 1185 1518 1267 quod
1581 1186 1760 1251 dixit
1822 1187 1896 1250 in
1932 1188 2077 1271 fide
2132 1198 2195 1252 et
2251 1189 2539 1266 ueritate,
2596 1197 2670 1252 ut
2729 1186 2919 1250 dicat

489 1290 807 1372 quoniam
854 1293 870 1323 ‘
897 1309 1018 1371 pro
1055 1287 1157 1351 his
1203 1289 1609 1353 constitutus
1647 1311 1797 1354 sum
1845 1288 2164 1374 magister
2206 1293 2531 1375 gentium,
2580 1292 2673 1356 ita
2719 1299 2794 1354 ut
2842 1299 2920 1353 et

488 1391 688 1456 fidem
721 1414 836 1456 eos
867 1393 1146 1456 doceam
1178 1401 1246 1456 et
1277 1394 1667 1458 ueritatem!
1755 1396 1982 1479 sicque
2027 1398 2474 1480 comprobans
2522 1417 2642 1479 per
2682 1394 2920 1458 omnia

384 1517 464 1567 10
489 1497 670 1579 quod
722 1497 1085 1560 necessarie
1139 1497 1583 1561 conueniebat
1630 1497 1759 1561 illis
1819 1500 1886 1562 in
1950 1501 2240 1583 idipsum
2301 1500 2726 1564 uenientibus
2786 1520 2916 1582 pro

488 1601 799 1664 omnibus
830 1600 1044 1665 facere
1081 1602 1451 1664 orationem
1498 1623 1940 1681 communem,
1974 1605 2284 1668 omnibus
2333 1603 2776 1686 prouisionem
2820 1602 2910 1665 ad

490 1704 991 1768 similitudinem
1026 1706 1154 1768 Dei
1202 1705 1612 1784 facientibuS,
1647 1708 1879 1791 incipit
1924 1710 2009 1773 de
2054 1718 2276 1771 cetero
2318 1709 2661 1791 disputare
2712 1705 2915 1788 quale

490 1831 720 1874 eorum
751 1809 896 1873 uult
937 1828 1084 1873 esse
1122 1810 1520 1887 institutum,
1553 1811 1934 1875 discernens
1980 1832 2094 1875 eos
2136 1811 2504 1875 secundum
2542 1826 2803 1884 sexum,
2841 1808 2910 1870 in

491 1935 690 1999 quem
722 1915 899 1977 uiros
928 1912 1234 1977 diuidens
1266 1921 1333 1976 et
1365 1913 1691 1978 mulieres,
1783 1922 1850 1977 et
1883 1914 2172 1997 primum
2219 1916 2492 1997 quidem
2538 1910 2910 1976 secundum

387 2036 461 2103 15
493 2020 792 2082 ordinem
843 2016 1350 2080 conuenientem
1404 2017 1489 2079 de
1534 2018 1692 2080 uiris
1747 2016 2055 2100 loquitur,
2099 2038 2370 2081 causam
2418 2017 2767 2099 explicans
2819 2014 2911 2077 ob

493 2141 695 2205 quam
749 2119 1060 2184 discreuit
1108 2139 1239 2194 εοε,
1295 2128 1364 2182 et
1419 2121 1694 2202 quidem
1740 2140 2129 2185 communes
2176 2122 2305 2185 illis
2353 2123 2535 2205 leges
2582 2123 2910 2187 uirtutum

492 2233 784 2288 statuere
823 2223 1285 2301 adnitescens;
1336 2223 1509 2287 sicut
1549 2243 1639 2285 ex
1687 2223 2099 2288 subiectione
2142 2226 2509 2308 poterimus
2555 2225 2623 2290 id
2669 2226 2911 2290 melius

495 2329 788 2392 discere:

623 2470 765 2533 uolo
817 2466 966 2552 (ait)
1014 2488 1200 2532 orare
1244 2468 1438 2546 uiros,
1490 2468 1563 2533 in
1602 2469 1785 2533 omni
1819 2470 1943 2534 loco
1977 2471 2335 2536 extollentes
2378 2492 2615 2537 manus
2649 2484 2912 2540 sanctas

385 2595 471 2645 20
492 2573 633 2639 sine
661 2572 768 2637 ira
794 2583 858 2637 et
883 2573 1338 2657 disceptatione.

599 2741 625 2775 α
661 2724 757 2775 ista
778 2725 924 2774 nobis
948 2741 981 2773 r
1002 2724 1012 2790 Ι
1042 2725 1302 2775 retributio
1323 2726 1392 2775 H
1643 2741 1671 2790 3
1712 2726 1939 2777 doctrina
1962 2735 2011 2778 et
2033 2728 2366 2780 insinuatione
2387 2730 2456 2779 H
2729 2745 2756 2796 5
2791 2746 2913 2796 ergo

497 2804 615 2869 (jor
634 2803 820 2867 autem)
850 2807 940 2855 Cr
1099 2804 1131 2855 6
1163 2812 1218 2855 ut
1250 2822 1328 2855 om
1355 2804 1419 2870 νΙ
1449 2805 1880 2857 confirmationem
1915 2824 2054 2858 suam
2085 2826 2118 2858 r
2296 2824 2328 2876 9
2361 2827 2452 2875 per
2483 2811 2652 2861 omnia
2683 2826 2913 2878 compro-

495 2888 620 2937 bans
645 2904 678 2936 r
844 2902 903 2938 10
935 2887 1213 2937 necessario
1248 2885 1311 2952 νΙ
1342 2889 1605 2938 conueniat
1644 2890 1688 2937 C
1717 2905 1750 2938 r

499 2971 559 3019 18
591 2968 832 3018 dicereH

563 3118 611 3167 3.
676 3100 1084 3164 insinuationem]
1144 3100 1521 3159 ‘notificatiom’
1549 3102 1563 3126 ⁸
1582 3102 1652 3151 in·

496 3183 762 3234 formation
779 3181 889 3231 ’—a
911 3198 1052 3231 sense
1074 3185 1127 3230 in
1149 3182 1313 3231 which
1339 3183 1425 3231 the
1447 3182 1585 3232 word
1610 3183 1653 3232 is

495 3265 717 3331 peculiar
750 3272 804 3314 to
833 3265 934 3312 late
958 3263 1193 3327 butirum
1222 3264 1321 3312 and
1350 3263 1528 3328 chiefly
1550 3280 1653 3313 em·

495 3347 682 3412 ployed
704 3347 770 3410 by
793 3345 878 3395 the
894 3345 1078 3408 jurists.

564 3432 611 3480 8.
678 3436 737 3479 ut
775 3436 820 3478 a
837 3429 998 3493 fidem
1033 3444 1106 3477 eos
1140 3428 1347 3484 doceam,
1387 3425 1505 3488 δια]
1577 3427 1656 3490 By

498 3508 785 3561 διδάσκαλος
817 3510 869 3557 ἐν
902 3508 1067 3556 πίστει
1099 3506 1198 3556 Th.
1232 3505 1561 3556 understands
1599 3509 1655 3555 ‘a

495 3594 697 3645 teacher
712 3592 771 3642 os
785 3591 870 3642 the
892 3590 1054 3641 saith.’
1121 3589 1274 3639 Thdt.
1286 3625 1299 3647 ,
1317 3606 1384 3639 on
1406 3590 1493 3639 the
1510 3590 1655 3640 other

497 3677 651 3735 hand,
667 3676 810 3727 takes
828 3678 878 3724 ἐν
895 3677 1059 3724 πίστει
1084 3675 1166 3721 καὶ
1188 3674 1391 3735 ἀληθείᾳ
1414 3681 1466 3723 to
1489 3689 1653 3737 repre·

497 3767 608 3807 sent
652 3757 737 3807 the
781 3771 988 3805 manner
1030 3753 1129 3804 and
1175 3754 1430 3803 character
1472 3754 1531 3803 os
1567 3754 1654 3803 the

498 3838 760 3902 teaching:
793 3838 919 3895 μετὰ
955 3837 1042 3897 τῆς
1076 3836 1410 3898 προσηκούσης
1448 3837 1655 3884 πίστεώς

497 3937 556 3969 τε
599 3922 676 3969 καὶ
722 3919 951 3980 ἀληθείας
992 3914 1137 3967 τοῦτο
1179 3920 1330 3967 πᾶσιν
1376 3917 1650 3977 προσφέρω·

495 3987 683 4065 βεβαιῶ
702 3997 802 4062 γὰρ
823 3995 887 4062 τῇ
907 3999 1267 4061 θαυματουργίᾳ
1290 4000 1397 4048 τοὺς
1418 3999 1608 4057 λάγους.

562 4095 609 4146 9.
680 4082 842 4144 sicque
872 4081 1199 4145 comprobans,
1221 4080 1333 4142 δια]
1401 4079 1655 4143 “Having

497 4164 612 4215 thus
646 4159 883 4227 proved,''
907 4161 995 4212 stc.
1071 4162 1149 4212 Cf.
1177 4162 1357 4226 Chrys.
1394 4163 1481 4222 (on
1503 4176 1550 4209 v.
1580 4159 1654 4224 4):

497 4240 645 4306 μιμοῦ
671 4244 861 4306 (φησὶν)
893 4242 978 4293 τὸν
1009 4241 1194 4291 σκοπὸν
1230 4239 1313 4291 τοῦ
1348 4240 1476 4292 θεοῦ·
1513 4244 1657 4292 αὐτὸς

498 4324 593 4388 γὰρ
626 4323 807 4374 πάντας
840 4321 1116 4385 ἀνθρώπους
1149 4325 1279 4372 θέλει
1313 4325 1540 4385 σωθῆναι,
1574 4325 1658 4372 καὶ

499 4410 563 4457 σὺ
585 4406 704 4470 ὑπὲρ
725 4403 915 4457 πάντων
936 4408 1080 4466 εὔχου
1100 4404 1370 4467 ἀνθρώπων.

570 4506 643 4552 14.
703 4487 1057 4554 primum...de
1095 4486 1226 4535 uiris
1269 4486 1511 4550 loquitur]
1553 4487 1652 4537 For

1904 2903 1961 2952 ¹5
1997 2892 2351 2940 conuenienter
2372 2908 2404 2940 r
2536 2891 2594 2942 16
2626 2892 2751 2957 legis
2777 2894 2821 2943 C
2841 2892 2916 2943 'r

1752 3116 1818 3150 an
1841 3101 2062 3152 instance
2086 3101 2146 3150 of
2160 3102 2244 3152 the
2267 3102 2495 3167 opposite
2513 3103 2660 3153 order
2675 3119 2758 3154 see
2775 3103 2911 3171 Eph.

1753 3196 1802 3229 v.
1828 3196 1908 3240 22,
1936 3197 2031 3246 sq„
2054 3182 2155 3231 and
2188 3180 2331 3231 Th.’s
2364 3182 2562 3232 remark
2596 3183 2737 3233 there
2770 3182 2828 3247 (1.
2852 3199 2905 3247 p.

1757 3264 1866 3325 183,
1892 3262 1947 3312 ll.
1970 3265 2168 3328 9—14).

1823 3359 1897 3408 17.
1968 3345 2289 3408 adnitescens]
2336 3346 2413 3396 Cf.
2463 3348 2732 3406 mitescens,
2777 3358 2814 3398 1.
2853 3365 2905 3415 p.

1755 3427 1866 3487 238,
1894 3427 1928 3475 1.
1967 3441 2037 3488 14,
2066 3436 2203 3477 note.
2271 3429 2363 3477 Ex
2390 3429 2580 3480 subiect.
2597 3446 2714 3490 τοι
2743 3430 2910 3481 subse·

1753 3495 2039 3572 (inentibus,

1823 3605 1900 3657 ¹9·
1968 3590 2078 3639 uolo
2131 3589 2247 3654 (ait)
2302 3591 2464 3653 orare]
2523 3593 2762 3654 βούλομαι
2817 3589 2913 3642 οὖν

1753 3673 2129 3735 προσεύχεσθαι.
2196 3675 2271 3722 As
2306 3673 2346 3722 is
2380 3673 2660 3739 frequently
2681 3676 2766 3726 the
2800 3693 2913 3728 case

1752 3754 1804 3802 in
1851 3754 1949 3803 this
2000 3754 2311 3811 translation,
2357 3770 2422 3805 an
2469 3756 2684 3806 inserted
2736 3759 2812 3807 ait
2857 3775 2914 3809 or

1751 3835 1921 3900 inquit
1938 3834 2030 3884 has
2052 3836 2204 3885 taken
2228 3836 2313 3885 the
2336 3836 2479 3900 place
2500 3837 2559 3886 of
2573 3838 2658 3888 the
2681 3837 2912 3901 conjunc·

1752 3917 1871 3968 tion.
1944 3919 2250 3967 Extollentes
2283 3935 2466 3968 manus
2506 3928 2702 3968 sanctos
2715 3937 2739 3981 ,·
2784 3921 2911 3971 Rab.

1752 4006 1867 4063 puts
1891 3998 1989 4048 this
2011 3999 2277 4062 rendering
2306 3999 2412 4048 side
2435 4000 2503 4062 by
2525 4001 2631 4049 side
2654 4001 2776 4050 with
2806 4002 2912 4051 that

1751 4080 1810 4129 os
1828 4079 1911 4129 the
1930 4079 2106 4142 Vulg.:
2138 4079 2398 4127 “leuantes
2409 4088 2574 4143 puras
2591 4097 2788 4140 manus,
2812 4083 2916 4132 siue

1752 4160 2076 4210 secundum
2105 4157 2288 4208 aliam
2310 4159 2660 4220 editionem,
2689 4164 2913 4212 extollen-

1751 4250 1817 4292 tes
1853 4259 2021 4292 sacras
2058 4240 2291 4290 manus.”
2359 4242 2471 4292 The
2508 4242 2829 4293 substitution
2862 4246 2920 4295 of

1752 4332 1951 4374 sanctas
2004 4324 2080 4374 for
2126 4323 2357 4387 “puras’'
2403 4325 2504 4374 had
2559 4324 2715 4375 found
2769 4327 2910 4391 place

1755 4405 1957 4468 already
1979 4405 2030 4454 in
2058 4404 2304 4453 Ambrstr.
2334 4405 2434 4453 and
2455 4406 2675 4468 Jerome.
