3221 5116
468 384 589 464 198

1118 386 1582 442 “THEODORUS
1630 386 2216 446 MOPSUESTENUS

2577 374 2659 459 [Ι.
2688 392 2749 459 9,
2786 390 2883 441 10.

464 561 632 626 tione
657 567 896 639 sancta,
927 579 1056 623 non
1092 557 1438 623 secundum
1474 569 1661 643 opera
1699 567 1939 637 nostra,
1978 556 2098 624 sed
2126 557 2474 624 secundum
2510 579 2708 625 suum
2721 570 2880 645 pro-

453 665 742 750 positum
770 674 833 729 et
846 663 1172 747 gratiam.

597 811 833 875 similis
873 819 977 875 est
1020 819 1247 875 autem
1282 806 1453 872 haec
1486 807 1745 892 species
1790 807 2189 873 narrationis
2232 829 2369 892 qua
2412 808 2632 874 dixit:
2676 829 2890 874 secun-

468 922 629 988 dum
659 923 967 987 uirtutem
998 921 1144 1000 Dei,
1174 919 1270 984 illi
1308 920 1585 985 dictioni
1628 940 1834 1004 quam
1880 921 2189 985 dixerat:
2233 919 2584 984 secundum
2599 921 2890 1004 promis-

410 1045 440 1113 5
469 1027 709 1093 sionem
739 1026 914 1089 uitae
954 1046 1117 1108 quae
1152 1035 1249 1089 est
1286 1024 1357 1089 in
1407 1023 1662 1091 Clzrzirto
1688 1023 1856 1101 Iesu,
1887 1024 2070 1107 quod
2114 1024 2181 1087 in
2214 1023 2633 1106 praefatione
2663 1023 2892 1106 posuit

471 1131 666 1195 huius
707 1129 1044 1213 epistolae,
1135 1130 1308 1194 sicut
1346 1138 1574 1194 autem
1613 1127 1749 1192 illic
1786 1128 2134 1192 secundum
2168 1127 2664 1211 promissionem
2716 1127 2892 1190 uitae

473 1234 649 1312 dicit,
709 1232 839 1297 hoc
897 1241 1124 1297 autem
1185 1233 1318 1298 ait:
1401 1231 1834 1315 ‘promissam
1894 1230 2090 1294 uobis
2151 1230 2361 1294 uitam
2421 1238 2684 1294 creatus
2741 1250 2891 1296 sum

473 1336 819 1420 apostolus
867 1344 942 1401 ut
993 1335 1167 1401 hanc
1219 1336 1673 1420 praedicarem
1699 1335 1740 1414 ;’
1801 1335 1898 1399 sic
1942 1343 2012 1399 et
2055 1333 2186 1398 hoc
2239 1335 2309 1398 in
2353 1332 2504 1399 loco
2546 1334 2893 1398 secundum

475 1438 787 1503 uirtutem
825 1439 1089 1524 (inquit)
1131 1439 1479 1504 Dei—hoc
1519 1448 1640 1514 est,
1691 1441 1709 1471 ‘
1731 1458 1850 1522 per
1892 1440 2207 1504 uirtutem
2254 1438 2387 1503 Dei
2406 1436 2632 1522 ’—qui
2675 1439 2895 1503 saluos

375 1568 454 1617 10
459 1543 631 1628 fecit
685 1563 814 1608 nos.

907 1550 925 1577 ‘
946 1544 1247 1609 adnitere
1294 1565 1456 1628 ergo
1507 1552 1576 1608 et
1636 1543 1873 1609 labora
1930 1551 2000 1606 et
2050 1543 2475 1627 passionibus
2520 1551 2591 1606 te
2639 1542 2887 1619 subice,

477 1659 553 1714 ut
612 1647 924 1713 omnibus
976 1656 1049 1712 tu
1102 1647 1190 1712 ad
1248 1646 1558 1712 notitiam
1607 1644 1869 1709 deseras
1920 1644 2035 1710 illa
2082 1666 2256 1729 quae
2314 1665 2438 1729 pro
2496 1646 2689 1710 nobis
2737 1654 2897 1710 sunt

477 1750 898 1835 dispensata.'

988 1749 1135 1814 uult
1181 1759 1408 1814 autem
1468 1749 1690 1812 dicere
1742 1748 2060 1831 quoniam
2111 1753 2128 1782 ‘
2153 1767 2474 1831 magnum
2538 1757 2640 1813 est
2692 1749 2912 1814 euan?

475 1855 767 1939 gelium3
853 1854 1063 1918 uirtus
1133 1863 1358 1918 autem
1424 1861 1526 1918 est
1570 1853 1703 1917 Dei
1777 1852 1846 1916 in
1915 1873 2016 1933 eo,
2085 1853 2197 1936 qui
2270 1851 2559 1917 saluauit
2629 1873 2752 1918 nos
2825 1862 2896 1918 et

478 1958 748 2023 uocauit
803 1958 872 2022 in
920 1957 1516 2022 sanctificationem
1577 1967 1648 2023 et
1706 1958 1774 2020 in
1840 1955 2355 2040 incorruptelam
2420 1957 2609 2022 illam
2687 1979 2891 2042 quam

377 2085 450 2153 15
481 2070 956 2145 expectamus;

478 2186 671 2229 suam
767 2165 1317 2233 misericordiam.'

1022 2063 1202 2146 quod
1256 2070 1324 2126 et
1373 2062 1529 2126 fecit
1576 2082 1715 2126 non
1772 2061 1862 2125 ob
1922 2070 2222 2125 nostrum
2274 2060 2584 2126 meritum
2631 2062 2750 2126 sed
2800 2063 2892 2127 ob

1408 2165 1546 2230 tale
1619 2172 1724 2229 est
1798 2165 1961 2231 illud
2035 2166 2217 2248 quod
2299 2166 2556 2230 dictum
2632 2175 2736 2230 est
2807 2167 2894 2231 ad

482 2269 867 2335 Romanos:
931 2286 1041 2334 nec
1082 2280 1299 2335 autem
1337 2269 1621 2334 erubesco
1661 2266 2084 2352 euangelium,
2125 2268 2340 2332 uirtus
2373 2277 2590 2332 autem
2637 2260 2773 2332 Dei
2800 2278 2899 2333 est

482 2373 553 2437 in
586 2374 860 2437 salutem
899 2374 1083 2438 omni
1119 2374 1408 2440 credenti.

1500 2373 1757 2439 ‘labora
1806 2392 1966 2456 ergo
2007 2373 2208 2457 digne
2250 2393 2371 2455 pro
2431 2374 2896 2455 magnitudine

480 2479 955 2562 promissorum
1009 2479 1374 2544 bonorum?
1463 2478 1706 2544 deinde
1758 2478 2117 2543 ostendens
2167 2475 2497 2560 euangelii
2551 2476 2896 2560 magnitu-

372 2609 458 2659 20
482 2583 728 2664 dinem,
759 2586 962 2649 etiam
994 2588 1080 2651 de
1111 2587 1513 2668 antiquitate
1542 2583 1690 2648 uult
1722 2582 1884 2648 illud
1917 2580 2247 2646 extollere
2266 2598 2292 2662 ;'
2327 2582 2423 2646 ait
2453 2581 2673 2644 enim:

595 2741 758 2804 quae
786 2721 946 2785 data
973 2731 1070 2786 est
1100 2721 1281 2787 nobis
1321 2722 1393 2785 in
1427 2720 1682 2788 Christo
1711 2720 1857 2784 Iesu
1888 2728 2039 2783 ante
2068 2727 2348 2801 tempora
2377 2727 2653 2794 aeterna,
2684 2711 2898 2779 mni-

579 2900 611 2943 4
644 2879 1041 2946 propositionem
1068 2879 1149 2931 C*
1164 2872 1227 2930 H
1234 2896 1268 2931 r

476 2960 596 3012 loco
623 2950 711 3012 Cr
901 2976 934 3028 9
967 2961 1203 3012 uirtutem
1228 2958 1321 3026 (ιθ)
1345 2978 1423 3012 om
1445 2962 1516 3011 H

481 3062 561 3097 om
582 3061 616 3094 r
638 3042 648 3108 Ι
677 3042 871 3093 deseres
896 3040 974 3092 C‘
1032 3041 1242 3092 defferas
1264 3042 1335 3093 H

481 3142 522 3176 s.
547 3132 597 3175 et
621 3127 674 3173 in
695 3124 793 3173 inc.
819 3123 909 3172 illa
930 3138 964 3173 r

1480 2892 1508 2944 7
1540 2880 1640 2930 hoc
1663 2886 1831 2930 autem
1853 2885 1910 2929 ut
1936 2879 2066 2930 CH
2142 2878 2240 2928 hoc
2262 2883 2415 2928 estut
2436 2892 2470 2927 r

1696 2976 1757 3012 10
1788 2961 1929 3011 subie
1954 2956 2059 3024 (sic)
2084 2959 2147 3009 H

2661 2877 2692 2926 8
2726 2875 2901 2924 inhoc

2315 2974 2370 3009 11
2408 2964 2458 3007 te
2483 2954 2692 3023 (fortu)
2733 2956 2900 3007 C'Bz

1475 3056 1535 3105 ¹4
1568 3041 1622 3092 in
1644 3030 2044 3092 sanctificatione
2059 3048 2111 3091 et
2131 3040 2185 3090 in
2208 3040 2543 3105 incorruptela
2565 3039 2703 3088 illam
2725 3039 2794 3088 H
2849 3038 2905 3089 in

1159 3136 1216 3187 17
1251 3123 1388 3172 enim
1413 3121 1529 3187 (for
1547 3130 1716 3173 autem
1739 3120 1831 3188 bis)
1857 3138 1890 3172 r

2136 3138 2203 3172 20
2235 3129 2286 3172 et
2307 3121 2461 3172 etiam
2484 3137 2519 3170 r
2755 3135 2816 3171 τι
2853 3126 2906 3171 et

482 3207 696 3274 gratiam
722 3203 828 3269 (begs
834 3201 984 3269 quae)
1007 3203 1114 3253 add
1129 3221 1162 3254 r
1184 3203 1195 3269 Ι
1225 3205 1357 3255 datis
1378 3206 1446 3256 H
1462 3203 1473 3271 Ι
1501 3205 1775 3255 saecularia
1807 3220 1874 3255 m.
1903 3209 1979 3254 est
2011 3219 2060 3254 a.
2092 3218 2227 3254 nunc
2257 3219 2349 3268 per
2381 3202 2796 3252 illuminationem
2829 3219 2866 3252 r

552 3377 600 3426 3.
686 3358 871 3408 similis
925 3365 1010 3420 est,
1066 3358 1187 3421 &c.]
1248 3363 1356 3409 ‘As
1410 3357 1466 3409 in
1519 3376 1567 3409 v.
1618 3375 1641 3411 1

486 3437 928 3494 ἅπόστολος...κατ’
974 3441 1283 3503 ἐπαγγελίαν
1315 3456 1487 3491 means
1532 3444 1643 3491 “an

484 3523 679 3590 apostle
692 3520 933 3572 ordained
952 3526 1004 3569 to
1017 3520 1259 3584 proclaim
1275 3521 1361 3571 the
1372 3521 1643 3586 promise,'’

484 3624 542 3659 so
563 3607 684 3657 here
714 3605 840 3655 κατὰ
876 3605 1072 3664 δύναμιν
1101 3603 1143 3654 is
1164 3610 1219 3653 to
1239 3606 1304 3655 be
1320 3604 1497 3669 joined
1518 3604 1642 3654 with

487 3687 777 3752 εὐαγγελίῳ,
805 3686 893 3736 the
914 3700 1059 3735 sense
1080 3684 1262 3749 being:
1292 3684 1425 3736 “the
1450 3684 1644 3749 Gospel

485 3769 651 3819 which
690 3770 734 3817 is
768 3765 1127 3830 accompauied
1164 3766 1233 3830 by
1273 3767 1372 3815 and
1411 3773 1643 3831 operates

485 3850 703 3914 through
754 3849 841 3899 the
895 3862 1066 3913 power
1109 3846 1169 3896 of
1213 3845 1413 3897 God.'''
1496 3846 1643 3897 Th.’s

486 3932 722 3996 meaning
755 3930 800 3980 is
837 3929 1080 3980 obscured
1109 3929 1179 3994 by
1208 3930 1295 3979 the
1326 3930 1640 3990 translation,

485 4015 651 4065 which
706 4013 760 4061 in
817 4012 851 4062 1.
905 4027 937 4078 9
986 4012 1170 4061 should
1219 4012 1469 4076 probably
1512 4012 1644 4063 have

483 4098 616 4147 been
636 4113 649 4145 τ
679 4096 767 4144 hoc
785 4100 867 4153 est,
903 4094 1058 4157 ‘quod
1070 4101 1140 4142 est
1150 4101 1248 4158 per
1267 4091 1359 4156 [τῷ
1391 4094 1526 4156 διὰ],’
1549 4094 1640 4144 &c-

486 4181 623 4230 That
662 4177 747 4227 the
778 4176 919 4241 point
953 4175 1013 4225 of
1043 4176 1122 4226 his
1147 4176 1344 4226 remark
1376 4176 1419 4226 is
1448 4177 1583 4227 what
1616 4176 1645 4225 Ι

485 4261 615 4311 have
659 4258 838 4313 stated,
880 4272 1041 4306 seems
1076 4257 1212 4306 clear
1246 4257 1376 4306 from
1412 4257 1448 4305 1.
1494 4272 1551 4321 13
1567 4272 1645 4322 sq.

488 4343 579 4393 All
618 4342 703 4390 the
738 4340 882 4389 other
922 4339 1024 4389 Gk.
1057 4347 1446 4388 commentators
1483 4337 1647 4403 prefer

487 4434 542 4477 to
564 4430 777 4475 connect
799 4423 924 4471 κατὰ
948 4423 987 4470 ὅ.
1012 4419 1133 4470 with
1159 4420 1620 4481 σνγκακοπάθησον.

557 4504 941 4569 propositionem
975 4502 1081 4568 (see
1109 4519 1189 4553 vv.
1224 4501 1297 4559 11„
1323 4501 1355 4552 l.
1385 4501 1438 4566 4)
1483 4516 1646 4552 seems

1747 3366 1802 3410 to
1836 3359 1968 3408 have
2002 3357 2165 3409 arisen
2186 3356 2315 3407 from
2338 3372 2370 3406 a
2390 3353 2652 3405 confusion
2672 3355 2904 3405 between

1745 3457 1912 3491 verses
1938 3456 1959 3489 1
1988 3440 2089 3489 and
2113 3455 2160 3505 9.
2680 3431 2683 3434 ⁴

1818 3520 1888 3572 16.
1912 3522 2011 3571 tale
2021 3528 2093 3570 est
2108 3521 2251 3580 illud,
2268 3518 2386 3581 δια]
2412 3520 2565 3569 Rom.
2581 3518 2616 3567 i.
2636 3515 2906 3583 16,Vu1g.;

1743 3601 1830 3652 the
1868 3600 2189 3651 substitution
2228 3598 2288 3649 of
2334 3606 2498 3648 autem
2542 3598 2620 3647 sor
2671 3600 2705 3625 “
2721 3597 2856 3647 enim
2873 3595 2905 3620 ''

1745 3681 1857 3742 (bis)
1890 3680 1932 3730 is
1962 3680 2211 3745 probably
2231 3696 2263 3729 a
2293 3696 2429 3730 mere
2459 3678 2678 3728 incuria.
2739 3677 2898 3727 Thdt.

1743 3763 1867 3812 cites
1895 3762 1982 3811 the
2014 3777 2151 3811 same
2183 3776 2323 3811 verse
2355 3766 2410 3810 to
2445 3759 2690 3808 illustrate
2720 3756 2791 3816 μὴ
2822 3753 2905 3806 οὖν

1742 3846 1974 3905 &tucax-3
2007 3844 2104 3893 Th.
2131 3843 2261 3893 finds
2292 3859 2324 3892 a
2357 3842 2547 3892 further
2575 3839 2782 3905 parallel
2817 3840 2906 3889 be·

1742 3935 1904 3977 tween
1942 3926 2134 3987 δύναμις
2170 3927 2269 3988 γὰρ
2305 3925 2417 3973 θεοῦ
2445 3925 2580 3973 ἐστίν
2617 3924 2721 3974 and
2759 3926 2905 3988 εὖαγ·

1741 4010 2084 4072 γελίῳ...κατὸ,
2107 4010 2302 4067 δύναμιν
2322 4008 2449 4056 θεοῦ.

1815 4106 1888 4159 19.
1957 4090 2207 4154 euangelii
2237 4090 2652 4153 magm’tudirim,
2692 4088 2809 4152 δια]
2855 4089 2908 4141 Α

1742 4172 1986 4224 favourite
2014 4172 2153 4238 topic
2175 4172 2298 4222 with
2330 4172 2430 4220 Th.
2443 4188 2461 4231 3
2495 4186 2578 4222 see
2607 4170 2687 4220 his
2716 4187 2901 4223 comm.

1743 4270 1812 4305 on
1835 4255 1968 4320 Eph.
1995 4254 2030 4302 i.
2056 4268 2085 4317 3
2108 4269 2204 4318 sq„
2228 4252 2552 4318 particularly
2573 4251 2659 4302 the
2682 4251 2910 4303 remarks

1744 4352 1811 4386 on
1833 4352 1998 4386 verses
2020 4335 2149 4399 4—6
2175 4332 2230 4399 (1.
2253 4350 2343 4400 pp.
2374 4334 2668 4397 raa—125).

1811 4435 1892 4470 αι.
1957 4425 2173 4483 tempora
2207 4418 2427 4478 aeterna]
2483 4416 2554 4467 So
2577 4418 2746 4480 Aug-3
2780 4416 2910 4467 Am-

1740 4500 1910 4563 brstr„
1931 4501 2104 4566 Vulg„
2126 4502 2211 4552 “t.
2229 4497 2556 4551 saecularia.”
2613 4498 2711 4550 See
2735 4497 2837 4549 Tit.
2869 4511 2910 4548 1.
