3221 5116
509 371 630 438 130
1166 371 1624 423 THEODORUS
1672 370 2258 424 MOPSUESTENUS
2483 356 2642 441 [111.
2687 376 2780 437 14,
2822 369 2915 437 15.

629 541 777 623 ‘qui
806 541 987 605 enim
1019 539 1492 605 conuenienter
1520 541 1932 605 functionem
1978 563 2169 606 suam
2201 541 2639 625 impleuerint‚
2673 542 2827 605 licet
2858 542 2913 605 si

500 638 566 703 in
629 644 962 724 praesenti
1024 642 1399 707 infirmioris
1446 644 1696 727 gradus
1740 666 1885 707 esse
1934 644 2300 722 uideantur,
2360 646 2479 708 sed
2540 645 2914 728 prouisores

498 749 623 812 sibi
674 748 740 811 in
794 747 1016 813 futuro
1062 749 1300 832 optimi
1353 750 1600 832 gradus
1647 749 1965 825 existunt,
2019 747 2334 813 fiduciam
2387 748 2745 832 plurimam
2795 748 2915 812 ad-

498 850 785 914 secuturi
846 873 885 915 a
934 850 1244 928 Christ0.’
1337 852 1570 915 bonum
1621 851 1916 934 gradum
1964 871 2096 914 non
2144 852 2209 914 in
2258 854 2593 934 praesenti
2640 849 2912 915 saeculo

435 961 466 1028 5
500 960 676 1023 dicit.
759 979 878 1022 nec
925 957 1207 1020 dixisset
1247 956 1537 1039 gradum
1583 955 1713 1018 sibi
1759 955 1887 1038 ipsi
1933 953 2165 1018 bonum
2207 955 2798 1036 adquirent—nam
2845 963 2915 1018 et

499 1065 844 1128 diaconiae
894 1063 1141 1146 gradus
1192 1061 1409 1125 bonus
1469 1059 1776 1123 est—sed
1841 1059 2123 1122 dixisset
2184 1060 2415 1141 utique
2471 1058 2913 1136 ‘maiorem3'

498 1187 673 1230 nunc
725 1174 952 1230 autem
1006 1164 1299 1228 adiciens
1348 1163 1597 1236 bonum,
1649 1182 1782 1225 non
1837 1163 1993 1245 quia
2040 1182 2174 1225 non
2221 1162 2436 1225 bonus
2481 1164 2727 1244 gradus
2773 1163 2914 1225 dia-

498 1268 744 1345 coniae,
806 1269 923 1331 sed
985 1265 1300 1351 quoniam
1365 1265 1551 1328 illum
1629 1264 1903 1346 quidem
1977 1262 2261 1345 gradum
2338 1263 2695 1326 confitetur
2766 1282 2913 1325 esse

498 1372 769 1450 bonum,
819 1380 886 1435 et
935 1371 1171 1434 iuuans
1232 1390 1347 1432 eos
1396 1370 1510 1451 qui
1565 1390 1718 1432 eum
1769 1368 2048 1450 adsequi
2095 1366 2444 1432 noluerint.
2530 1367 2708 1431 hunc
2755 1388 2912 1432 uero

396 1488 474 1537 10
498 1476 592 1538 ait
637 1475 981 1539 diaconiae
1025 1474 1308 1555 gradum
1354 1472 1488 1535 iam
1538 1492 1671 1534 non
1718 1491 1913 1554 posse
1960 1491 2367 1554 quemquam
2407 1473 2649 1549 iuuare,
2681 1475 2733 1537 si
2778 1494 2912 1537 non

498 1587 566 1642 et
618 1578 731 1642 illa
780 1598 951 1661 quae
999 1577 1474 1641 conscientiam
1528 1584 1825 1639 nostram
1873 1585 2146 1658 possent
2193 1577 2519 1659 integram
2571 1599 2913 1642 reseruare

498 1682 941 1746 concurrerint
985 1680 1194 1743 nobiS.

496 1798 591 1851 est
635 1786 704 1850 z'n
760 1785 1015 1852 Christo
1066 1784 1231 1847 Iesu.
1323 1782 1670 1846 euidenter
1713 1780 2006 1845 ostendit
2061 1785 2381 1865 quoniam
2431 1784 2517 1848 de
2569 1784 2695 1848 illis
2738 1806 2914 1868 quae

498 1898 658 1953 tunc
690 1897 881 1952 erunt
912 1887 1089 1964 dicit,
1124 1885 1268 1950 uult
1310 1886 1486 1950 enim
1526 1905 1640 1948 eos
1672 1884 1911 1948 docere
1952 1886 2109 1969 quia
2147 1885 2403 1949 nullum
2435 1887 2909 1951 detrimentum

396 2000 465 2066 15
499 1990 756 2055 adferre
829 1990 1073 2074 poterit
1141 1987 1462 2052 infirmior
1518 1986 1766 2070 gradus
1826 1985 1954 2050 illis
2031 1987 2144 2069 qui
2222 1987 2409 2071 digni
2486 1990 2915 2052 inueniuntur

497 2118 744 2182 magna
795 2103 865 2160 et
923 2093 1217 2178 perfecta
1276 2093 1552 2175 adsequi
1606 2091 1802 2168 bona,
1866 2091 1919 2154 si
1959 2100 2186 2154 tamen
2235 2093 2638 2156 conscientia
2681 2112 2911 2156 eorum

496 2210 695 2286 prout
727 2198 1038 2264 conuenit
1071 2198 1348 2261 inlibata
1379 2197 1465 2260 ab
1498 2196 1626 2259 illis
1657 2196 1816 2278 ipsis
1859 2195 2054 2258 fuerit
2086 2197 2435 2262 custodita.
2527 2219 2912 2281 percurrens

496 2323 654 2367 uero
697 2300 826 2365 hoc
872 2301 1075 2365 modo
1117 2300 1320 2364 etiam
1368 2297 1517 2362 illos
1568 2298 1840 2361 ordines
1891 2297 2008 2381 qui
2069 2298 2136 2361 in
2189 2297 2533 2363 functione
2577 2300 2914 2367 habentur

496 2405 959 2482 ecclesiastica,
991 2403 1236 2468 adicit:

382 2575 472 2622 20
622 2557 774 2621 haec
800 2555 925 2622 tibi
948 2554 1168 2632 scriba,
1196 2566 1463 2638 sperans
1503 2553 1724 2618 uenire
1749 2552 1845 2617 ad
1867 2564 1929 2617 te
1952 2552 2075 2618 cito
2090 2577 2121 2629 ,·
2170 2553 2236 2617 si
2260 2563 2477 2618 autem
2506 2555 2786 2621 euenerz't
2815 2578 2916 2620 me

493 2660 844 2735 retardare,
900 2668 976 2723 ut
1029 2659 1199 2723 scias
1246 2656 1785 2740 quemadmodum
1831 2656 2167 2719 conueniat
2215 2667 2276 2721 te
2331 2658 2401 2721 in
2458 2658 2723 2722 domum
2780 2660 2918 2723 Dei

491 2765 875 2843 conuersari,
923 2784 1089 2847 quae
1133 2772 1230 2826 est
1275 2761 1527 2828 ecclesia
1577 2760 1713 2823 Dei
1764 2759 1926 2838 uiui,
1975 2758 2269 2823 columna
2314 2771 2378 2824 et
2406 2761 2910 2846 firmamentum

495 2868 814 2932 ueritatis.

593 3041 621 3076 2
657 3026 698 3075 si
724 3024 842 3089 (sor
859 3023 970 3084 sed)
995 3039 1028 3073 r
1331 3035 1359 3083 3
1393 3020 1675 3085 assequitur
1694 3020 1765 3069 H
2027 3033 2054 3083 5
2088 3019 2257 3085 ipsum
2278 3020 2369 3070 H:
2402 3035 2480 3070 om
2504 3037 2537 3071 r
2559 3018 2569 3085 1
2599 3021 2856 3087 acquirere
2878 3038 2912 3070 r

493 3120 525 3172 9
558 3108 799 3157 adiuuans
823 3104 937 3169 (for
956 3110 1007 3154 et
1028 3104 1225 3164 inuans)
1256 3103 1302 3153 C
1321 3100 1469 3167 (corr)
1501 3100 1508 3167 Ι
1539 3102 1950 3166 hunc...gradum
1971 3117 2049 3151 om
2073 3118 2106 3152 r
2367 3119 2428 3153 10
2457 3120 2577 3154 nam
2602 3103 2858 3169 (soriam)
2883 3122 2916 3156 r

502 3199 557 3236 ια
593 3185 957 3250 concumpserit
985 3183 1069 3234 C*
1115 3184 1383 3234 contulerit
1413 3185 1457 3233 C
1478 3183 1624 3246 (corr)
1694 3183 2042 3247 concupserint
2070 3183 2132 3232 H
2175 3185 2513 3234 consenserint
2537 3201 2570 3233 r
2717 3189 2776 3237 18
2810 3186 2909 3235 illis

495 3268 693 3319 ordines
714 3267 800 3331 qui
823 3266 978 3315 funct.
1002 3282 1035 3316 r
1185 3281 1250 3315 ἰο
1283 3266 1545 3315 tardauero
1570 3265 1684 3330 (sor
1703 3266 1925 3315 euenerit
1948 3281 2029 3315 me
2052 3267 2167 3327 ret.)
2190 3283 2224 3315 r
2398 3282 2456 3316 αι
2493 3269 2648 3318 domo
2670 3286 2702 3318 r

1286 1687 1353 1741 et
1391 1677 1675 1741 adiecit:
1721 1687 1783 1741 et
1826 1679 2102 1742 multam
2129 1679 2455 1762 fiduciam
2489 1681 2558 1744 in
2581 1681 2726 1764 fide
2753 1702 2918 1764 quae
2996 1733 3001 1738 .
3067 1737 3072 1744 .

496 3411 609 3462 The
639 3411 877 3461 omission
899 3411 991 3461 has
1012 3412 1103 3462 but
1127 3429 1245 3476 very
1270 3412 1421 3476 slight
1445 3419 1652 3477 support

495 3493 579 3559 (cf.
603 3489 802 3543 Tisch.⁸
822 3493 956 3542 adh.
976 3493 1052 3557 l.)‚
1091 3494 1183 3543 but
1213 3495 1360 3544 Th.’s
1398 3500 1652 3543 comment

494 3576 735 3640 certainly
757 3576 900 3626 takes
935 3591 1004 3625 no
1039 3585 1253 3627 account
1286 3576 1344 3625 of
1366 3576 1453 3626 the
1485 3577 1652 3626 words

497 3663 548 3710 ἐν
572 3662 735 3711 πίστει
755 3656 833 3721 τῇ,
874 3659 976 3709 and
1015 3660 1197 3710 indeed
1228 3661 1413 3710 almost
1452 3659 1654 3724 implies

497 3741 626 3793 their
648 3743 879 3792 absence.

568 3843 608 3877 1.
679 3826 790 3875 lica
819 3825 868 3873 si
900 3823 958 3871 in
991 3830 1173 3888 praes„
1201 3820 1317 3883 δια]
1374 3821 1446 3872 So
1473 3822 1649 3882 Thdt„

497 3908 679 3958 almost
722 3906 944 3969 exactly:
995 3907 1037 3953 εἰ
1078 3905 1178 3966 γὰρ
1217 3905 1458 3953 ἐλάττονά
1502 3911 1653 3965 φησιν

496 3993 639 4051 τιμὴν
656 3991 849 4051 ἔχουσιν
872 3989 998 4037 κατὰ
1020 3982 1161 4037 rarae
1182 3987 1266 4037 τὸν
1284 3988 1405 4050 βίον,
1434 3985 1549 4035 ἀλλ’
1572 3989 1655 4036 οῦν

500 4070 672 4117 εἰδέναι
720 4068 956 4131 προσήκει
1011 4066 1074 4116 ὡς
1112 4069 1205 4126 τὴν
1257 4067 1652 4129 ἐγχειρισθεῖσαν

498 4145 869 4210 πεπληρωκότες
935 4150 1178 4198 διακονίαν
1230 4150 1314 4197 τὸν
1366 4150 1656 4205 τιμιώτατον

496 4232 688 4294 βαθμὸν
709 4231 765 4278 ἐν
785 4227 863 4290 τῷ
882 4230 1165 4288 μέλλοντι
1199 4231 1497 4292 λήψονται
1528 4229 1654 4291 βίῳ,

499 4314 581 4363 καὶ
613 4309 696 4372 τῆς
729 4312 846 4374 πρὸς
878 4312 962 4360 τὸν
994 4311 1236 4371 δεσπότην
1276 4312 1491 4372 Χριστὸν
1532 4312 1654 4359 ἀπο·

498 4391 763 4443 Micon-at
807 4396 1096 4455 παρρησίας.
1199 4393 1377 4457 Chrys.
1422 4399 1656 4443 contents

499 4475 705 4526 himself
719 4475 842 4525 with
879 4474 1168 4539 explaining
1191 4468 1383 4538 βαθμόν
1418 4488 1654 4534 αετπρο-

1757 3411 1929 3470 norwit.
2001 3411 2232 3477 Pelagius
2255 3412 2296 3463 is
2313 3413 2388 3462 for
2410 3429 2535 3463 once
2570 3413 2620 3463 in
2641 3415 2800 3466 direct
2821 3431 2911 3481 op·

1755 3491 1973 3556 position
1995 3499 2049 3541 to
2072 3494 2192 3543 Th.:
2250 3497 2282 3522 ‘⁶
2298 3494 2479 3544 bonum
2517 3495 2599 3544 hic
2630 3512 2724 3561 pro
2753 3499 2912 3562 gradu

1753 3573 1967 3622 maiori
1998 3572 2217 3638 posuit-’⁹
2285 3576 2468 3640 Comp.
2516 3577 2655 3627 Dict.
2687 3578 2752 3641 qs
2787 3579 2910 3628 Chr.

1753 3657 1880 3704 Ant.
1916 3666 1954 3703 1.
1991 3672 2041 3721 p.
2082 3671 2193 3720 53¹.
2257 3657 2507 3708 Lanfranc
2549 3659 2732 3724 adopts
2763 3659 2910 3711 Th.'s

1757 3740 1903 3806 view,
1942 3740 2192 3805 ascribing
2234 3742 2274 3791 it
2317 3756 2374 3791 as
2417 3743 2559 3791 usual
2603 3751 2656 3792 to
2692 3744 2746 3794 S.
2786 3745 2911 3793 Am-

1755 3822 1930 3873 brose:
1969 3824 2006 3849 “
2015 3837 2096 3887 gr.
2122 3822 2184 3883 b„
2211 3837 2314 3871 non
2341 3823 2406 3870 in'
2429 3827 2676 3887 praesenti
2715 3826 2913 3876 saeculo

1754 3904 1925 3956 dicit.'’

1820 4003 1902 4039 ἰο-
1968 3987 2016 4039 si
2039 3993 2205 4037 autem
2233 4003 2369 4038 enen.
2408 4004 2485 4039 me
2515 3990 2723 4053 πτανά]
2755 3991 2820 4042 Ο.
2846 3992 2905 4043 L.

1752 4071 1852 4119 and
1869 4070 2040 4134 Vulg.,
2061 4071 2099 4096 “
2113 4070 2291 4133 quodsi
2316 4070 2379 4131 [si
2402 4072 2592 4133 autem]
2608 4073 2914 4124 tardauero'’

1756 4151 1860 4216 (ἐὰν
1902 4153 1954 4201 δὲ
1996 4149 2251 4215 βραδύνω).
2289 4154 2581 4214 Quemadm.
2638 4159 2912 4206 conueniat.

1758 4234 1822 4283 Ο.
1869 4232 1929 4283 L.
1993 4232 2141 4294 (Hil.,
2204 4233 2473 4291 Ambrstr„
2535 4235 2712 4293 Hier.,
2756 4237 2910 4303 Aug.)

1763 4315 1799 4340 ‘⁶
1816 4314 2101 4378 quemadm.
2117 4321 2346 4378 oporteat
2362 4313 2410 4375 ;”
2427 4315 2596 4381 Vulg„
2618 4322 2916 4383 “quomodo

1756 4404 2000 4461 oporteat.
2010 4394 2040 4417 ''
2107 4396 2192 4446 On
2222 4403 2426 4461 sperans
2457 4415 2507 4449 u.
2535 4400 2608 4448 ad
2628 4409 2675 4450 te
2703 4403 2797 4453 cito
2829 4418 2915 4453 see

1758 4476 1903 4526 Th.'s
1925 4492 2029 4541 arg.
2059 4482 2114 4526 to
2140 4491 2164 4524 2
2191 4477 2326 4525 Tim.
2353 4477 2554 4541 (infra).
