3221 5116
351 392 402 456 Ι.
439 390 694 475 8—1o.]
953 405 1036 454 IN
1086 405 1190 456 ΕΡ.
1237 405 1339 455 AD
1384 404 2130 458 THESSALONICENSES
2176 406 2219 455 1.
2726 405 2765 470 7

262 586 275 596 “
349 577 631 653 suerunt,
696 580 789 644 ita
847 590 923 644 ut
982 580 1164 644 nulla
1224 581 1310 644 sit
1380 579 1632 643 inuidia
1692 578 2140 655 referentibuS,
2199 578 2769 661 quemadmodum

348 686 638 767 suscepti
685 698 917 748 sumus
961 706 1002 749 a
1044 685 1236 748 uobis
1280 704 1433 748 cum
1478 684 1815 748 celeritate
1866 682 2014 763 (hoc
2062 685 2239 746 enim
2299 684 2462 746 dicit
2519 681 2772 763 qualem

352 789 693 853 introitum
740 788 1089 853 habuimus
1128 788 1225 852 ad
1258 789 1394 871 uos)
1428 807 1442 865 ;
1489 798 1555 851 et
1604 787 2174 870 quemadmodum
2221 787 2464 850 nostris
2508 784 2772 867 placitis

349 891 684 966 doctriniS‚
736 890 1129 954 discessistis
1171 892 1440 973 quidem
1489 911 1530 954 a
1578 890 2080 953 simulacrorum
2131 889 2403 964 cultura,
2453 906 2771 969 recogno-

349 994 539 1057 uistis
599 1015 757 1058 uero
817 1004 1111 1058 uestrum
1173 995 1544 1070 dominum,
1592 994 1706 1077 qui
1768 1001 1836 1056 et
1898 1014 2052 1056 uere
2096 993 2264 1057 uiuit
2314 1001 2381 1075 et
2427 1002 2527 1055 est
2583 990 2768 1053 Deus

350 1114 584 1171 uerus;
630 1096 1002 1159 credidistis
1051 1106 1273 1160 autem
1325 1105 1393 1159 et
1435 1095 1560 1158 illis
1602 1117 1776 1178 quae
1816 1095 1902 1159 de
1947 1094 2096 1158 Iesu
2140 1097 2319 1159 dicta
2358 1105 2513 1158 sunt
2554 1094 2763 1168 uobis

351 1196 668 1275 quoniam
730 1206 799 1260 et
850 1218 890 1260 a
944 1198 1225 1261 mortuis
1283 1198 1645 1260 resurrexit
1700 1208 1771 1261 ut
1830 1218 2064 1260 omnes
2125 1218 2263 1273 1105,
2312 1197 2424 1279 qui
2487 1197 2554 1259 in
2614 1214 2767 1259 eum

349 1303 695 1377 credimuS‚
723 1302 808 1364 ab
839 1312 1195 1384 expectata
1229 1302 1463 1365 liberet
1490 1321 1725 1383 poena,
1757 1312 1824 1365 et
1859 1302 2178 1383 quoniam
2211 1302 2297 1364 de
2327 1299 2514 1363 caelo
2545 1299 2770 1362 ueniet

352 1405 580 1467 omnia
640 1405 832 1467 nobis
892 1404 1213 1467 beneficia
1273 1401 1652 1486 praestans?
1741 1403 1912 1465 bene
1971 1413 2196 1465 autem
2237 1403 2538 1484 ‘primurn
2593 1401 2771 1463 dixit

352 1507 719 1570 aduentum
768 1509 907 1570 eius
955 1509 1040 1571 de
1080 1507 1283 1583 cae10‚
1318 1508 1559 1570 deinde
1604 1506 2165 1581 resurrectionem,
2197 1516 2264 1569 et
2304 1504 2575 1587 quidem
2616 1522 2767 1566 cum

351 1612 584 1674 ordine
630 1613 694 1674 id
742 1613 1104 1675 secundum
1153 1632 1296 1675 esse
1342 1611 1691 1683 uideretur,
1727 1630 1806 1672 eo
1852 1609 2030 1692 quod
2079 1609 2163 1671 ad
2213 1608 2364 1670 fidei
2425 1605 2772 1670 confirma·

353 1716 606 1778 tionem
654 1716 815 1779 illud
858 1715 963 1780 uel
1007 1716 1307 1779 maxime
1345 1724 1487 1777 erat
1516 1715 1817 1795 dignum,
1850 1713 2028 1794 quod
2073 1714 2158 1775 de
2198 1711 2383 1775 caelo
2425 1713 2510 1775 sit
2542 1711 2609 1774 in
2641 1709 2773 1774 fine

352 1817 598 1879 saeculi
647 1838 799 1880 cum
842 1838 1086 1900 magna
1126 1818 1544 1900 adpariturus
1584 1817 1813 1898 gloria.
1903 1812 2334 1897 †notandum
2380 1825 2479 1878 est
2528 1823 2770 1889 autem,

353 1919 672 1997 quoniam
714 1921 783 1981 in
824 1920 1323 1982 simulacrorum
1368 1919 1790 1982 abdicatione
1832 1916 2055 1980 Deum
2098 1927 2164 1980 et
2194 1914 2494 1978 ‘uiuum’
2526 1925 2594 1979 et
2623 1919 2774 1977 ‘ue-

355 2019 526 2081 rum'
557 2041 700 2083 esse
731 2021 1041 2096 adseruit,
1077 2031 1152 2084 ut
1184 2041 1221 2084 e
1251 2021 1581 2084 contrario
1614 2019 1926 2083 ostendat
1957 2017 2309 2081 simulacra
2341 2038 2556 2100 neque
2586 2017 2772 2080 uiuo-

357 2141 501 2183 rum
544 2142 760 2205 neque
799 2143 1105 2186 uerorum
1146 2143 1290 2187 esse
1321 2126 1618 2198 deorum,
1652 2124 1765 2186 sed
1801 2132 2062 2187 tantum
2095 2123 2251 2205 quia
2293 2120 2461 2183 salso
2502 2120 2773 2182 nomine

488 2342 960 2424 ἐπισημαντέον
1009 2344 1080 2410 δὲ
1126 2343 1228 2410 ’ότι
1277 2347 1347 2411 ἐν
1391 2350 1470 2430 τῇ
1518 2349 1647 2410 τῶν
1691 2342 1972 2411 εἰδώλων
2019 2341 2433 2431 ἀναχωρήσει
2476 2343 2586 2406 τὸν
2631 2336 2775 2405 θεὸν

355 2444 464 2511 καὶ
503 2448 745 2528 ζῶντα.
789 2446 899 2512 καὶ
945 2444 1315 2528 ἀληθινὸν
1348 2451 1724 2536 προσεῖπεν,
1753 2445 1919 2533 πρὸς
1959 2443 2464 2526 α’ντιδιαστολὴν
2500 2441 2773 2508 ἐκείνων·

458 2641 485 2691 7
520 2646 603 2695 qu.
626 2647 718 2681 res·
746 2648 780 2680 a
801 2640 948 2682 mort.
976 2648 1009 2682 r
1201 2648 1233 2699 9
1267 2633 1498 2683 omnibus
1528 2633 1573 2682 C
1590 2648 1624 2682 r
2577 2641 2633 2690 17
2670 2630 2774 2677 &m-

354 2713 624 2772 σημαντέον
648 2714 699 2761 δὲ
723 2716 872 2775 φησὶν
892 2716 966 2764 ὅτι
988 2714 1103 2765 cod.
1130 2715 1245 2766 edd.

1821 2648 1878 2695 13
1907 2649 2020 2683 cum
2042 2648 2224 2697 magna
2245 2648 2322 2682 om
2344 2648 2380 2681 r

423 2889 470 2924 2.
525 2876 730 2939 suscepti
737 2891 926 2936 sumus,
941 2875 1055 2938 δια]
1091 2876 1188 2927 See
1204 2877 1289 2927 the
1305 2884 1518 2927 account

355 2956 416 3005 os
432 2956 532 3006 this
555 2958 738 3006 εἴσοδος
766 2958 817 3006 in
849 2959 976 3008 Acts
1007 2959 1127 3008 xvii.
1156 2977 1216 3019 4:
1252 2963 1516 3020 προσεκλη-

1615 2876 1782 2941 object
1813 2876 1873 2926 os
1901 2876 2026 2927 saith
2056 2877 2158 2927 and
2190 2877 2339 2942 hope.
2408 2875 2774 2941 Chrysostom’s

1612 2961 1936 3026 explanation
1959 2963 2000 3011 is
2017 2962 2114 3011 less
2136 2961 2332 3012 forced:
2353 2965 2379 3024 ι·
2393 2962 2643 3018 ἀναμένειν
2660 2962 2773 3021 (φη.

354 3038 581 3099 ρώθησαν
616 3035 689 3098 τῷ
725 3037 906 3101 Παύλῳ
937 3044 1017 3090 καὶ
1056 3042 1128 3102 τῷ
1166 3042 1295 3102 Σίλᾳ
1333 3044 1430 3089 τῶν
1463 3058 1519 3090 τε

356 3121 629 3183 σεβομένων
647 3118 898 3181 Ἐλλήνων
919 3119 1104 3183 πλῆθος
1119 3123 1264 3181 πολύ,
1279 3121 1519 3186 ’γυναικ-Βν

355 3217 412 3250 τε
441 3203 641 3264 πρώτων
663 3205 749 3251 οὐκ
769 3204 947 3265 ὀλίγαι.

423 3297 471 3345 3.
529 3285 754 3348 placitis]
806 3286 1002 3349 Jacobi,
1042 3287 1250 3352 reading
1289 3289 1421 3337 enim
1465 3287 1517 3337 in

355 3367 391 3417 l.
421 3387 466 3430 4,
496 3376 710 3416 corrects
722 3368 938 3431 placetis.

425 3461 472 3510 5.
529 3455 750 3496 uestrum
772 3449 1054 3511 dominum]
1089 3450 1271 3515 Comp.
1291 3450 1376 3500 the
1394 3458 1514 3511 text,

356 3546 409 3595 p.
425 3527 474 3587 6,
498 3529 531 3578 1.
557 3543 632 3592 15.
685 3530 736 3578 It
758 3531 926 3580 would
949 3547 1083 3580 seem
1107 3531 1214 3581 that
1238 3532 1396 3582 either
1417 3532 1518 3581 Th.

357 3609 477 3659 roed
510 3611 853 3673 ἐπεστρέψατε
885 3614 1003 3673 πρὸς
1045 3614 1130 3661 τὸν
1168 3611 1326 3674 κύριον
1365 3613 1449 3674 (cf.
1490 3629 1517 3662 2

357 3693 474 3741 Cor.
504 3690 576 3739 iii.
609 3689 783 3755 16)-a
805 3692 997 3741 variant
1024 3693 1082 3741 of
1106 3694 1272 3743 which
1306 3694 1442 3744 there
1476 3695 1519 3743 is

356 3787 426 3820 no
449 3781 581 3821 trace
604 3771 723 3821 here
734 3790 752 3833 ς
785 3788 843 3821 or
866 3773 950 3822 the
973 3773 1133 3824 scribe
1155 3774 1246 3824 has
1269 3775 1519 3840 imported

357 3853 515 3916 κύριον
538 3854 646 3903 into
669 3854 755 3903 the
780 3861 881 3905 text
907 3855 1033 3905 from
1058 3857 1156 3906 this
1179 3866 1446 3908 comment.

425 3949 468 3999 7.
539 3937 819 3987 recurrexit
858 3940 1144 3989 ut...liberet
1174 3940 1354 4004 poena]
1434 3940 1518 3992 On

356 4020 442 4068 the
480 4018 691 4069 relation
730 4019 789 4068 os
816 4020 900 4070 the
943 4021 1289 4072 Resurrection
1335 4031 1388 4073 to
1433 4024 1519 4074 the

353 4099 526 4161 ἄφεσις
549 4100 807 4162 ἁμαρτιῶν,
831 4116 914 4151 see
936 4102 1098 4152 above
1118 4118 1184 4151 on
1210 4105 1341 4168 Eph.
1367 4105 1400 4153 i.
1429 4117 1473 4167 7.

423 4196 471 4247 9.
542 4183 654 4232 bene
674 4189 837 4232 autem
858 4184 1104 4247 primum,
1129 4185 1241 4246 δια]
1309 4187 1409 4236 Le.
1434 4187 1520 4236 the

358 4260 555 4310 Second
573 4260 795 4317 Advent,
816 4261 1056 4326 although
1076 4262 1140 4324 [et
1154 4264 1405 4327 quidem:
1417 4266 1517 4312 καί·

357 4358 467 4404 περ,
491 4340 553 4391 cf.
577 4353 612 4391 1.
642 4357 696 4405 p.
720 4343 828 4405 184,
856 4344 892 4392 1.
917 4358 965 4409 9,
994 4345 1132 4405 note]
1166 4345 1290 4394 later
1318 4344 1370 4394 in
1400 4347 1520 4395 time

359 4423 425 4482 (c.
448 4421 517 4470 iv.
537 4420 614 4486 14)
641 4421 761 4472 than
787 4422 871 4472 the
902 4424 1252 4474 Resurrection
1275 4426 1318 4474 is
1341 4426 1520 4492 placed

354 4506 481 4566 first,
508 4504 767 4555 inasmuch
790 4520 845 4555 as
866 4505 904 4556 it
927 4507 1149 4571 supplies
1171 4524 1199 4557 a
1221 4515 1305 4571 yet
1328 4513 1524 4572 greater

1616 3040 1711 3105 σὶν)
1748 3044 1832 3091 τὸν
1878 3044 1978 3091 υἱὸν
2012 3044 2158 3091 αὐτοῦ
2190 3044 2246 3091 ἐκ
2276 3044 2374 3091 τῶν
2406 3038 2650 3104 οὐρανῶν.’
2686 3043 2773 3090 τὸν

1617 3126 1988 3188 ἐσταυρωμένον,
2017 3123 2102 3173 τὸν
2124 3126 2371 3186 ταφέντος
2400 3121 2488 3173 ’διὸ
2522 3126 2601 3173 καὶ
2630 3125 2774 3172 τοῦτο

1616 3209 1774 3268 δηλῶν
1796 3209 1986 3269 ἐπάγει,
2013 3213 2025 3235 ‘
2043 3206 2098 3257 ὃν
2120 3206 2359 3270 ἧγειραν,’
2382 3208 2533 3256 κ.τ.λ.

1688 3305 1760 3353 ¹3·
1837 3290 2420 3352 notandum...adsemit]
2507 3287 2658 3339 Cited
2705 3288 2774 3352 by

1612 3370 1877 3420 Lansranc.

1687 3465 1762 3513 15·
1829 3458 1890 3500 ut
1914 3468 1939 3500 c
1967 3453 2217 3501 contrario
2236 3453 2466 3511 ostendat,
2491 3451 2610 3513 δια]
2677 3451 2774 3512 See

1615 3534 1702 3584 the
1725 3533 1826 3583 Gk.
1843 3534 2026 3591 below,
2045 3534 2146 3585 and
2171 3547 2209 3584 1.
2225 3552 2276 3600 p.
2294 3535 2457 3583 xxxvi.
2503 3535 2580 3583 Dr
2592 3533 2775 3598 Jacobi

1615 3615 1866 3665 remarks:
1919 3613 2116 3666 “uerba
2155 3616 2636 3666 ostendat...dicatur
2669 3630 2773 3665 non

1615 3701 1870 3750 Theodori
1915 3702 2002 3750 sed
2038 3700 2320 3764 interpretis
2353 3697 2494 3747 latini
2526 3696 2776 3761 glossema

1617 3795 1725 3829 esse
1747 3779 2032 3830 uidentur.”
2098 3780 2286 3829 Thdt.:
2321 3780 2480 3843 ζῶντα
2509 3779 2599 3836 μὲν
2627 3779 2773 3828 αὐτὸν

1615 3861 1862 3919 ὠνόμασεν
1894 3862 1953 3911 ὡς
1986 3863 2174 3910 ἐκείνων
2207 3862 2261 3910 οὐ
2294 3858 2501 3924 stim-m·
2551 3844 2776 3918 ἀληθινὸν

1616 3942 1682 3996 δέ,
1729 3942 1791 3991 ὠς
1830 3943 2024 3990 ἐκείνων
2069 3943 2249 4004 ψευδῶς
2287 3942 2409 3989 θεῶν
2453 3941 2773 4000 καλουμένων.

1616 4021 1696 4069 Cf.
1734 4020 1910 4084 Chrys.
1957 4036 2024 4070 on
2063 4037 2083 4071 1
2126 4020 2244 4069 Cor.
2279 4020 2380 4069 viii.
2419 4033 2473 4082 52
2519 4020 2687 4077 ἐπειδὴ
2731 4017 2776 4066 01

1614 4102 1703 4158 μὲν
1755 4101 2062 4164 [παχύτεροι]
2110 4101 2243 4149 οὐδὲν
2289 4102 2440 4149 πλέον
2484 4097 2581 4148 τῶν
2624 4101 2772 4148 λίθων

1616 4181 1794 4238 ἴσασιν,
1825 4181 1870 4227 02
1899 4182 1951 4228 δὲ
1980 4181 2248 4243 [δοκουντες
2271 4180 2580 4242 φιλοσοφεῖν]
2601 4180 2771 4240 λέγου-

1616 4278 1693 4309 σιν
1732 4264 1814 4309 καὶ
1848 4263 2065 4322 δυνάμεις
2096 4265 2227 4313 τινὰς
2259 4265 2403 4312 οἰκεῖν
2437 4266 2487 4312 ἐν
2521 4264 2681 4312 αὐτοῖς
2719 4262 2774 4312 ἃς

1616 4345 1697 4391 καὶ
1730 4345 1863 4395 θεοὺς
1895 4349 2139 4405 καλοῦσιν,
2178 4346 2297 4408 πρδς
2325 4350 2415 4407 μὲν
2448 4347 2531 4395 οὖν
2570 4347 2774 4395 ἐκείνους

1616 4429 1767 4489 φησὶν
1794 4430 1870 4478 ὅτι
1900 4429 2057 4478 ὀὐδὲν
2092 4430 2288 4478 εἴδωλον
2318 4431 2370 4479 ἐν
2405 4425 2623 4489 κόσμῳ·’
2656 4427 2775 4489 πρός

1612 4509 1665 4559 δὲ
1685 4506 1897 4568 τούτους,
1920 4507 1997 4558 ὅτι
2022 4513 2035 4536 ⁸
2050 4510 2195 4560 οὐδεὶς
2218 4505 2322 4560 θεὸς
2343 4509 2499 4572 ἔτερος
2521 4511 2564 4557 εἰ
2582 4509 2650 4568 μὴ
2674 4508 2772 4558 ets?

2806 1520 2884 1568 10
