3221 5116
238 408 330 475 ΙΙ.
364 427 421 492 3,
450 409 537 494 4.]
786 422 872 474 IN
919 421 1024 473 EP.
1068 420 1174 475 AD
1221 420 1968 474 THESSAL0N1OENsEs
2015 420 2090 474 11.
2582 417 2654 483 51

236 592 644 677 inoperante,
709 595 881 659 sicut
942 604 1010 659 et
1069 594 1137 657 in
1200 593 1390 658 illum
1439 592 1782 657 hominem
1842 593 1956 677 qui
2010 613 2131 677 pro
2172 601 2399 657 nostra
2447 589 2661 654 salute

235 710 546 785 sumptus
599 708 717 776 est,
767 697 955 763 Deus
1006 698 1233 761 Verbo
1292 697 1521 761 omnia
1571 696 1928 780 perfecisse
1987 695 2266 762 uidetur.
2366 700 2658 777 temptat

237 806 419 869 enim
469 804 581 868 ille
628 825 746 887 per
794 803 1021 866 omnia
1074 801 1204 878 illa,
1254 822 1427 884 quae
1474 800 1721 865 Christi
1769 810 1943 878 sunt,
1990 802 2256 882 imitari,
2304 808 2540 883 utpote
2593 806 2662 863 et

239 908 582 974 Christum
614 929 686 971 se
721 927 867 970 esse
908 906 1150 968 dicens.
1247 904 1573 987 ‘peccati'
1622 927 1781 970 uero
1815 905 2190 971 ‘hominem
2216 906 2232 933 '
2264 927 2417 971 eum
2464 906 2659 981 dixit,

236 1029 319 1073 eo
350 1009 529 1092 quod
577 1017 926 1092 peccatum
968 1006 1390 1081 ministrabit,
1424 1017 1491 1072 et
1532 1007 1760 1072 multis
1799 1009 2184 1073 hominibus
2223 1008 2420 1074 huius
2460 1028 2660 1072 causa

236 1111 505 1174 existet.
598 1117 666 1172 et
721 1108 1000 1172 ‘filium'
1051 1129 1202 1171 eum
1259 1108 1730 1191 ‘perditionis’
1783 1110 1963 1186 dicit,
2019 1121 2253 1194 utpote
2305 1108 2660 1194 perditioni

236 1212 661 1276 subdendum
694 1219 848 1296 post
879 1211 1025 1285 hoc,
1059 1212 1229 1275 sicut
1262 1222 1329 1276 et
1359 1213 1427 1274 in
1474 1213 2034 1296 subsequentibus
2078 1213 2450 1277 euidentius
2481 1211 2659 1275 dicit.

241 1322 440 1379 uocat
483 1324 710 1378 autem
756 1333 908 1377 eum
956 1312 1475 1377 ‘aduersarium'
1524 1314 1814 1396 quidem,
1862 1316 2054 1397 quasi
2100 1315 2214 1398 qui
2259 1323 2328 1378 et
2378 1312 2661 1377 aduersa

239 1425 403 1497 agat
451 1414 717 1478 diuinae
770 1414 1099 1478 uoluntati
1155 1424 1223 1479 et
1272 1435 1507 1478 omnes
1558 1414 1645 1478 ad
1696 1437 1768 1480 se
1816 1418 2245 1481 transducere
2303 1413 2659 1480 adnitatur.

240 1514 954 1597 ‘superextollentem'
1016 1537 1175 1580 uero
1238 1523 1344 1580 ‘se
1409 1537 1610 1599 super
1670 1538 1871 1582 omne
1941 1518 2122 1602 quod
2190 1518 2433 1582 dicitur
2496 1515 2661 1578 deus

241 1626 360 1681 aut
420 1619 599 1702 quod
659 1617 929 1697 colitur,’
982 1640 1064 1683 eo
1125 1620 1307 1702 quod
1362 1640 1595 1685 omnes
1657 1620 1962 1687 homines
2011 1644 2052 1688 a
2103 1624 2372 1708 propria
2431 1640 2660 1685 eorum

241 1732 427 1786 secta
492 1722 835 1787 discedere
893 1722 1198 1799 suadenS,
1258 1723 1384 1786 sibi
1445 1724 1644 1790 faciet
1701 1727 1997 1803 adorare,
2066 1729 2358 1812 seipsum
2434 1727 2663 1792 dicens

244 1845 392 1889 esse
455 1825 812 1903 Christum,
874 1826 979 1889 cui
1039 1835 1109 1890 et
1178 1827 1264 1890 ab
1333 1829 1648 1893 omnibus
1718 1830 2040 1896 honorem
2117 1831 2245 1896 Dei
2318 1834 2517 1898 tribui
2590 1843 2665 1898 ut

243 1929 491 1994 iustum
540 1930 928 1995 uindicabit.

348 2094 368 2128 1
406 2079 550 2128 sicuti
588 2077 653 2144 νΙ
685 2079 735 2129 in
777 2077 864 2129 ino
892 2078 1098 2130 homine
1139 2080 1183 2131 C
1218 2081 1369 2142 (corr)

240 2177 275 2221 4
307 2157 479 2208 dicens
498 2174 576 2207 om
599 2159 665 2208 H
950 2175 978 2223 5
1014 2159 1157 2209 multi
1186 2159 1329 2210 C‘H

240 2236 428 2287 lentem
457 2240 502 2288 C
524 2236 532 2303 Ι
562 2255 617 2289 se
637 2255 715 2289 om
743 2238 815 2289 C*

247 2335 308 2384 ¹3
340 2320 628 2372 hominibus
652 2322 766 2387 (sor
783 2320 939 2383 omn.)
961 2322 1031 2371 H

239 2464 502 2530 μονογενὴς
517 2468 604 2517 τοῦ
627 2469 736 2517 θεοῦ
752 2468 862 2518 υἱὸς.
872 2505 883 2517 .
894 2465 1296 2530 ,ἐνανθρωτήσαι
1306 2504 1318 2515 .
1328 2469 1402 2516 ,οὐ

241 2545 441 2613 μερικῆν
482 2568 595 2600 τινα
630 2548 697 2612 τῇ
736 2550 980 2613 ληφθείσῃ
1017 2551 1162 2613 φύσει
1200 2550 1402 2599 δέδωκεν

243 2629 602 2694 χόμν...οῧτως
645 2629 671 2680 ὁ
722 2629 1405 2695 διάβολος...τοίννῳ...ὄλος

243 2712 417 2765 αὐτὸς
453 2715 781 2774 συναφθείς,
814 2716 961 2764 κ.τ.λ.

310 2814 361 2858 4.
433 2796 687 2846 Christum
709 2811 759 2844 se
771 2811 863 2844 csse
876 2795 1058 2857 dicens]
1115 2794 1242 2843 This
1264 2789 1402 2843 iden·

244 2874 490 2925 tification
512 2874 571 2923 os
586 2874 671 2924 the
693 2871 1000 2935 ἀντίχριστος
1030 2872 1152 2921 with
1175 2888 1207 2921 a
1236 2873 1402 2935 ψευδό-

242 2971 444 3016 χριστος
474 2955 550 3014 (S.
579 2955 728 3003 Matt.
753 2953 883 3002 xxiv.
915 2953 998 3016 24)
1030 2953 1131 3001 had
1158 2953 1285 3001 been
1314 2967 1402 3000 an-

243 3036 485 3101 ticipated
509 3036 574 3098 by
600 3035 653 3084 S.
679 3035 831 3098 Cyril.
858 3034 1056 3084 Hieros.
1072 3033 1286 3093 (Catecle.
1306 3045 1403 3081 xv.

251 3116 350 3182 11).
425 3118 474 3167 It
521 3116 563 3166 is
600 3116 832 3180 repeated
874 3115 943 3180 by
978 3114 1156 3165 Thdt.:
1192 3115 1406 3177 Χριστὸν

245 3201 419 3250 ἑαυτὸν
462 3201 541 3248 καὶ
587 3199 696 3248 θεὸν
741 3199 996 3262 ὀνομάζων.
1079 3197 1163 3267 Cf.
1203 3197 1405 3262 Jerome

247 3283 304 3344 (l.
335 3283 430 3343 c.)=
471 3280 783 3330 “ostendens
817 3296 871 3330 se
907 3289 1162 3345 tamquam
1198 3279 1304 3343 ipse
1339 3279 1404 3328 sit

244 3364 477 3415 Christus
500 3371 549 3413 et
574 3362 732 3411 Filius
755 3361 869 3412 Dei.
879 3360 909 3383 ”

315 3461 363 3511 5.
448 3462 499 3497 eo
564 3447 697 3511 quod
750 3453 1007 3510 peccatum
1077 3445 1401 3507 nu'ntsstlrabit]

247 3531 454 3595 Chrys:
498 3531 643 3592 μυρία
689 3531 789 3593 ’γὰρ
821 3531 1084 3593 ἐργάσεται
1123 3531 1201 3579 καὶ
1247 3547 1400 3593 παρα-

246 3611 477 3662 σκευάσει
498 3611 685 3678 ἑτέρους
698 3611 1007 3673 ἐργάσασθαι
1028 3611 1170 3660 δεινά.

311 3694 363 3746 6.
430 3701 589 3760 utpote
612 3695 889 3759 perditioni
926 3692 1251 3755 subdendum]
1330 3693 1401 3743 So

247 3780 425 3844 Chrys.
518 3779 564 3828 T
566 3779 674 3828 hdt.
715 3780 939 3842 enlarges
972 3793 1039 3828 on
1069 3777 1193 3826 this:
1229 3775 1288 3826 ὡς
1321 3777 1400 3824 καὶ

246 3864 393 3913 αὑτὸν
436 3863 772 3920 ἀπολλύμενον
814 3863 894 3911 καὶ
940 3860 1119 3921 έτέροις
1175 3857 1402 3917 πρόξενον

244 3945 421 3995 τούτου
442 3944 715 4006 γενόμενον.

318 4041 336 4076 1
352 4041 394 4076 1.
460 4042 511 4075 eo
531 4025 665 4090 quod
678 4040 844 4074 omnes
864 4024 1096 4083 homines,
1125 4023 1241 4085 δια]
1281 4026 1295 4050 ‘
1311 4025 1398 4074 All

244 4109 426 4160 earlier
445 4108 793 4173 superstitious
815 4108 916 4157 and
950 4106 1165 4157 heresies
1197 4107 1300 4156 will
1334 4108 1398 4157 be

243 4190 535 4240 swallowed
577 4206 646 4254 up
691 4190 743 4239 in
798 4189 896 4237 this
953 4187 1072 4237 final
1129 4185 1398 4252 apostasy.’

242 4275 499 4338 Compare
521 4288 553 4321 a
575 4270 886 4321 remarkable
904 4270 1148 4334 fragment
1170 4269 1397 4319 ascribed

244 4364 299 4407 to
324 4357 423 4406 Th.
453 4354 506 4404 in
529 4352 777 4405 Cramer’s
800 4362 976 4404 oetena
1007 4354 1080 4403 ad
1096 4354 1144 4403 h.
1166 4355 1201 4401 Ι.
1218 4352 1398 4417 (Coisl.

246 4455 359 4502 204,
397 4437 435 4487 s.
475 4438 612 4487 1812.
644 4436 753 4499 [Cr.
788 4437 855 4486 vi.
885 4435 1094 4502 386-7,
1126 4436 1209 4485 Fr.
1244 4433 1401 4498 146—

247 4520 339 4585 7])‚
371 4517 539 4570 which
564 4517 755 4585 though
778 4524 868 4569 not
894 4516 1149 4568 extracted
1173 4515 1300 4566 from
1323 4514 1402 4565 his

1040 1931 1136 1994 sic
1197 1932 1375 1995 enim
1439 1943 1507 1998 et
1556 1935 1665 1998 ‘in
1719 1937 1849 2001 Dei
1903 1937 2207 2021 templis:
2257 1939 2387 2003 hoc
2434 1952 2552 2018 est,
2598 1953 2667 2007 et

1622 2099 1650 2134 2
1686 2084 1856 2133 omnia
1889 2101 1968 2135 om
2003 2102 2036 2135 r
2074 2084 2085 2150 Ι
2131 2085 2399 2150 temptabit
2439 2086 2482 2136 C
2519 2086 2666 2147 (corr)

1581 2176 1608 2226 7
1644 2165 2063 2230 consequentibus
2084 2166 2154 2215 H
2417 2182 2478 2218 10
2510 2166 2665 2216 extol·

967 2254 1023 2290 12
1058 2240 1155 2290 sibi
1175 2257 1254 2290 om
1283 2242 1327 2291 C
1347 2239 1493 2306 (corr)
1550 2259 1604 2292 se
1628 2244 1743 2308 (for
1761 2245 1878 2307 sibi)
1901 2262 1934 2295 r
1953 2246 2035 2310 [cst
2063 2245 2277 2304 Rama»,
2302 2247 2456 2304 Itala,
2471 2253 2528 2312 p.
2547 2244 2666 2311 439]

1223 2338 1280 2383 ¹4
1314 2332 1362 2373 et
1390 2323 1558 2389 (besin
1580 2323 1739 2391 dom.)
1764 2342 1840 2376 om
1865 2343 1898 2376 r

1501 2484 1682 2519 comm.
1729 2484 1798 2519 on
1843 2468 1943 2520 this
1984 2469 2179 2535 Epistle
2213 2472 2270 2531 is,
2313 2470 2338 2519 1
2374 2468 2583 2531 believe,
2633 2486 2666 2520 a

1500 2549 1718 2613 genuine
1761 2548 2008 2615 fragment
2051 2548 2110 2600 os
2156 2565 2255 2601 one
2299 2548 2359 2600 of
2394 2548 2472 2599 his
2515 2550 2662 2600 other

1503 2630 1694 2679 works:
1725 2631 1803 2679 διὰ
1825 2633 1997 2680 τούτου
2014 2632 2245 2680 δείκνυσιν
2266 2628 2342 2679 ὅτι
2363 2634 2452 2692 τὴν
2471 2631 2661 2679 εἰδωλο-

1503 2715 1731 2774 λατρείαν
1759 2715 1817 2773 ἢν
1845 2712 1873 2762 ὁ
1905 2713 2129 2775 διάβολος
2161 2716 2494 2774 συνεστήσατο
2522 2716 2664 2764 αὐτὸς

1502 2796 1660 2844 ἐλθὼν
1687 2796 1963 2858 ἀνατρέπει,
1992 2795 2074 2844 καὶ
2094 2796 2262 2843 πᾶσαν
2286 2795 2469 2855 αἵρεσιν
2489 2792 2549 2855 ἦν
2577 2793 2659 2846 ἅν-

1502 2876 1702 2935 τέθηκεν
1721 2874 1793 2936 τῷ
1812 2874 1950 2937 λόγῳ
1971 2876 2057 2934 τῆς
2086 2872 2315 2934 ἀληθείας
2343 2875 2484 2923 αὐτὸς
2505 2875 2661 2923 ἐλθὼν

1502 2952 1988 3017 παραλύει...ταὺτας
2012 2955 2112 3017 γὰρ
2140 2954 2227 3004 τὰς
2249 2955 2439 3002 πλάνας
2468 2956 2556 3005 τὰς
2584 2954 2662 3016 [ἃς

1502 3038 1652 3099 cod-J·
1686 3037 1812 3086 κατὰ
1844 3038 1986 3098 μέρος
2025 3031 2505 3095 συνεστήσατο...ϊνα
2543 3036 2661 3085 ὅταν

1499 3121 1627 3179 μετὰ.
1669 3121 1825 3168 ταῦτα
1878 3120 2000 3180 ἔλθῃ
2016 3119 2286 3180 ...εὐχερῶς
2340 3114 2495 3179 ἐαυτῷ
2550 3120 2661 3181 δόξῃ

1504 3203 1768 3265 κατορθοῦν
1802 3201 1858 3249 τὸ
1891 3197 2290 3264 σπουδαζόμενον,
2318 3200 2571 3249 τουτέστιν
2602 3201 2660 3248 τὸ

1504 3278 1893 3345 προσκυνηθῆναι
1915 3282 2061 3330 αὐτὸν
2093 3278 2228 3343 παρὰ
2253 3282 2451 3330 πάντων
2476 3279 2657 3345 ἀνθρώ-

1503 3382 1624 3413 πων.
1691 3364 1753 3413 ὡς
1788 3364 1888 3426 γὰρ
1922 3364 2166 3424 ὑποσκευὴ
2201 3364 2386 3427 ἁψῖδος,
2425 3360 2576 3414 οὕτως
2608 3365 2660 3412 αἱ

1505 3446 1710 3507 αἱρέσεις
1732 3447 1789 3494 αἴ
1818 3461 1876 3493 τε
1919 3442 2296 3507 παρ”Ελλησιν
2329 3446 2411 3496 καὶ
2446 3447 2496 3493 αἱ
2523 3447 2660 3507 παρὰ

1502 3530 1602 3577 τοῖς
1626 3527 1934 3588 Χριστιανοΐς
1959 3526 2030 3588 τῷ
2068 3527 2378 3588 διαβόλῳ...ὴ
2416 3525 2660 3585 ὑποσκενή

1502 3609 1704 3670 αἴρεται,
1730 3608 1863 3667 μένει
1886 3608 1937 3656 δὲ
1965 3603 2091 3666 μόνη
2124 3606 2156 3666 ἠ
2186 3606 2301 3670 ἁψὶς
2330 3605 2657 3667 στερρά-ὼε

1503 3689 1619 3753 dtus
1643 3690 1796 3753 being
1830 3688 1915 3738 the
1938 3687 2154 3752 worship
2181 3687 2240 3737 of
2270 3689 2429 3738 Satan
2454 3688 2664 3738 himself

1502 3772 1661 3822 under
1682 3771 1769 3822 the
1792 3771 1919 3821 form
1942 3770 2001 3818 os
2017 3770 2311 3820 Antichrist.

1572 3870 1649 3918 13.
1714 3853 1863 3903 cuia
1885 3835 2327 3914 abomnibussCs.
2367 3863 2403 3902 1.
2449 3868 2538 3918 pp.
2575 3854 2655 3914 58,

1501 3936 1534 3988 1.
1571 3952 1647 4002 13,
1673 3942 1823 3996 note3
1858 3948 1980 3993 ου,
1997 3933 2032 3982 l.
2057 3948 2083 3981 ο
2092 3947 2137 3995 5,
2157 3941 2292 3984 note.

1573 4036 1649 4082 14.
1714 4016 1773 4066 in
1815 4014 1919 4065 Dei
1952 4014 2159 4078 templis]
2209 4015 2323 4064 The
2375 4015 2572 4080 change
2604 4015 2663 4066 of

1500 4100 1711 4151 number
1737 4098 1820 4159 (cs.
1848 4103 2020 4159 supra,
2044 4111 2093 4159 p.
2126 4109 2203 4158 50,
2233 4095 2269 4144 1.
2292 4097 2341 4156 α)
2368 4095 2411 4145 is
2440 4097 2654 4162 perhaps

1499 4183 1598 4232 due
1637 4189 1691 4231 to
1724 4180 1822 4230 Th.
1860 4176 2075 4236 himself,
2110 4178 2227 4228 who
2263 4180 2307 4228 is
2344 4186 2434 4229 not
2471 4180 2655 4243 always

1499 4272 1643 4315 exact
1667 4264 1719 4313 in
1740 4262 1819 4312 his
1840 4260 2128 4329 quotations
2149 4260 2208 4310 of
2223 4261 2308 4312 the
2329 4268 2451 4311 text.

1566 4348 1679 4397 The
1728 4347 2066 4398 Antiochenes
2111 4345 2269 4397 either
2323 4343 2563 4394 modified
2595 4359 2654 4393 or

1500 4428 1718 4493 rejected
1762 4428 1847 4480 the
1882 4430 2024 4479 older
2069 4428 2444 4492 interpretation
2490 4426 2653 4476 which

1500 4511 1690 4563 looked
1731 4510 1810 4561 sor
1844 4512 1929 4562 the
1969 4511 2158 4561 session
2193 4509 2253 4558 of
2282 4508 2558 4558 Antichrist
2603 4510 2654 4558 in

2309 4622 2478 4684 4———2

2697 1536 2780 1583 10
