<?xml version="1.0" encoding="UTF-8"?>
<!DOCTYPE html PUBLIC "-//W3C//DTD XHTML 1.0 Transitional//EN"
    "http://www.w3.org/TR/xhtml1/DTD/xhtml1-transitional.dtd">
<html xmlns="http://www.w3.org/1999/xhtml" xml:lang="en" lang="en">
 <head>
  <title>
</title>
<meta http-equiv="Content-Type" content="text/html;charset=utf-8" />
  <meta name='ocr-system' content='tesseract 3.04.00' />
  <meta name='ocr-capabilities' content='ocr_page ocr_carea ocr_par ocr_line ocrx_word'/>
</head>
<body>
  <div class='ocr_page' id='page_1' title='image "./theodoriepiscop02swetgoog_0232.png"; bbox 0 0 3221 5116; ppageno 0'>
   <div class='ocr_carea' id='block_1_1' title="bbox 324 343 2735 432">
    <p class='ocr_par' dir='ltr' id='par_1_1' title="bbox 324 343 2735 432">
     <span class='ocr_line' id='line_1_1' title="bbox 324 343 2735 432; baseline 0.002 -23"><span class='ocrx_word' id='word_1_1' title='bbox 324 343 454 410; x_wconf 93' lang='lat'>111.</span> <span class='ocrx_word' id='word_1_2' title='bbox 497 361 589 426; x_wconf 86' lang='lat'>14,</span> <span class='ocrx_word' id='word_1_3' title='bbox 629 344 754 432; x_wconf 87' lang='lat'>15.]</span> <span class='ocrx_word' id='word_1_4' title='bbox 1040 360 1125 411; x_wconf 85' lang='lat' dir='ltr'>IN</span> <span class='ocrx_word' id='word_1_5' title='bbox 1173 361 1278 412; x_wconf 79' lang='grc' dir='ltr'>ΕΡ.</span> <span class='ocrx_word' id='word_1_6' title='bbox 1323 361 1426 413; x_wconf 76' lang='lat' dir='ltr'>An</span> <span class='ocrx_word' id='word_1_7' title='bbox 1470 362 1936 415; x_wconf 79' lang='grc' dir='ltr'>τῐΜοτΗΕυΜ</span> <span class='ocrx_word' id='word_1_8' title='bbox 1983 365 2059 416; x_wconf 90' lang='lat'>11.</span> <span class='ocrx_word' id='word_1_9' title='bbox 2616 364 2735 414; x_wconf 87' lang='lat'>221</span> 
     </span>
    </p>
   </div>
   <div class='ocr_carea' id='block_1_2' title="bbox 452 535 2175 620">
    <p class='ocr_par' dir='ltr' id='par_1_2' title="bbox 452 535 2175 620">
     <span class='ocr_line' id='line_1_2' title="bbox 452 535 2175 620; baseline 0.003 -22"><span class='ocrx_word' id='word_1_10' title='bbox 452 544 520 599; x_wconf 93' lang='lat' dir='ltr'>et</span> <span class='ocrx_word' id='word_1_11' title='bbox 550 535 841 599; x_wconf 86' lang='lat' dir='ltr'>suadens</span> <span class='ocrx_word' id='word_1_12' title='bbox 875 535 1063 599; x_wconf 88' lang='lat' dir='ltr'>illum</span> <span class='ocrx_word' id='word_1_13' title='bbox 1098 544 1324 600; x_wconf 84' lang='lat' dir='ltr'>tenere</span> <span class='ocrx_word' id='word_1_14' title='bbox 1356 557 1434 600; x_wconf 90' lang='lat' dir='ltr'>ac</span> <span class='ocrx_word' id='word_1_15' title='bbox 1464 557 1859 620; x_wconf 86' lang='lat' dir='ltr'>permanere</span> <span class='ocrx_word' id='word_1_16' title='bbox 1890 538 2175 603; x_wconf 84' lang='lat' dir='ltr'>adiecit:</span> 
     </span>
    </p>
   </div>
   <div class='ocr_carea' id='block_1_3' title="bbox 448 696 1227 779">
    <p class='ocr_par' dir='ltr' id='par_1_3' title="bbox 448 696 1227 779">
     <span class='ocr_line' id='line_1_3' title="bbox 448 696 1227 779; baseline 0.004 -20"><span class='ocrx_word' id='word_1_17' title='bbox 448 696 653 760; x_wconf 82' lang='lat' dir='ltr'>sciens</span> <span class='ocrx_word' id='word_1_18' title='bbox 679 718 723 759; x_wconf 91' lang='lat' dir='ltr'>a</span> <span class='ocrx_word' id='word_1_19' title='bbox 751 716 875 779; x_wconf 82' lang='lat' dir='ltr'>quo</span> <span class='ocrx_word' id='word_1_20' title='bbox 905 696 1227 762; x_wconf 78' lang='lat' dir='ltr'>didiceris.</span> 
     </span>
    </p>
   </div>
   <div class='ocr_carea' id='block_1_4' title="bbox 320 832 2738 1020">
    <p class='ocr_par' dir='ltr' id='par_1_4' title="bbox 320 832 2738 1020">
     <span class='ocr_line' id='line_1_4' title="bbox 450 832 2738 919; baseline 0.002 -24"><span class='ocrx_word' id='word_1_21' title='bbox 450 832 781 897; x_wconf 87' lang='lat' dir='ltr'>sufficiens</span> <span class='ocrx_word' id='word_1_22' title='bbox 827 843 1052 899; x_wconf 88' lang='lat' dir='ltr'>autem</span> <span class='ocrx_word' id='word_1_23' title='bbox 1118 843 1220 898; x_wconf 89' lang='lat' dir='ltr'>est</span> <span class='ocrx_word' id='word_1_24' title='bbox 1261 836 1346 899; x_wconf 92' lang='lat' dir='ltr'>ad</span> <span class='ocrx_word' id='word_1_25' title='bbox 1395 834 1846 900; x_wconf 84' lang='lat' dir='ltr'><strong>hortationem</strong></span> <span class='ocrx_word' id='word_1_26' title='bbox 1897 835 2373 919; x_wconf 89' lang='lat' dir='ltr'>discipulorum</span> <span class='ocrx_word' id='word_1_27' title='bbox 2436 837 2738 918; x_wconf 84' lang='lat' dir='ltr'>magistri</span> 
     </span>
     <span class='ocr_line' id='line_1_5' title="bbox 320 937 1506 1020; baseline 0.003 -20"><span class='ocrx_word' id='word_1_28' title='bbox 320 937 629 1020; x_wconf 73' lang='lat' dir='ltr'>dignitas,</span> <span class='ocrx_word' id='word_1_29' title='bbox 720 938 963 1004; x_wconf 90' lang='lat' dir='ltr'>deinde</span> <span class='ocrx_word' id='word_1_30' title='bbox 993 946 1061 1003; x_wconf 92' lang='lat' dir='ltr'>et</span> <span class='ocrx_word' id='word_1_31' title='bbox 1091 939 1271 1003; x_wconf 88' lang='lat' dir='ltr'>aliud</span> <span class='ocrx_word' id='word_1_32' title='bbox 1304 940 1506 1004; x_wconf 86' lang='lat' dir='ltr'>dicit:</span> 
     </span>
    </p>
   </div>
   <div class='ocr_carea' id='block_1_5' title="bbox 447 1109 2849 1194">
    <p class='ocr_par' dir='ltr' id='par_1_5' title="bbox 447 1109 2849 1194">
     <span class='ocr_line' id='line_1_6' title="bbox 447 1109 2849 1194; baseline 0.002 -22"><span class='ocrx_word' id='word_1_33' title='bbox 447 1118 511 1173; x_wconf 85' lang='lat' dir='ltr'>et</span> <span class='ocrx_word' id='word_1_34' title='bbox 535 1109 692 1192; x_wconf 87' lang='lat' dir='ltr'>quia</span> <span class='ocrx_word' id='word_1_35' title='bbox 720 1131 764 1172; x_wconf 91' lang='lat' dir='ltr'>a</span> <span class='ocrx_word' id='word_1_36' title='bbox 778 1110 1073 1193; x_wconf 85' lang='lat' dir='ltr'>pueritia</span> <span class='ocrx_word' id='word_1_37' title='bbox 1102 1131 1325 1176; x_wconf 85' lang='lat' dir='ltr'>sacras</span> <span class='ocrx_word' id='word_1_38' title='bbox 1350 1111 1605 1176; x_wconf 85' lang='lat' dir='ltr'>litteras</span> <span class='ocrx_word' id='word_1_39' title='bbox 1633 1111 1938 1176; x_wconf 82' lang='lat' dir='ltr'>didicisti.</span> <span class='ocrx_word' id='word_1_40' title='bbox 2817 1126 2849 1194; x_wconf 84' lang='lat'><strong>5</strong></span> 
     </span>
    </p>
   </div>
   <div class='ocr_carea' id='block_1_6' title="bbox 315 1255 2852 1945">
    <p class='ocr_par' dir='ltr' id='par_1_6' title="bbox 315 1255 2852 1945">
     <span class='ocr_line' id='line_1_7' title="bbox 450 1255 2738 1323; baseline 0.002 -8"><span class='ocrx_word' id='word_1_41' title='bbox 450 1273 606 1316; x_wconf 88' lang='lat' dir='ltr'>narn</span> <span class='ocrx_word' id='word_1_42' title='bbox 661 1264 730 1319; x_wconf 90' lang='lat' dir='ltr'>et</span> <span class='ocrx_word' id='word_1_43' title='bbox 779 1255 908 1320; x_wconf 93' lang='lat' dir='ltr'>hoc</span> <span class='ocrx_word' id='word_1_44' title='bbox 961 1257 1291 1322; x_wconf 85' lang='lat' dir='ltr'>sufficiens</span> <span class='ocrx_word' id='word_1_45' title='bbox 1345 1268 1490 1323; x_wconf 89' lang='lat' dir='ltr'>erat</span> <span class='ocrx_word' id='word_1_46' title='bbox 1535 1258 1894 1322; x_wconf 84' lang='lat' dir='ltr'>exhortare</span> <span class='ocrx_word' id='word_1_47' title='bbox 1956 1276 2128 1323; x_wconf 91' lang='lat' dir='ltr'>eum.</span> <span class='ocrx_word' id='word_1_48' title='bbox 2218 1258 2457 1322; x_wconf 85' lang='lat' dir='ltr'>rubore</span> <span class='ocrx_word' id='word_1_49' title='bbox 2508 1264 2738 1321; x_wconf 88' lang='lat' dir='ltr'>autem</span> 
     </span>
     <span class='ocr_line' id='line_1_8' title="bbox 318 1359 2735 1446; baseline -0.001 -24"><span class='ocrx_word' id='word_1_50' title='bbox 318 1360 597 1442; x_wconf 89' lang='lat' dir='ltr'>dignum</span> <span class='ocrx_word' id='word_1_51' title='bbox 632 1362 988 1426; x_wconf 88' lang='lat' dir='ltr'>uidebatur</span> <span class='ocrx_word' id='word_1_52' title='bbox 1032 1373 1109 1427; x_wconf 88' lang='lat' dir='ltr'>ut</span> <span class='ocrx_word' id='word_1_53' title='bbox 1152 1363 1204 1426; x_wconf 87' lang='lat' dir='ltr'>is</span> <span class='ocrx_word' id='word_1_54' title='bbox 1252 1364 1368 1446; x_wconf 91' lang='lat' dir='ltr'>qui</span> <span class='ocrx_word' id='word_1_55' title='bbox 1416 1384 1457 1426; x_wconf 91' lang='lat' dir='ltr'>a</span> <span class='ocrx_word' id='word_1_56' title='bbox 1502 1361 1788 1446; x_wconf 90' lang='lat' dir='ltr'>pueritia</span> <span class='ocrx_word' id='word_1_57' title='bbox 1820 1363 1886 1426; x_wconf 91' lang='lat' dir='ltr'>in</span> <span class='ocrx_word' id='word_1_58' title='bbox 1918 1362 2113 1426; x_wconf 91' lang='lat' dir='ltr'>bonis</span> <span class='ocrx_word' id='word_1_59' title='bbox 2147 1361 2362 1425; x_wconf 85' lang='lat' dir='ltr'>fuerat</span> <span class='ocrx_word' id='word_1_60' title='bbox 2392 1359 2735 1432; x_wconf 88' lang='lat' dir='ltr'>enutritus,</span> 
     </span>
     <span class='ocr_line' id='line_1_9' title="bbox 317 1463 2740 1550; baseline 0 -25"><span class='ocrx_word' id='word_1_61' title='bbox 317 1464 386 1526; x_wconf 91' lang='lat' dir='ltr'>in</span> <span class='ocrx_word' id='word_1_62' title='bbox 435 1465 672 1530; x_wconf 90' lang='lat' dir='ltr'>ultimo</span> <span class='ocrx_word' id='word_1_63' title='bbox 726 1477 880 1549; x_wconf 88' lang='lat' dir='ltr'>post</span> <span class='ocrx_word' id='word_1_64' title='bbox 925 1467 1105 1550; x_wconf 88' lang='lat' dir='ltr'>longi</span> <span class='ocrx_word' id='word_1_65' title='bbox 1157 1467 1475 1550; x_wconf 89' lang='lat' dir='ltr'>temporis</span> <span class='ocrx_word' id='word_1_66' title='bbox 1526 1466 2032 1530; x_wconf 85' lang='lat' dir='ltr'>meditationem</span> <span class='ocrx_word' id='word_1_67' title='bbox 2081 1466 2357 1548; x_wconf 83' lang='lat' dir='ltr'>indigna</span> <span class='ocrx_word' id='word_1_68' title='bbox 2404 1463 2740 1527; x_wconf 89' lang='lat' dir='ltr'>uideretur</span> 
     </span>
     <span class='ocr_line' id='line_1_10' title="bbox 317 1565 2738 1653; baseline -0.002 -21"><span class='ocrx_word' id='word_1_69' title='bbox 317 1586 536 1652; x_wconf 82' lang='lat' dir='ltr'>agere.</span> <span class='ocrx_word' id='word_1_70' title='bbox 628 1589 784 1633; x_wconf 89' lang='lat' dir='ltr'>nam</span> <span class='ocrx_word' id='word_1_71' title='bbox 832 1577 900 1633; x_wconf 91' lang='lat' dir='ltr'>et</span> <span class='ocrx_word' id='word_1_72' title='bbox 947 1571 1163 1653; x_wconf 88' lang='lat' dir='ltr'>ipsam</span> <span class='ocrx_word' id='word_1_73' title='bbox 1201 1570 1576 1634; x_wconf 87' lang='lat' dir='ltr'>doctrinam</span> <span class='ocrx_word' id='word_1_74' title='bbox 1622 1569 1987 1633; x_wconf 89' lang='lat' dir='ltr'>admodum</span> <span class='ocrx_word' id='word_1_75' title='bbox 2038 1567 2392 1632; x_wconf 87' lang='lat' dir='ltr'>sublimem</span> <span class='ocrx_word' id='word_1_76' title='bbox 2426 1565 2738 1641; x_wconf 85' lang='lat' dir='ltr'>ostendit,</span> 
     </span>
     <span class='ocr_line' id='line_1_11' title="bbox 317 1670 2852 1755; baseline -0 -22"><span class='ocrx_word' id='word_1_77' title='bbox 317 1672 479 1734; x_wconf 91' lang='lat' dir='ltr'>dum</span> <span class='ocrx_word' id='word_1_78' title='bbox 533 1673 696 1736; x_wconf 91' lang='lat' dir='ltr'>dicit</span> <span class='ocrx_word' id='word_1_79' title='bbox 759 1692 983 1735; x_wconf 87' lang='lat' dir='ltr'>sacras</span> <span class='ocrx_word' id='word_1_80' title='bbox 1027 1673 1284 1737; x_wconf 80' lang='lat' dir='ltr'>litteras</span> <span class='ocrx_word' id='word_1_81' title='bbox 1334 1673 1596 1736; x_wconf 90' lang='lat' dir='ltr'>diuinas</span> <span class='ocrx_word' id='word_1_82' title='bbox 1647 1693 1791 1736; x_wconf 91' lang='lat' dir='ltr'>esse</span> <span class='ocrx_word' id='word_1_83' title='bbox 1837 1672 2211 1755; x_wconf 78' lang='lat' dir='ltr'>scripturaS,</span> <span class='ocrx_word' id='word_1_84' title='bbox 2259 1671 2500 1753; x_wconf 89' lang='lat' dir='ltr'>quibus</span> <span class='ocrx_word' id='word_1_85' title='bbox 2553 1670 2738 1733; x_wconf 91' lang='lat' dir='ltr'>omni</span> <span class='ocrx_word' id='word_1_86' title='bbox 2773 1695 2852 1743; x_wconf 90' lang='lat'>10</span> 
     </span>
     <span class='ocr_line' id='line_1_12' title="bbox 315 1773 2735 1859; baseline -0 -22"><span class='ocrx_word' id='word_1_87' title='bbox 315 1774 571 1838; x_wconf 87' lang='lat' dir='ltr'>ratione</span> <span class='ocrx_word' id='word_1_88' title='bbox 621 1776 797 1838; x_wconf 93' lang='lat' dir='ltr'>credi</span> <span class='ocrx_word' id='word_1_89' title='bbox 860 1776 1192 1840; x_wconf 90' lang='lat' dir='ltr'>conuenit.</span> <span class='ocrx_word' id='word_1_90' title='bbox 1285 1774 1467 1839; x_wconf 90' lang='lat' dir='ltr'>unde</span> <span class='ocrx_word' id='word_1_91' title='bbox 1537 1785 1605 1839; x_wconf 92' lang='lat' dir='ltr'>et</span> <span class='ocrx_word' id='word_1_92' title='bbox 1683 1775 2008 1858; x_wconf 86' lang='lat' dir='ltr'>qualitate</span> <span class='ocrx_word' id='word_1_93' title='bbox 2069 1776 2284 1859; x_wconf 89' lang='lat' dir='ltr'>ipsam</span> <span class='ocrx_word' id='word_1_94' title='bbox 2363 1773 2735 1838; x_wconf 87' lang='lat' dir='ltr'>doctrinam</span> 
     </span>
     <span class='ocr_line' id='line_1_13' title="bbox 316 1879 978 1945; baseline 0.005 -3"><span class='ocrx_word' id='word_1_95' title='bbox 316 1879 664 1943; x_wconf 90' lang='lat' dir='ltr'>cumulans</span> <span class='ocrx_word' id='word_1_96' title='bbox 695 1880 978 1945; x_wconf 87' lang='lat' dir='ltr'>adiecit:</span> 
     </span>
    </p>
   </div>
   <div class='ocr_carea' id='block_1_7' title="bbox 444 2038 2585 2123">
    <p class='ocr_par' dir='ltr' id='par_1_7' title="bbox 444 2038 2585 2123">
     <span class='ocr_line' id='line_1_14' title="bbox 444 2038 2585 2123; baseline 0 -23"><span class='ocrx_word' id='word_1_97' title='bbox 444 2059 607 2120; x_wconf 81' lang='lat' dir='ltr'>quae</span> <span class='ocrx_word' id='word_1_98' title='bbox 635 2048 693 2101; x_wconf 87' lang='lat' dir='ltr'>te</span> <span class='ocrx_word' id='word_1_99' title='bbox 709 2047 984 2121; x_wconf 82' lang='lat' dir='ltr'>possunt</span> <span class='ocrx_word' id='word_1_100' title='bbox 1012 2038 1326 2103; x_wconf 82' lang='lat' dir='ltr'>instruere</span> <span class='ocrx_word' id='word_1_101' title='bbox 1354 2039 1453 2103; x_wconf 88' lang='lat' dir='ltr'>ad</span> <span class='ocrx_word' id='word_1_102' title='bbox 1471 2041 1747 2104; x_wconf 81' lang='lat' dir='ltr'>salutem</span> <span class='ocrx_word' id='word_1_103' title='bbox 1762 2038 2105 2123; x_wconf 83' lang='lat' dir='ltr'>perfidem</span> <span class='ocrx_word' id='word_1_104' title='bbox 2135 2038 2286 2103; x_wconf 85' lang='lat' dir='ltr'>Iesu</span> <span class='ocrx_word' id='word_1_105' title='bbox 2322 2038 2585 2105; x_wconf 76' lang='lat' dir='ltr'>Christi.</span> 
     </span>
    </p>
   </div>
   <div class='ocr_carea' id='block_1_8' title="bbox 315 2175 2842 2572">
    <p class='ocr_par' dir='ltr' id='par_1_8' title="bbox 315 2175 2842 2572">
     <span class='ocr_line' id='line_1_15' title="bbox 446 2175 2735 2240; baseline 0.001 -3"><span class='ocrx_word' id='word_1_106' title='bbox 446 2195 600 2238; x_wconf 90' lang='lat' dir='ltr'>nam</span> <span class='ocrx_word' id='word_1_107' title='bbox 652 2184 720 2239; x_wconf 93' lang='lat' dir='ltr'>et</span> <span class='ocrx_word' id='word_1_108' title='bbox 768 2175 1061 2239; x_wconf 87' lang='lat' dir='ltr'>ostendit</span> <span class='ocrx_word' id='word_1_109' title='bbox 1115 2178 1557 2240; x_wconf 85' lang='lat' dir='ltr'>necessarium</span> <span class='ocrx_word' id='word_1_110' title='bbox 1618 2197 1765 2239; x_wconf 90' lang='lat' dir='ltr'>esse</span> <span class='ocrx_word' id='word_1_111' title='bbox 1826 2186 1900 2239; x_wconf 90' lang='lat' dir='ltr'>ut</span> <span class='ocrx_word' id='word_1_112' title='bbox 1961 2185 2230 2240; x_wconf 91' lang='lat' dir='ltr'>maneat</span> <span class='ocrx_word' id='word_1_113' title='bbox 2292 2177 2359 2239; x_wconf 91' lang='lat' dir='ltr'>in</span> <span class='ocrx_word' id='word_1_114' title='bbox 2431 2175 2735 2240; x_wconf 90' lang='lat' dir='ltr'>doctrina</span> 
     </span>
     <span class='ocr_line' id='line_1_16' title="bbox 315 2279 2842 2367; baseline -0 -23"><span class='ocrx_word' id='word_1_115' title='bbox 315 2280 602 2364; x_wconf 78' lang='lat' dir='ltr'>pietatiS,</span> <span class='ocrx_word' id='word_1_116' title='bbox 637 2302 771 2344; x_wconf 89' lang='lat' dir='ltr'>una</span> <span class='ocrx_word' id='word_1_117' title='bbox 815 2281 1087 2363; x_wconf 90' lang='lat' dir='ltr'>quidem</span> <span class='ocrx_word' id='word_1_118' title='bbox 1135 2301 1224 2344; x_wconf 87' lang='lat' dir='ltr'>ex</span> <span class='ocrx_word' id='word_1_119' title='bbox 1267 2301 1470 2344; x_wconf 89' lang='lat' dir='ltr'>causa</span> <span class='ocrx_word' id='word_1_120' title='bbox 1515 2301 1604 2343; x_wconf 84' lang='lat' dir='ltr'>ex</span> <span class='ocrx_word' id='word_1_121' title='bbox 1645 2280 2107 2362; x_wconf 82' lang='lat' dir='ltr'>magnitudine</span> <span class='ocrx_word' id='word_1_122' title='bbox 2148 2279 2438 2343; x_wconf 90' lang='lat' dir='ltr'>doctoris</span> <span class='ocrx_word' id='word_1_123' title='bbox 2462 2301 2477 2358; x_wconf 91' lang='grc'><strong>;</strong></span> <span class='ocrx_word' id='word_1_124' title='bbox 2526 2279 2734 2343; x_wconf 92' lang='lat' dir='ltr'>altera</span> <span class='ocrx_word' id='word_1_125' title='bbox 2772 2298 2842 2367; x_wconf 85' lang='lat'>15</span> 
     </span>
     <span class='ocr_line' id='line_1_17' title="bbox 316 2383 2736 2469; baseline 0 -23"><span class='ocrx_word' id='word_1_126' title='bbox 316 2404 490 2462; x_wconf 78' lang='lat' dir='ltr'>uem,</span> <span class='ocrx_word' id='word_1_127' title='bbox 521 2386 681 2469; x_wconf 93' lang='lat' dir='ltr'>quia</span> <span class='ocrx_word' id='word_1_128' title='bbox 710 2394 777 2449; x_wconf 91' lang='lat' dir='ltr'>et</span> <span class='ocrx_word' id='word_1_129' title='bbox 822 2406 864 2449; x_wconf 95' lang='lat' dir='ltr'>a</span> <span class='ocrx_word' id='word_1_130' title='bbox 899 2385 1181 2468; x_wconf 89' lang='lat' dir='ltr'>pueritia</span> <span class='ocrx_word' id='word_1_131' title='bbox 1221 2385 1337 2448; x_wconf 90' lang='lat' dir='ltr'>illa</span> <span class='ocrx_word' id='word_1_132' title='bbox 1377 2384 1702 2459; x_wconf 89' lang='lat' dir='ltr'>didicerit,</span> <span class='ocrx_word' id='word_1_133' title='bbox 1754 2392 1824 2448; x_wconf 92' lang='lat' dir='ltr'>et</span> <span class='ocrx_word' id='word_1_134' title='bbox 1872 2383 2051 2466; x_wconf 91' lang='lat' dir='ltr'>quod</span> <span class='ocrx_word' id='word_1_135' title='bbox 2103 2383 2249 2466; x_wconf 90' lang='lat' dir='ltr'>ipsa</span> <span class='ocrx_word' id='word_1_136' title='bbox 2297 2384 2600 2447; x_wconf 88' lang='lat' dir='ltr'>doctrina</span> <span class='ocrx_word' id='word_1_137' title='bbox 2649 2384 2736 2446; x_wconf 90' lang='lat' dir='ltr'>sit</span> 
     </span>
     <span class='ocr_line' id='line_1_18' title="bbox 316 2485 2736 2572; baseline 0 -22"><span class='ocrx_word' id='word_1_138' title='bbox 316 2488 562 2566; x_wconf 91' lang='lat' dir='ltr'>diuina,</span> <span class='ocrx_word' id='word_1_139' title='bbox 597 2498 665 2553; x_wconf 92' lang='lat' dir='ltr'>et</span> <span class='ocrx_word' id='word_1_140' title='bbox 695 2489 877 2572; x_wconf 93' lang='lat' dir='ltr'>quod</span> <span class='ocrx_word' id='word_1_141' title='bbox 924 2508 1173 2572; x_wconf 87' lang='lat' dir='ltr'>magna</span> <span class='ocrx_word' id='word_1_142' title='bbox 1213 2487 1423 2572; x_wconf 90' lang='lat' dir='ltr'>possit</span> <span class='ocrx_word' id='word_1_143' title='bbox 1458 2496 1798 2570; x_wconf 88' lang='lat' dir='ltr'>praestare</span> <span class='ocrx_word' id='word_1_144' title='bbox 1829 2486 1957 2550; x_wconf 89' lang='lat' dir='ltr'>illis</span> <span class='ocrx_word' id='word_1_145' title='bbox 2001 2487 2120 2569; x_wconf 91' lang='lat' dir='ltr'>qui</span> <span class='ocrx_word' id='word_1_146' title='bbox 2160 2485 2426 2550; x_wconf 89' lang='lat' dir='ltr'>Christo</span> <span class='ocrx_word' id='word_1_147' title='bbox 2470 2486 2736 2551; x_wconf 90' lang='lat' dir='ltr'>credere</span> 
     </span>
    </p>
   </div>
   <div class='ocr_carea' id='block_1_9' title="bbox 313 2658 1009 2877">
    <p class='ocr_par' dir='ltr' id='par_1_9' title="bbox 313 2658 1009 2877">
     <span class='ocr_line' id='line_1_19' title="bbox 419 2658 1009 2728; baseline -0.005 -12"><span class='ocrx_word' id='word_1_148' title='bbox 419 2681 441 2716; x_wconf 89' lang='lat'>1</span> <span class='ocrx_word' id='word_1_149' title='bbox 477 2680 537 2715; x_wconf 83' lang='lat' dir='ltr'>ac</span> <span class='ocrx_word' id='word_1_150' title='bbox 557 2681 635 2714; x_wconf 82' lang='lat' dir='ltr'>om</span> <span class='ocrx_word' id='word_1_151' title='bbox 658 2658 727 2714; x_wconf 79' lang='lat' dir='ltr'><em>H</em></span> <span class='ocrx_word' id='word_1_152' title='bbox 746 2664 755 2728; x_wconf 95' lang='grc' dir='ltr'>Ι</span> <span class='ocrx_word' id='word_1_153' title='bbox 782 2663 935 2714; x_wconf 89' lang='lat' dir='ltr'>adicit</span> <span class='ocrx_word' id='word_1_154' title='bbox 964 2664 1009 2713; x_wconf 87' lang='lat' dir='ltr'><em>C</em></span> 
     </span>
     <span class='ocr_line' id='line_1_20' title="bbox 313 2747 463 2809; baseline -0.007 -11"><span class='ocrx_word' id='word_1_155' title='bbox 313 2747 463 2809; x_wconf 73' lang='lat' dir='ltr'>isJH</span> 
     </span>
     <span class='ocr_line' id='line_1_21' title="bbox 321 2826 688 2877; baseline -0.003 0"><span class='ocrx_word' id='word_1_156' title='bbox 321 2841 379 2877; x_wconf 78' lang='lat'>12</span> <span class='ocrx_word' id='word_1_157' title='bbox 414 2826 567 2877; x_wconf 80' lang='lat' dir='ltr'>adicit</span> <span class='ocrx_word' id='word_1_158' title='bbox 594 2827 641 2877; x_wconf 82' lang='lat' dir='ltr'><em>C</em></span> <span class='ocrx_word' id='word_1_159' title='bbox 654 2843 688 2876; x_wconf 86' lang='lat' dir='ltr'>r</span> 
     </span>
    </p>
   </div>
   <div class='ocr_carea' id='block_1_10' title="bbox 309 2983 1478 4522">
    <p class='ocr_par' dir='ltr' id='par_1_10' title="bbox 313 2983 1478 3374">
     <span class='ocr_line' id='line_1_22' title="bbox 381 2983 1478 3049; baseline 0.002 -17"><span class='ocrx_word' id='word_1_160' title='bbox 381 2997 426 3033; x_wconf 83' lang='lat'>2.</span> <span class='ocrx_word' id='word_1_161' title='bbox 497 3000 531 3033; x_wconf 88' lang='lat' dir='ltr'>a</span> <span class='ocrx_word' id='word_1_162' title='bbox 563 2999 658 3049; x_wconf 82' lang='lat' dir='ltr'>quo</span> <span class='ocrx_word' id='word_1_163' title='bbox 688 2984 938 3047; x_wconf 63' lang='lat' dir='ltr'>dMicente]</span> <span class='ocrx_word' id='word_1_164' title='bbox 1000 2983 1136 3049; x_wconf 66' lang='grc' dir='ltr'>παρὰ</span> <span class='ocrx_word' id='word_1_165' title='bbox 1170 2985 1331 3036; x_wconf 77' lang='grc' dir='ltr'>τίνος</span> <span class='ocrx_word' id='word_1_166' title='bbox 1364 2985 1478 3046; x_wconf 77' lang='grc' dir='ltr'>ἔμα-</span> 
     </span>
     <span class='ocr_line' id='line_1_23' title="bbox 317 3064 1478 3132; baseline 0.001 -17"><span class='ocrx_word' id='word_1_167' title='bbox 317 3068 408 3116; x_wconf 78' lang='grc' dir='ltr'>θες.</span> <span class='ocrx_word' id='word_1_168' title='bbox 492 3064 571 3117; x_wconf 83' lang='lat' dir='ltr'>Cf.</span> <span class='ocrx_word' id='word_1_169' title='bbox 613 3066 698 3116; x_wconf 86' lang='lat' dir='ltr'>the</span> <span class='ocrx_word' id='word_1_170' title='bbox 742 3082 928 3117; x_wconf 88' lang='lat' dir='ltr'>eornm.</span> <span class='ocrx_word' id='word_1_171' title='bbox 965 3064 1019 3126; x_wconf 87' lang='lat'>(1.</span> <span class='ocrx_word' id='word_1_172' title='bbox 1060 3066 1123 3132; x_wconf 88' lang='lat'>3).</span> <span class='ocrx_word' id='word_1_173' title='bbox 1208 3067 1335 3117; x_wconf 87' lang='lat' dir='ltr'>This</span> <span class='ocrx_word' id='word_1_174' title='bbox 1373 3082 1478 3116; x_wconf 82' lang='lat' dir='ltr'>was</span> 
     </span>
     <span class='ocr_line' id='line_1_24' title="bbox 314 3147 1477 3213; baseline 0.004 -16"><span class='ocrx_word' id='word_1_175' title='bbox 314 3147 400 3197; x_wconf 87' lang='lat' dir='ltr'>the</span> <span class='ocrx_word' id='word_1_176' title='bbox 424 3148 629 3212; x_wconf 86' lang='lat' dir='ltr'>reading</span> <span class='ocrx_word' id='word_1_177' title='bbox 649 3148 756 3198; x_wconf 83' lang='lat' dir='ltr'>also</span> <span class='ocrx_word' id='word_1_178' title='bbox 778 3148 836 3198; x_wconf 85' lang='lat' dir='ltr'>os</span> <span class='ocrx_word' id='word_1_179' title='bbox 854 3149 1028 3212; x_wconf 85' lang='lat' dir='ltr'>Chrys.</span> <span class='ocrx_word' id='word_1_180' title='bbox 1053 3150 1155 3199; x_wconf 83' lang='lat' dir='ltr'>and</span> <span class='ocrx_word' id='word_1_181' title='bbox 1177 3151 1359 3213; x_wconf 86' lang='lat' dir='ltr'>Thdt.;</span> <span class='ocrx_word' id='word_1_182' title='bbox 1390 3152 1477 3202; x_wconf 84' lang='lat' dir='ltr'>the</span> 
     </span>
     <span class='ocr_line' id='line_1_25' title="bbox 314 3227 1474 3295; baseline 0.003 -16"><span class='ocrx_word' id='word_1_183' title='bbox 314 3230 460 3280; x_wconf 83' lang='lat' dir='ltr'>latter</span> <span class='ocrx_word' id='word_1_184' title='bbox 482 3244 623 3295; x_wconf 81' lang='lat' dir='ltr'>says:</span> <span class='ocrx_word' id='word_1_185' title='bbox 659 3233 763 3280; x_wconf 75' lang='grc' dir='ltr'>εἶτα</span> <span class='ocrx_word' id='word_1_186' title='bbox 788 3232 1027 3281; x_wconf 72' lang='grc' dir='ltr'>δείκνυσιν</span> <span class='ocrx_word' id='word_1_187' title='bbox 1061 3233 1141 3281; x_wconf 77' lang='grc' dir='ltr'>καὶ</span> <span class='ocrx_word' id='word_1_188' title='bbox 1173 3227 1274 3281; x_wconf 73' lang='grc' dir='ltr'>τοῦ</span> <span class='ocrx_word' id='word_1_189' title='bbox 1310 3233 1474 3282; x_wconf 65' lang='lat' dir='ltr'>araa-</span> 
     </span>
     <span class='ocr_line' id='line_1_26' title="bbox 313 3308 1408 3374; baseline 0.002 -15"><span class='ocrx_word' id='word_1_190' title='bbox 313 3308 537 3361; x_wconf 80' lang='grc' dir='ltr'>σκάλου</span> <span class='ocrx_word' id='word_1_191' title='bbox 565 3312 635 3374; x_wconf 84' lang='lat' dir='ltr'>[v.</span> <span class='ocrx_word' id='word_1_192' title='bbox 653 3313 690 3361; x_wconf 88' lang='lat' dir='ltr'>l.</span> <span class='ocrx_word' id='word_1_193' title='bbox 713 3311 1013 3374; x_wconf 75' lang='grc' dir='ltr'>ἀποστόλου]</span> <span class='ocrx_word' id='word_1_194' title='bbox 1035 3314 1091 3361; x_wconf 86' lang='grc' dir='ltr'>τὸ</span> <span class='ocrx_word' id='word_1_195' title='bbox 1114 3309 1408 3373; x_wconf 75' lang='grc' dir='ltr'>ἀξιόπιστον.</span> 
     </span>
    </p>

    <p class='ocr_par' dir='ltr' id='par_1_11' title="bbox 312 3394 1477 3699">
     <span class='ocr_line' id='line_1_27' title="bbox 381 3394 1476 3457; baseline 0.003 -16"><span class='ocrx_word' id='word_1_196' title='bbox 381 3407 426 3454; x_wconf 80' lang='grc'>5.</span> <span class='ocrx_word' id='word_1_197' title='bbox 497 3408 531 3442; x_wconf 93' lang='lat' dir='ltr'>a</span> <span class='ocrx_word' id='word_1_198' title='bbox 563 3394 1101 3457; x_wconf 80' lang='lat' dir='ltr'>pueritia...didicisti]</span> <span class='ocrx_word' id='word_1_199' title='bbox 1168 3394 1280 3443; x_wconf 90' lang='lat' dir='ltr'>The</span> <span class='ocrx_word' id='word_1_200' title='bbox 1324 3394 1476 3444; x_wconf 72' lang='lat' dir='ltr'>Lafin</span> 
     </span>
     <span class='ocr_line' id='line_1_28' title="bbox 313 3472 1469 3538; baseline 0.004 -18"><span class='ocrx_word' id='word_1_201' title='bbox 313 3473 535 3522; x_wconf 80' lang='lat' dir='ltr'>versions</span> <span class='ocrx_word' id='word_1_202' title='bbox 572 3472 757 3538; x_wconf 82' lang='lat' dir='ltr'>rightly</span> <span class='ocrx_word' id='word_1_203' title='bbox 798 3474 993 3533; x_wconf 78' lang='lat' dir='ltr'>render,</span> <span class='ocrx_word' id='word_1_204' title='bbox 1043 3478 1073 3501; x_wconf 87' lang='lat'>“</span> <span class='ocrx_word' id='word_1_205' title='bbox 1090 3475 1157 3523; x_wconf 83' lang='lat' dir='ltr'>ab</span> <span class='ocrx_word' id='word_1_206' title='bbox 1201 3474 1469 3525; x_wconf 85' lang='lat' dir='ltr'>infantia...</span> 
     </span>
     <span class='ocr_line' id='line_1_29' title="bbox 314 3553 1477 3620; baseline 0.003 -19"><span class='ocrx_word' id='word_1_207' title='bbox 314 3553 500 3603; x_wconf 88' lang='lat' dir='ltr'>nosti.”</span> <span class='ocrx_word' id='word_1_208' title='bbox 557 3555 805 3604; x_wconf 82' lang='lat' dir='ltr'>Didicisti</span> <span class='ocrx_word' id='word_1_209' title='bbox 824 3554 866 3604; x_wconf 87' lang='lat' dir='ltr'>is</span> <span class='ocrx_word' id='word_1_210' title='bbox 888 3554 1112 3620; x_wconf 83' lang='lat' dir='ltr'>possibly</span> <span class='ocrx_word' id='word_1_211' title='bbox 1134 3571 1165 3604; x_wconf 86' lang='lat' dir='ltr'>a</span> <span class='ocrx_word' id='word_1_212' title='bbox 1187 3555 1401 3605; x_wconf 89' lang='lat' dir='ltr'>blunder</span> <span class='ocrx_word' id='word_1_213' title='bbox 1422 3556 1477 3605; x_wconf 78' lang='lat' dir='ltr'>of</span> 
     </span>
     <span class='ocr_line' id='line_1_30' title="bbox 312 3633 1345 3699; baseline 0.001 -15"><span class='ocrx_word' id='word_1_214' title='bbox 312 3633 399 3684; x_wconf 85' lang='lat' dir='ltr'>the</span> <span class='ocrx_word' id='word_1_215' title='bbox 420 3634 624 3691; x_wconf 87' lang='lat' dir='ltr'>scribes,</span> <span class='ocrx_word' id='word_1_216' title='bbox 648 3634 827 3685; x_wconf 86' lang='lat' dir='ltr'>misled</span> <span class='ocrx_word' id='word_1_217' title='bbox 850 3636 919 3699; x_wconf 88' lang='lat' dir='ltr'>by</span> <span class='ocrx_word' id='word_1_218' title='bbox 939 3635 1170 3685; x_wconf 74' lang='lat' dir='ltr'>didioeris</span> <span class='ocrx_word' id='word_1_219' title='bbox 1194 3636 1245 3696; x_wconf 88' lang='lat' dir='ltr'>(l.</span> <span class='ocrx_word' id='word_1_220' title='bbox 1278 3638 1345 3695; x_wconf 64' lang='grc' dir='ltr'>α).</span> 
     </span>
    </p>

    <p class='ocr_par' dir='ltr' id='par_1_12' title="bbox 310 3718 1471 4025">
     <span class='ocr_line' id='line_1_31' title="bbox 378 3718 1466 3781; baseline 0.002 -15"><span class='ocrx_word' id='word_1_221' title='bbox 378 3719 424 3766; x_wconf 90' lang='grc'>8.</span> <span class='ocrx_word' id='word_1_222' title='bbox 498 3718 883 3781; x_wconf 80' lang='lat' dir='ltr'>meditationem]</span> <span class='ocrx_word' id='word_1_223' title='bbox 907 3739 953 3761; x_wconf 90' lang='lat'>=</span> <span class='ocrx_word' id='word_1_224' title='bbox 972 3719 1190 3779; x_wconf 73' lang='grc' dir='ltr'>ἄσκησιν,</span> <span class='ocrx_word' id='word_1_225' title='bbox 1243 3720 1466 3779; x_wconf 80' lang='grc' dir='ltr'>μελέτην.</span> 
     </span>
     <span class='ocr_line' id='line_1_32' title="bbox 314 3797 1471 3866; baseline 0.001 -18"><span class='ocrx_word' id='word_1_226' title='bbox 314 3797 534 3862; x_wconf 86' lang='lat' dir='ltr'>Perhaps</span> <span class='ocrx_word' id='word_1_227' title='bbox 556 3814 632 3849; x_wconf 84' lang='lat' dir='ltr'>we</span> <span class='ocrx_word' id='word_1_228' title='bbox 654 3799 833 3850; x_wconf 84' lang='lat' dir='ltr'>should</span> <span class='ocrx_word' id='word_1_229' title='bbox 857 3802 973 3850; x_wconf 87' lang='lat' dir='ltr'>read</span> <span class='ocrx_word' id='word_1_230' title='bbox 995 3808 1109 3866; x_wconf 80' lang='lat' dir='ltr'>post</span> <span class='ocrx_word' id='word_1_231' title='bbox 1131 3801 1471 3851; x_wconf 79' lang='lat' dir='ltr'>mediationem</span> 
     </span>
     <span class='ocr_line' id='line_1_33' title="bbox 314 3879 1460 3945; baseline 0.003 -19"><span class='ocrx_word' id='word_1_232' title='bbox 314 3879 522 3943; x_wconf 79' lang='grc' dir='ltr'>(πολλοῦ</span> <span class='ocrx_word' id='word_1_233' title='bbox 547 3880 806 3937; x_wconf 74' lang='grc' dir='ltr'>μεσοῦντος</span> <span class='ocrx_word' id='word_1_234' title='bbox 833 3879 1058 3945; x_wconf 79' lang='grc' dir='ltr'>χρόνου);</span> <span class='ocrx_word' id='word_1_235' title='bbox 1092 3882 1168 3931; x_wconf 88' lang='lat' dir='ltr'>sor</span> <span class='ocrx_word' id='word_1_236' title='bbox 1193 3881 1460 3931; x_wconf 79' lang='lat' dir='ltr'>mediare:</span> 
     </span>
     <span class='ocr_line' id='line_1_34' title="bbox 310 3958 1149 4025; baseline 0.008 -19"><span class='ocrx_word' id='word_1_237' title='bbox 310 3958 490 4018; x_wconf 74' lang='grc' dir='ltr'>μεσοῦν</span> <span class='ocrx_word' id='word_1_238' title='bbox 512 3958 577 4009; x_wconf 80' lang='lat' dir='ltr'>cs.</span> <span class='ocrx_word' id='word_1_239' title='bbox 604 3973 641 4009; x_wconf 92' lang='lat'>1.</span> <span class='ocrx_word' id='word_1_240' title='bbox 666 3977 719 4024; x_wconf 90' lang='lat' dir='ltr'>p.</span> <span class='ocrx_word' id='word_1_241' title='bbox 750 3973 857 4022; x_wconf 78' lang='lat'>152,</span> <span class='ocrx_word' id='word_1_242' title='bbox 880 3961 913 4012; x_wconf 92' lang='lat' dir='ltr'>l.</span> <span class='ocrx_word' id='word_1_243' title='bbox 943 3981 991 4025; x_wconf 81' lang='grc'>4,</span> <span class='ocrx_word' id='word_1_244' title='bbox 1015 3970 1149 4013; x_wconf 87' lang='lat' dir='ltr'>note.</span> 
     </span>
    </p>

    <p class='ocr_par' dir='ltr' id='par_1_13' title="bbox 309 4043 1472 4522">
     <span class='ocr_line' id='line_1_35' title="bbox 382 4043 1470 4107; baseline 0.002 -16"><span class='ocrx_word' id='word_1_245' title='bbox 382 4057 459 4091; x_wconf 79' lang='grc' dir='ltr'>ιο.</span> <span class='ocrx_word' id='word_1_246' title='bbox 549 4046 563 4068; x_wconf 90' lang='lat'>‘</span> <span class='ocrx_word' id='word_1_247' title='bbox 576 4058 745 4091; x_wconf 84' lang='lat' dir='ltr'>sacras</span> <span class='ocrx_word' id='word_1_248' title='bbox 799 4043 990 4093; x_wconf 83' lang='lat' dir='ltr'>litteras</span> <span class='ocrx_word' id='word_1_249' title='bbox 1004 4044 1017 4067; x_wconf 89' lang='lat'>&#39;</span> <span class='ocrx_word' id='word_1_250' title='bbox 1073 4045 1293 4105; x_wconf 83' lang='lat' dir='ltr'>diuinas,</span> <span class='ocrx_word' id='word_1_251' title='bbox 1353 4044 1470 4107; x_wconf 84' lang='lat' dir='ltr'>&amp;c.]</span> 
     </span>
     <span class='ocr_line' id='line_1_36' title="bbox 312 4122 1472 4188; baseline 0.003 -16"><span class='ocrx_word' id='word_1_252' title='bbox 312 4122 518 4187; x_wconf 84' lang='lat' dir='ltr'>Chrys.:</span> <span class='ocrx_word' id='word_1_253' title='bbox 570 4124 618 4170; x_wconf 74' lang='grc' dir='ltr'>τί</span> <span class='ocrx_word' id='word_1_254' title='bbox 662 4124 795 4173; x_wconf 70' lang='grc' dir='ltr'>ἐστὶν</span> <span class='ocrx_word' id='word_1_255' title='bbox 840 4123 973 4187; x_wconf 68' lang='grc' dir='ltr'>*ἱερὰ</span> <span class='ocrx_word' id='word_1_256' title='bbox 1013 4123 1333 4188; x_wconf 39' lang='lat' dir='ltr'>ymnum?</span> <span class='ocrx_word' id='word_1_257' title='bbox 1387 4124 1472 4176; x_wconf 77' lang='grc' dir='ltr'>τὰς</span> 
     </span>
     <span class='ocr_line' id='line_1_37' title="bbox 311 4205 1468 4270; baseline 0.003 -14"><span class='ocrx_word' id='word_1_258' title='bbox 311 4209 441 4257; x_wconf 81' lang='grc' dir='ltr'>θείας</span> <span class='ocrx_word' id='word_1_259' title='bbox 473 4205 679 4270; x_wconf 77' lang='grc' dir='ltr'>γραφάς.</span> <span class='ocrx_word' id='word_1_260' title='bbox 754 4207 834 4257; x_wconf 81' lang='lat' dir='ltr'>Cf.</span> <span class='ocrx_word' id='word_1_261' title='bbox 866 4209 912 4257; x_wconf 91' lang='lat' dir='ltr'>T</span> <span class='ocrx_word' id='word_1_262' title='bbox 914 4209 964 4257; x_wconf 91' lang='lat' dir='ltr'>h.</span> <span class='ocrx_word' id='word_1_263' title='bbox 1000 4224 1067 4258; x_wconf 89' lang='lat' dir='ltr'>on</span> <span class='ocrx_word' id='word_1_264' title='bbox 1099 4210 1250 4259; x_wconf 89' lang='lat' dir='ltr'>Rom.</span> <span class='ocrx_word' id='word_1_265' title='bbox 1280 4210 1313 4259; x_wconf 92' lang='lat' dir='ltr'>i.</span> <span class='ocrx_word' id='word_1_266' title='bbox 1358 4224 1404 4267; x_wconf 83' lang='lat'>2,</span> <span class='ocrx_word' id='word_1_267' title='bbox 1439 4222 1468 4270; x_wconf 81' lang='lat'>3</span> 
     </span>
     <span class='ocr_line' id='line_1_38' title="bbox 310 4288 1468 4355; baseline 0.002 -17"><span class='ocrx_word' id='word_1_268' title='bbox 310 4292 411 4354; x_wconf 83' lang='lat' dir='ltr'>(ap.</span> <span class='ocrx_word' id='word_1_269' title='bbox 454 4290 575 4338; x_wconf 86' lang='lat' dir='ltr'>Fac.</span> <span class='ocrx_word' id='word_1_270' title='bbox 613 4289 682 4340; x_wconf 89' lang='lat' dir='ltr'>iii.</span> <span class='ocrx_word' id='word_1_271' title='bbox 720 4288 795 4351; x_wconf 83' lang='lat'>6):</span> <span class='ocrx_word' id='word_1_272' title='bbox 838 4294 1041 4355; x_wconf 89' lang='lat' dir='ltr'>“neque</span> <span class='ocrx_word' id='word_1_273' title='bbox 1080 4291 1215 4341; x_wconf 88' lang='lat' dir='ltr'>enim</span> <span class='ocrx_word' id='word_1_274' title='bbox 1251 4291 1468 4340; x_wconf 87' lang='lat' dir='ltr'>litteram</span> 
     </span>
     <span class='ocr_line' id='line_1_39' title="bbox 309 4372 1468 4431; baseline 0.002 -10"><span class='ocrx_word' id='word_1_275' title='bbox 309 4372 390 4422; x_wconf 88' lang='lat' dir='ltr'>uel</span> <span class='ocrx_word' id='word_1_276' title='bbox 421 4372 757 4422; x_wconf 84' lang='lat' dir='ltr'>characterem</span> <span class='ocrx_word' id='word_1_277' title='bbox 791 4379 1017 4421; x_wconf 81' lang='lat' dir='ltr'>sanctum</span> <span class='ocrx_word' id='word_1_278' title='bbox 1050 4373 1251 4422; x_wconf 84' lang='lat' dir='ltr'>uolebat</span> <span class='ocrx_word' id='word_1_279' title='bbox 1284 4373 1468 4431; x_wconf 86' lang='lat' dir='ltr'>dicere,</span> 
     </span>
     <span class='ocr_line' id='line_1_40' title="bbox 310 4454 1468 4522; baseline -0.002 -15"><span class='ocrx_word' id='word_1_280' title='bbox 310 4456 397 4507; x_wconf 86' lang='lat' dir='ltr'>sed</span> <span class='ocrx_word' id='word_1_281' title='bbox 422 4454 739 4521; x_wconf 83' lang='lat' dir='ltr'>prophetiam</span> <span class='ocrx_word' id='word_1_282' title='bbox 772 4455 948 4520; x_wconf 81' lang='lat' dir='ltr'>ipsam,</span> <span class='ocrx_word' id='word_1_283' title='bbox 976 4471 1104 4522; x_wconf 80' lang='lat' dir='ltr'>quae</span> <span class='ocrx_word' id='word_1_284' title='bbox 1137 4463 1239 4506; x_wconf 84' lang='lat' dir='ltr'>erat</span> <span class='ocrx_word' id='word_1_285' title='bbox 1276 4455 1468 4521; x_wconf 86' lang='lat' dir='ltr'>Spiritu</span> 
     </span>
    </p>
   </div>
   <div class='ocr_carea' id='block_1_11' title="bbox 663 2662 1865 2812">
    <p class='ocr_par' dir='ltr' id='par_1_14' title="bbox 663 2662 1865 2812">
     <span class='ocr_line' id='line_1_41' title="bbox 1221 2662 1587 2714; baseline -0.005 0"><span class='ocrx_word' id='word_1_286' title='bbox 1221 2662 1254 2714; x_wconf 93' lang='lat'><strong>6</strong></span> <span class='ocrx_word' id='word_1_287' title='bbox 1287 2663 1538 2713; x_wconf 81' lang='lat' dir='ltr'>exhortari</span> <span class='ocrx_word' id='word_1_288' title='bbox 1553 2679 1587 2712; x_wconf 86' lang='lat' dir='ltr'>r</span> 
     </span>
     <span class='ocr_line' id='line_1_42' title="bbox 663 2744 1865 2812; baseline -0.002 -14"><span class='ocrx_word' id='word_1_289' title='bbox 663 2749 694 2798; x_wconf 91' lang='lat'>8</span> <span class='ocrx_word' id='word_1_290' title='bbox 727 2746 1137 2797; x_wconf 84' lang='lat' dir='ltr'>meditationeH</span> <span class='ocrx_word' id='word_1_291' title='bbox 1156 2744 1165 2810; x_wconf 83' lang='grc' dir='ltr'>Ι</span> <span class='ocrx_word' id='word_1_292' title='bbox 1192 2744 1398 2812; x_wconf 82' lang='lat' dir='ltr'>incipiat</span> <span class='ocrx_word' id='word_1_293' title='bbox 1422 2746 1529 2806; x_wconf 80' lang='lat' dir='ltr'>(for</span> <span class='ocrx_word' id='word_1_294' title='bbox 1545 2744 1865 2808; x_wconf 86' lang='lat' dir='ltr'>uideretur)r</span> 
     </span>
    </p>
   </div>
   <div class='ocr_carea' id='block_1_12' title="bbox 1784 2661 2739 2810">
    <p class='ocr_par' dir='ltr' id='par_1_15' title="bbox 1784 2661 2739 2810">
     <span class='ocr_line' id='line_1_43' title="bbox 1784 2661 2739 2729; baseline 0.001 -16"><span class='ocrx_word' id='word_1_295' title='bbox 1784 2676 1809 2727; x_wconf 86' lang='lat'><strong>7</strong></span> <span class='ocrx_word' id='word_1_296' title='bbox 1843 2662 2071 2713; x_wconf 84' lang='lat' dir='ltr'>uideatur</span> <span class='ocrx_word' id='word_1_297' title='bbox 2100 2662 2224 2712; x_wconf 87' lang='lat' dir='ltr'>CH</span> <span class='ocrx_word' id='word_1_298' title='bbox 2235 2662 2431 2713; x_wconf 85' lang='lat' dir='ltr'>uidetur</span> <span class='ocrx_word' id='word_1_299' title='bbox 2448 2680 2481 2711; x_wconf 87' lang='lat' dir='ltr'>r</span> <span class='ocrx_word' id='word_1_300' title='bbox 2507 2661 2516 2727; x_wconf 88' lang='grc' dir='ltr'>Ι</span> <span class='ocrx_word' id='word_1_301' title='bbox 2542 2663 2595 2712; x_wconf 90' lang='lat' dir='ltr'>hi</span> <span class='ocrx_word' id='word_1_302' title='bbox 2622 2663 2739 2729; x_wconf 89' lang='lat' dir='ltr'>(for</span> 
     </span>
     <span class='ocr_line' id='line_1_44' title="bbox 2080 2743 2738 2810; baseline 0 -14"><span class='ocrx_word' id='word_1_303' title='bbox 2080 2761 2134 2796; x_wconf 88' lang='lat'>11</span> <span class='ocrx_word' id='word_1_304' title='bbox 2171 2745 2236 2794; x_wconf 80' lang='lat' dir='ltr'>ad</span> <span class='ocrx_word' id='word_1_305' title='bbox 2261 2743 2563 2810; x_wconf 81' lang='lat' dir='ltr'>(befipsam)</span> <span class='ocrx_word' id='word_1_306' title='bbox 2584 2747 2738 2796; x_wconf 86' lang='lat' dir='ltr'>addr</span> 
     </span>
    </p>
   </div>
   <div class='ocr_carea' id='block_1_13' title="bbox 1562 2983 2731 4433">
    <p class='ocr_par' dir='ltr' id='par_1_16' title="bbox 1569 2983 2731 3294">
     <span class='ocr_line' id='line_1_45' title="bbox 1570 2983 2731 3050; baseline -0.001 -14"><span class='ocrx_word' id='word_1_307' title='bbox 1570 2992 1745 3036; x_wconf 86' lang='lat' dir='ltr'>sancto</span> <span class='ocrx_word' id='word_1_308' title='bbox 1776 2983 2132 3035; x_wconf 86' lang='lat' dir='ltr'>reuelationem</span> <span class='ocrx_word' id='word_1_309' title='bbox 2176 2983 2225 3034; x_wconf 89' lang='lat' dir='ltr'>ei</span> <span class='ocrx_word' id='word_1_310' title='bbox 2267 2983 2503 3034; x_wconf 83' lang='lat' dir='ltr'>donante.</span> <span class='ocrx_word' id='word_1_311' title='bbox 2569 2984 2731 3050; x_wconf 85' lang='lat' dir='ltr'>ipsam</span> 
     </span>
     <span class='ocr_line' id='line_1_46' title="bbox 1571 3066 2730 3134; baseline -0.003 -15"><span class='ocrx_word' id='word_1_312' title='bbox 1571 3084 1692 3134; x_wconf 85' lang='lat' dir='ltr'>ergo</span> <span class='ocrx_word' id='word_1_313' title='bbox 1746 3067 2065 3134; x_wconf 82' lang='lat' dir='ltr'>prophetiam</span> <span class='ocrx_word' id='word_1_314' title='bbox 2120 3075 2253 3117; x_wconf 87' lang='lat' dir='ltr'>recte</span> <span class='ocrx_word' id='word_1_315' title='bbox 2303 3067 2375 3117; x_wconf 86' lang='lat' dir='ltr'>sic</span> <span class='ocrx_word' id='word_1_316' title='bbox 2421 3066 2730 3132; x_wconf 77' lang='lat' dir='ltr'>adpellauit3</span> 
     </span>
     <span class='ocr_line' id='line_1_47' title="bbox 1570 3148 2730 3213; baseline -0.001 -14"><span class='ocrx_word' id='word_1_317' title='bbox 1570 3150 1644 3199; x_wconf 89' lang='lat' dir='ltr'>sic</span> <span class='ocrx_word' id='word_1_318' title='bbox 1699 3157 1750 3200; x_wconf 90' lang='lat' dir='ltr'>et</span> <span class='ocrx_word' id='word_1_319' title='bbox 1809 3150 1932 3199; x_wconf 85' lang='lat' dir='ltr'>alibi</span> <span class='ocrx_word' id='word_1_320' title='bbox 2000 3149 2158 3198; x_wconf 86' lang='lat' dir='ltr'>dixit:</span> <span class='ocrx_word' id='word_1_321' title='bbox 2233 3148 2427 3198; x_wconf 86' lang='lat' dir='ltr'>‘omnis</span> <span class='ocrx_word' id='word_1_322' title='bbox 2482 3149 2730 3213; x_wconf 82' lang='lat' dir='ltr'>scriptura</span> 
     </span>
     <span class='ocr_line' id='line_1_48' title="bbox 1569 3228 2404 3294; baseline -0.004 -14"><span class='ocrx_word' id='word_1_323' title='bbox 1569 3230 1808 3280; x_wconf 84' lang='lat' dir='ltr'>diuinitus</span> <span class='ocrx_word' id='word_1_324' title='bbox 1832 3229 2071 3294; x_wconf 88' lang='lat' dir='ltr'>inspirata</span> <span class='ocrx_word' id='word_1_325' title='bbox 2093 3228 2229 3279; x_wconf 84' lang='lat' dir='ltr'>utilis</span> <span class='ocrx_word' id='word_1_326' title='bbox 2250 3228 2404 3278; x_wconf 87' lang='lat' dir='ltr'>est.&#39;’&#39;</span> 
     </span>
    </p>

    <p class='ocr_par' dir='ltr' id='par_1_17' title="bbox 1565 3307 2730 3685">
     <span class='ocr_line' id='line_1_49' title="bbox 1640 3307 2730 3373; baseline -0.001 -14"><span class='ocrx_word' id='word_1_327' title='bbox 1640 3325 1712 3373; x_wconf 87' lang='lat'>13.</span> <span class='ocrx_word' id='word_1_328' title='bbox 1756 3309 2014 3373; x_wconf 84' lang='lat' dir='ltr'>perfidem</span> <span class='ocrx_word' id='word_1_329' title='bbox 2032 3310 2147 3359; x_wconf 86' lang='lat' dir='ltr'>Iesu</span> <span class='ocrx_word' id='word_1_330' title='bbox 2169 3308 2389 3370; x_wconf 80' lang='lat' dir='ltr'>Christi]</span> <span class='ocrx_word' id='word_1_331' title='bbox 2435 3308 2560 3358; x_wconf 87' lang='lat' dir='ltr'>This</span> <span class='ocrx_word' id='word_1_332' title='bbox 2580 3307 2730 3358; x_wconf 78' lang='lat' dir='ltr'>looks</span> 
     </span>
     <span class='ocr_line' id='line_1_50' title="bbox 1569 3387 2730 3451; baseline -0.001 -10"><span class='ocrx_word' id='word_1_333' title='bbox 1569 3407 1624 3441; x_wconf 78' lang='lat' dir='ltr'>as</span> <span class='ocrx_word' id='word_1_334' title='bbox 1666 3391 1712 3440; x_wconf 87' lang='lat' dir='ltr'>if</span> <span class='ocrx_word' id='word_1_335' title='bbox 1748 3392 1847 3441; x_wconf 87' lang='lat' dir='ltr'>Th.</span> <span class='ocrx_word' id='word_1_336' title='bbox 1891 3392 1992 3441; x_wconf 86' lang='lat' dir='ltr'>had</span> <span class='ocrx_word' id='word_1_337' title='bbox 2038 3391 2156 3441; x_wconf 85' lang='lat' dir='ltr'>read</span> <span class='ocrx_word' id='word_1_338' title='bbox 2201 3390 2279 3441; x_wconf 77' lang='grc' dir='ltr'>διὰ</span> <span class='ocrx_word' id='word_1_339' title='bbox 2320 3392 2527 3441; x_wconf 72' lang='grc' dir='ltr'>πίστεως</span> <span class='ocrx_word' id='word_1_340' title='bbox 2563 3387 2730 3451; x_wconf 73' lang='grc' dir='ltr'>Ἰησοῦ</span> 
     </span>
     <span class='ocr_line' id='line_1_51' title="bbox 1569 3474 2727 3537; baseline 0.002 -16"><span class='ocrx_word' id='word_1_341' title='bbox 1569 3474 1799 3537; x_wconf 78' lang='grc' dir='ltr'>Χριστοῦ.</span> <span class='ocrx_word' id='word_1_342' title='bbox 1867 3474 1981 3523; x_wconf 88' lang='lat' dir='ltr'>The</span> <span class='ocrx_word' id='word_1_343' title='bbox 2014 3474 2165 3523; x_wconf 83' lang='lat' dir='ltr'>Latin</span> <span class='ocrx_word' id='word_1_344' title='bbox 2200 3474 2423 3523; x_wconf 86' lang='lat' dir='ltr'>versions</span> <span class='ocrx_word' id='word_1_345' title='bbox 2455 3474 2557 3523; x_wconf 83' lang='lat' dir='ltr'>and</span> <span class='ocrx_word' id='word_1_346' title='bbox 2590 3489 2727 3523; x_wconf 83' lang='lat' dir='ltr'>corn-</span> 
     </span>
     <span class='ocr_line' id='line_1_52' title="bbox 1566 3554 2727 3620; baseline -0.001 -15"><span class='ocrx_word' id='word_1_347' title='bbox 1566 3563 1842 3605; x_wconf 82' lang='lat' dir='ltr'>mentators</span> <span class='ocrx_word' id='word_1_348' title='bbox 1877 3555 2144 3620; x_wconf 83' lang='lat' dir='ltr'>uniformly</span> <span class='ocrx_word' id='word_1_349' title='bbox 2179 3555 2320 3620; x_wconf 85' lang='lat' dir='ltr'>give:</span> <span class='ocrx_word' id='word_1_350' title='bbox 2364 3554 2562 3603; x_wconf 87' lang='lat' dir='ltr'>“fidem</span> <span class='ocrx_word' id='word_1_351' title='bbox 2597 3570 2727 3619; x_wconf 85' lang='lat' dir='ltr'>quae</span> 
     </span>
     <span class='ocr_line' id='line_1_53' title="bbox 1565 3634 2139 3685; baseline -0.003 0"><span class='ocrx_word' id='word_1_352' title='bbox 1565 3643 1642 3685; x_wconf 86' lang='lat' dir='ltr'>est</span> <span class='ocrx_word' id='word_1_353' title='bbox 1667 3636 1718 3685; x_wconf 86' lang='lat' dir='ltr'>in</span> <span class='ocrx_word' id='word_1_354' title='bbox 1742 3635 1944 3685; x_wconf 83' lang='lat' dir='ltr'>Christo</span> <span class='ocrx_word' id='word_1_355' title='bbox 1968 3634 2139 3684; x_wconf 87' lang='lat' dir='ltr'>Iesu.”</span> 
     </span>
    </p>

    <p class='ocr_par' dir='ltr' id='par_1_18' title="bbox 1562 3715 2727 4433">
     <span class='ocr_line' id='line_1_54' title="bbox 1639 3715 2723 3781; baseline -0.001 -14"><span class='ocrx_word' id='word_1_356' title='bbox 1639 3733 1714 3781; x_wconf 79' lang='lat'>14.</span> <span class='ocrx_word' id='word_1_357' title='bbox 1772 3734 1892 3766; x_wconf 78' lang='lat' dir='ltr'>nam</span> <span class='ocrx_word' id='word_1_358' title='bbox 1923 3724 1970 3767; x_wconf 86' lang='lat' dir='ltr'>et</span> <span class='ocrx_word' id='word_1_359' title='bbox 1991 3717 2209 3776; x_wconf 84' lang='lat' dir='ltr'>ostendit,</span> <span class='ocrx_word' id='word_1_360' title='bbox 2238 3716 2352 3777; x_wconf 68' lang='grc' dir='ltr'>δια]</span> <span class='ocrx_word' id='word_1_361' title='bbox 2417 3715 2588 3765; x_wconf 83' lang='lat' dir='ltr'>‘Four</span> <span class='ocrx_word' id='word_1_362' title='bbox 2620 3731 2723 3766; x_wconf 85' lang='lat' dir='ltr'>rea·</span> 
     </span>
     <span class='ocr_line' id='line_1_55' title="bbox 1565 3797 2726 3862; baseline -0.003 -13"><span class='ocrx_word' id='word_1_363' title='bbox 1565 3815 1684 3849; x_wconf 88' lang='lat' dir='ltr'>sons</span> <span class='ocrx_word' id='word_1_364' title='bbox 1706 3797 1781 3847; x_wconf 87' lang='lat' dir='ltr'>sor</span> <span class='ocrx_word' id='word_1_365' title='bbox 1803 3798 2122 3849; x_wconf 78' lang='lat' dir='ltr'>stedsastness</span> <span class='ocrx_word' id='word_1_366' title='bbox 2146 3813 2231 3846; x_wconf 81' lang='lat' dir='ltr'>are</span> <span class='ocrx_word' id='word_1_367' title='bbox 2264 3797 2520 3862; x_wconf 87' lang='lat' dir='ltr'>conveyed</span> <span class='ocrx_word' id='word_1_368' title='bbox 2554 3797 2605 3846; x_wconf 86' lang='lat' dir='ltr'>in</span> <span class='ocrx_word' id='word_1_369' title='bbox 2639 3797 2726 3846; x_wconf 86' lang='lat' dir='ltr'>the</span> 
     </span>
     <span class='ocr_line' id='line_1_56' title="bbox 1566 3875 2727 3946; baseline -0.003 -15"><span class='ocrx_word' id='word_1_370' title='bbox 1566 3882 1770 3946; x_wconf 85' lang='lat' dir='ltr'>phrases</span> <span class='ocrx_word' id='word_1_371' title='bbox 1802 3878 1935 3942; x_wconf 70' lang='grc' dir='ltr'>παρὰ</span> <span class='ocrx_word' id='word_1_372' title='bbox 1965 3881 2107 3935; x_wconf 67' lang='grc' dir='ltr'>τίνος,</span> <span class='ocrx_word' id='word_1_373' title='bbox 2142 3876 2243 3928; x_wconf 75' lang='grc' dir='ltr'>ἀπὸ</span> <span class='ocrx_word' id='word_1_374' title='bbox 2274 3880 2496 3942; x_wconf 79' lang='grc' dir='ltr'>βρέφους,</span> <span class='ocrx_word' id='word_1_375' title='bbox 2532 3875 2596 3928; x_wconf 82' lang='grc' dir='ltr'>τοὶ</span> <span class='ocrx_word' id='word_1_376' title='bbox 2626 3878 2727 3941; x_wconf 74' lang='grc' dir='ltr'>ἱερὰ</span> 
     </span>
     <span class='ocr_line' id='line_1_57' title="bbox 1563 3959 2721 4025; baseline 0 -16"><span class='ocrx_word' id='word_1_377' title='bbox 1563 3960 1849 4023; x_wconf 62' lang='grc' dir='ltr'>γράμματα,</span> <span class='ocrx_word' id='word_1_378' title='bbox 1905 3962 1977 4010; x_wconf 75' lang='grc' dir='ltr'>εἰς</span> <span class='ocrx_word' id='word_1_379' title='bbox 2042 3960 2294 4022; x_wconf 73' lang='grc' dir='ltr'>σωτηρίαν,</span> <span class='ocrx_word' id='word_1_380' title='bbox 2360 3959 2721 4025; x_wconf 83' lang='lat' dir='ltr'>respectively.&#39;</span> 
     </span>
     <span class='ocr_line' id='line_1_58' title="bbox 1564 4040 2723 4107; baseline -0.003 -12"><span class='ocrx_word' id='word_1_381' title='bbox 1564 4044 1708 4103; x_wconf 59' lang='lat' dir='ltr'>Oce„</span> <span class='ocrx_word' id='word_1_382' title='bbox 1748 4042 1963 4107; x_wconf 85' lang='lat' dir='ltr'>Thpht.‚</span> <span class='ocrx_word' id='word_1_383' title='bbox 1999 4042 2165 4091; x_wconf 88' lang='lat' dir='ltr'>notice</span> <span class='ocrx_word' id='word_1_384' title='bbox 2203 4040 2290 4090; x_wconf 88' lang='lat' dir='ltr'>the</span> <span class='ocrx_word' id='word_1_385' title='bbox 2323 4040 2428 4089; x_wconf 86' lang='lat' dir='ltr'>first</span> <span class='ocrx_word' id='word_1_386' title='bbox 2465 4048 2599 4091; x_wconf 79' lang='lat' dir='ltr'>two:</span> <span class='ocrx_word' id='word_1_387' title='bbox 2641 4040 2723 4091; x_wconf 83' lang='grc' dir='ltr'>δύο</span> 
     </span>
     <span class='ocr_line' id='line_1_59' title="bbox 1566 4119 2723 4187; baseline -0.003 -13"><span class='ocrx_word' id='word_1_388' title='bbox 1566 4127 1724 4177; x_wconf 75' lang='grc' dir='ltr'>αἰτίας</span> <span class='ocrx_word' id='word_1_389' title='bbox 1766 4127 1905 4187; x_wconf 75' lang='grc' dir='ltr'>λέγει</span> <span class='ocrx_word' id='word_1_390' title='bbox 1946 4123 2036 4173; x_wconf 76' lang='grc' dir='ltr'>τοῦ</span> <span class='ocrx_word' id='word_1_391' title='bbox 2078 4125 2153 4174; x_wconf 80' lang='grc' dir='ltr'>δεῖ</span> <span class='ocrx_word' id='word_1_392' title='bbox 2187 4119 2331 4173; x_wconf 72' lang='grc' dir='ltr'>αὐτὸν</span> <span class='ocrx_word' id='word_1_393' title='bbox 2373 4120 2723 4185; x_wconf 69' lang='grc' dir='ltr'>ἀπερίτρεπτον</span> 
     </span>
     <span class='ocr_line' id='line_1_60' title="bbox 1562 4203 2722 4267; baseline 0.001 -13"><span class='ocrx_word' id='word_1_394' title='bbox 1562 4210 1737 4266; x_wconf 77' lang='grc' dir='ltr'>μένειν·</span> <span class='ocrx_word' id='word_1_395' title='bbox 1787 4210 1800 4234; x_wconf 81' lang='lat'><strong>⁴</strong></span> <span class='ocrx_word' id='word_1_396' title='bbox 1817 4208 1894 4256; x_wconf 78' lang='grc' dir='ltr'>ὅτι</span> <span class='ocrx_word' id='word_1_397' title='bbox 1929 4223 1987 4254; x_wconf 83' lang='grc' dir='ltr'>τε</span> <span class='ocrx_word' id='word_1_398' title='bbox 2022 4204 2076 4254; x_wconf 77' lang='grc' dir='ltr'>οὐ</span> <span class='ocrx_word' id='word_1_399' title='bbox 2112 4204 2245 4267; x_wconf 69' lang='grc' dir='ltr'>παρά</span> <span class='ocrx_word' id='word_1_400' title='bbox 2283 4203 2513 4267; x_wconf 79' lang='grc' dir='ltr'>τυχόντος</span> <span class='ocrx_word' id='word_1_401' title='bbox 2550 4207 2722 4265; x_wconf 81' lang='grc' dir='ltr'>ἔμαθες</span> 
     </span>
     <span class='ocr_line' id='line_1_61' title="bbox 1565 4284 2726 4351; baseline -0.001 -14"><span class='ocrx_word' id='word_1_402' title='bbox 1565 4290 1770 4351; x_wconf 78' lang='grc' dir='ltr'>(φησὶν),</span> <span class='ocrx_word' id='word_1_403' title='bbox 1821 4285 1949 4337; x_wconf 72' lang='grc' dir='ltr'>ἀλλὰ</span> <span class='ocrx_word' id='word_1_404' title='bbox 1991 4287 2125 4351; x_wconf 68' lang='grc' dir='ltr'>παρὰ</span> <span class='ocrx_word' id='word_1_405' title='bbox 2162 4288 2506 4336; x_wconf 74' lang='grc' dir='ltr'>Παύλου...κά</span> <span class='ocrx_word' id='word_1_406' title='bbox 2549 4288 2626 4335; x_wconf 78' lang='grc' dir='ltr'>ὅτι</span> <span class='ocrx_word' id='word_1_407' title='bbox 2668 4284 2726 4336; x_wconf 73' lang='grc' dir='ltr'>οὐ</span> 
     </span>
     <span class='ocr_line' id='line_1_62' title="bbox 1562 4366 2721 4433; baseline -0.001 -13"><span class='ocrx_word' id='word_1_408' title='bbox 1562 4373 1681 4433; x_wconf 82' lang='grc' dir='ltr'>χθὲς</span> <span class='ocrx_word' id='word_1_409' title='bbox 1723 4372 1803 4419; x_wconf 79' lang='grc' dir='ltr'>καὶ</span> <span class='ocrx_word' id='word_1_410' title='bbox 1847 4368 2012 4431; x_wconf 72' lang='grc' dir='ltr'>πρώην</span> <span class='ocrx_word' id='word_1_411' title='bbox 2054 4370 2238 4429; x_wconf 75' lang='grc' dir='ltr'>ἔμαθες,</span> <span class='ocrx_word' id='word_1_412' title='bbox 2290 4367 2422 4418; x_wconf 78' lang='grc' dir='ltr'>ἀλλὰ</span> <span class='ocrx_word' id='word_1_413' title='bbox 2467 4366 2562 4419; x_wconf 73' lang='grc' dir='ltr'>ἀπὸ</span> <span class='ocrx_word' id='word_1_414' title='bbox 2612 4372 2721 4432; x_wconf 83' lang='grc' dir='ltr'>βρέ·</span> 
     </span>
    </p>
   </div>
   <div class='ocr_carea' id='block_1_14' title="bbox 1563 4452 1715 4515">
    <p class='ocr_par' dir='ltr' id='par_1_19' title="bbox 1563 4452 1715 4515">
     <span class='ocr_line' id='line_1_63' title="bbox 1563 4452 1715 4515; baseline 0.013 -13"><span class='ocrx_word' id='word_1_415' title='bbox 1563 4452 1715 4515; x_wconf 55' lang='lat' dir='ltr'>ficus?</span> 
     </span>
    </p>
   </div>
  </div>
 </body>
</html>
