3221 5116
306 405 358 470 1.
395 422 451 486 3,
479 404 569 490 4]
1020 421 1106 471 m
1153 422 1260 473 ΕΡ.
1305 422 1408 473 AD
1453 422 1921 475 ΤΙΜΟΤΗΕυΜ
1968 425 2012 474 1.
2640 427 2715 493 71

300 591 601 675 postulat
644 592 847 660 ratio?
932 593 1270 679 †euidens
1301 606 1403 661 est
1433 598 1612 662 enim
1644 598 1824 682 quod
1857 598 2052 672 dixit,
2085 608 2164 663 ut
2203 596 2540 663 denunties
2579 599 2723 682 qui-

300 696 627 771 busdam,·
692 696 778 761 de
825 697 962 761 suis
1014 699 1192 762 enim
1244 699 1309 764 id
1365 701 1528 765 dicit
1587 710 1658 765 et
1710 721 1844 765 non
1893 703 1980 766 de
2027 701 2278 767 alienis,
2368 722 2492 766 nec
2540 704 2718 768 enim

300 799 552 862 exteris
605 799 998 864 denuntiare
1052 809 1195 865 erat
1241 802 1600 880 Timothei,
1648 812 1810 868 tunc
1862 804 1970 869 uel
2032 806 2334 870 maxime
2380 807 2719 890 magistris

298 903 569 985 pietatis
621 922 758 966 non
807 903 1022 967 solum
1085 904 1424 987 increpare
1483 908 1830 970 contrariis
1900 907 2178 972 minime
2228 911 2717 992 usurpantibuS,

299 1005 419 1069 sed
452 1027 490 1070 e
520 1007 849 1069 contrario
880 1005 1167 1089 plurima
1196 1007 1284 1071 ab
1317 1007 1445 1071 illis
1490 1008 1672 1072 mala
1702 1010 2202 1075 sustinentibus,
2292 1013 2456 1077 dicit
2488 1023 2716 1081 autem
2791 1027 2821 1094 5

298 1129 436 1172 non
468 1110 712 1174 debere
740 1110 937 1175 aliter
958 1111 1184 1190 docere,
1217 1112 1304 1176 de
1346 1113 1473 1177 illis
1514 1113 1743 1178 dicens
1774 1115 1888 1198 qui
1926 1136 2013 1178 ex
2046 1116 2543 1182 circumcisione
2579 1140 2717 1183 cre-

295 1214 627 1293 diderant,
688 1215 801 1297 qui
862 1224 932 1279 et
994 1215 1206 1302 multa
1263 1217 1454 1298 quasi
1513 1237 1636 1299 pro
1696 1218 1844 1300 lege
1893 1218 2243 1301 loquentes
2296 1241 2413 1283 eos
2460 1223 2573 1304 qui
2624 1242 2714 1290 ex

295 1318 610 1401 gentibus
657 1327 845 1384 erant
887 1318 1128 1383 docere
1180 1320 1658 1386 adnitebantur
1707 1332 1942 1386 contra
1987 1322 2325 1388 christiani
2378 1323 2714 1408 dogmatis

296 1418 560 1486 ritum.*
649 1443 807 1485 nam
849 1432 918 1485 et
965 1423 1032 1486 in
1080 1424 1393 1487 omnibus
1438 1422 1737 1506 epistolis
1783 1424 2197 1508 propemodo
2244 1426 2519 1491 beatum
2564 1431 2713 1513 quis

297 1526 593 1590 inueniet
648 1525 927 1589 Paulum
972 1524 1059 1589 de
1104 1525 1235 1588 illis
1278 1525 1566 1609 plurima
1609 1528 2027 1605 scribentem,
2071 1548 2153 1591 eo
2194 1529 2375 1612 quod
2417 1540 2487 1595 et
2517 1532 2710 1598 multi
2746 1554 2826 1604 10

294 1640 460 1695 tunc
510 1641 716 1707 erant,
778 1630 891 1714 qui
942 1630 1323 1694 huiusmodi
1384 1632 1853 1713 proponebant
1912 1632 2328 1713 doctrinam3
2402 1636 2583 1719 quod
2644 1648 2714 1705 et

295 1739 535 1802 melius
592 1757 992 1820 cognoscere
1047 1738 1196 1821 quis
1253 1738 1515 1820 poterit,
1575 1738 1631 1800 si
1705 1738 2319 1821 interpretationem
2394 1749 2709 1822 nostram,

293 1862 498 1926 quam
560 1842 1047 1925 propemodum
1109 1862 1229 1925 per
1286 1862 1521 1907 omnes
1569 1842 1890 1925 epistolas
1949 1841 2328 1925 explicasse
2386 1844 2710 1924 uidemur,

291 1945 641 2012 decurrere
671 1947 969 2026 uoluerit,
1004 1947 1071 2012 in
1118 1948 1362 2032 quibus
1401 1947 1817 2012 ostendimus
1864 1947 2138 2011 beatum
2178 1945 2458 2011 Paulum
2500 1947 2713 2012 multa

291 2050 382 2114 de
412 2049 516 2114 his
548 2050 751 2114 fuisse
781 2051 1101 2115 locutum.
2746 2063 2818 2132 15

424 2153 641 2239 †nam
673 2157 853 2240 quod
885 2158 1063 2220 dixit
1089 2179 1103 2220 ε
1132 2176 1257 2218 non
1290 2155 1612 2219 intendere
1624 2152 1890 2235 fabulis
1916 2163 1980 2216 et
1988 2152 2386 2238 genealogiis
2416 2153 2712 2236 infinitis,

291 2258 359 2322 in
384 2278 739 2337 commune
757 2261 1030 2343 quidem
1055 2260 1140 2324 de
1161 2260 1471 2323 omnibus
1495 2258 1688 2333 dixit,
1709 2257 2008 2321 maxime
2025 2256 2128 2319 his
2152 2259 2265 2340 qui
2286 2277 2375 2319 ex
2400 2257 2713 2339 gentibus

423 2470 629 2550 δῆλον
671 2467 743 2533 δὲ
786 2466 891 2534 ὅτι
934 2466 1009 2533 τὸ
1055 2469 1160 2535 ‘ina
1203 2465 1603 2553 πΛΡΛΓΓείλῌε
1649 2463 1793 2533 Tucim
1842 2462 1998 2552 περὶ
2040 2467 2174 2530 τῶν
2213 2464 2469 2532 οἰκείων
2511 2464 2712 2550 λέγει·

289 2571 367 2637 οὐ
403 2571 534 2659 γὰρ
573 2572 652 2654 δὴ
692 2577 827 2643 τοῖς
867 2570 1245 2659 ἀλλοτρίοις
1284 2570 1782 2658 παραγγέλλειν
1818 2568 2120 2654 ἠδύνατο,
2158 2566 2538 2637 τούναντίον
2581 2570 2712 2658 γὰρ

292 2675 407 2741 καὶ
454 2674 687 2741 πολλὰ
731 2673 907 2741 κακὰ
956 2673 1275 2758 ὑπέμενον
1320 2671 1478 2760 παρ’
1533 2673 1812 2740 ἐκείνων.
1920 2671 2104 2757 λέγει
2149 2672 2217 2739 δὲ
2261 2673 2418 2762 περὶ
2462 2677 2594 2742 τῶν
2638 2677 2712 2743 ἐκ
2737 2694 2823 2743 20

291 2778 666 2862 περιτομῆς,
728 2773 795 2839 οἳ
846 2773 1061 2841 πολὺν
1122 2774 1287 2863 ὑπὲρ
1348 2780 1466 2841 τοῦ
1527 2773 1728 2859 νόμου
1787 2774 1983 2856 δῆθεν
2054 2773 2435 2860 ποιούμενοι
2489 2776 2712 2863 λόγον,

291 2876 443 2948 τοὺς
501 2876 636 2943 ἀπὸ
697 2878 901 2945 ἐθνῶν
947 2877 1333 2968 ἐπεχείρουν
1383 2876 1725 2945 διδάσκειν
1775 2877 2040 2945 ἐναντία
2086 2883 2204 2944 τοῦ
2244 2885 2713 2969 χριστιανικοῦ

292 2979 635 3064 δόγματος.

420 3084 600 3170 λέγει
629 3086 866 3153 τοίνυν·
927 3088 1168 3154 ’πᾶσιν
1193 3085 1314 3169 μὲν
1342 3085 1747 3174 παράγγελε,
1777 3084 2280 3169 προηγουμένως
2312 3084 2381 3151 δὲ
2409 3090 2545 3158 τοῖς
2576 3085 2709 3154 ἀπὸ

289 3188 512 3268 ἐθνῶν,
549 3187 640 3273 μὴ
686 3190 1048 3279 προσέχειν
1092 3195 1230 3261 τοῖς
1270 3190 1502 3274 μύθοις
1546 3194 1683 3262 τοῖς
1727 3187 1838 3256 ὑπ’
1871 3188 2132 3256 ἐκείνων
2172 3189 2551 3274 λεγομένοις
2595 3191 2709 3258 καὶ
2734 3219 2813 3285 25

391 3377 419 3428 5
454 3365 587 3415 male
627 3365 749 3415 CH
760 3381 826 3417 r:
859 3372 942 3414 tx!
952 3381 995 3430 g
1014 3363 1155 3431 (conj.
1180 3367 1371 3431 Juobi)
1552 3379 1608 3430 17
1644 3382 1777 3416 max.
1808 3366 1888 3416 his
1909 3366 1972 3415 de
1993 3365 2095 3415 illis
2121 3366 2261 3416 (ΡΗ
2292 3382 2423 3416 max.
2452 3372 2621 3417 autem
2642 3367 2708 3417 de

286 3445 388 3496 illis
414 3446 459 3497 C
482 3446 633 3507 (corr)
688 3462 821 3496 max.
845 3447 909 3496 de
931 3447 1032 3496 illis
1064 3462 1115 3496 r:
1150 3463 1220 3497 see
1258 3455 1368 3498 note
1524 3450 1580 3498 18
1617 3446 1772 3498 Coisl.
1805 3463 1915 3511 204,
1942 3448 1977 3499 l.
2004 3464 2045 3497 c.
2181 3464 2244 3510 24
2278 3446 2434 3498 Coisl.
2466 3463 2579 3510 204,
2602 3448 2637 3497 l.
2661 3464 2702 3499 c.

287 3600 429 3650 ‘The
463 3599 567 3665 Ap.
590 3598 693 3649 had
725 3607 815 3650 not
848 3599 1047 3651 studied
1091 3616 1343 3665 grammar
1385 3616 1444 3650 or
1615 3597 1691 3649 16.
1763 3614 1887 3649 nam
1923 3601 2060 3664 quod
2086 3600 2236 3658 dixit,
2272 3600 2388 3662 δια]
2451 3601 2564 3651 The
2598 3601 2700 3653 Gk.

286 3681 517 3741 rhetoric,
546 3696 639 3731 nor
667 3681 757 3730 did
783 3681 849 3731 he
880 3697 963 3732 see
990 3680 1046 3731 fit
1074 3690 1127 3731 to
1155 3683 1287 3733 avan
1311 3681 1440 3732 him·
1543 3697 1705 3731 seems
1733 3688 1788 3731 to
1816 3682 1947 3732 have
1980 3683 2130 3732 been:
2167 3683 2226 3732 τὸ
2257 3684 2357 3745 γὰρ
2394 3688 2408 3710 ‘
2426 3684 2496 3743 μὴ
2535 3682 2703 3747 προστέ-

285 3762 387 3812 sels
411 3761 470 3811 os
496 3761 640 3812 those
672 3769 773 3811 arts
808 3761 860 3811 in
899 3762 987 3813 the
1018 3762 1355 3826 composition
1390 3761 1449 3813 of
1543 3764 1890 3824 χειν’...πᾶσιν
1915 3766 2003 3824 μὲν
2034 3762 2174 3823 λέγει
2203 3764 2332 3812 κατὰ
2361 3763 2531 3821 κοινόν,
2554 3782 2703 3828 προη-

285 3843 366 3893 his
397 3841 636 3907 episuae’
706 3844 890 3908 Comp.
916 3855 953 3895 1.
983 3858 1035 3909 p.
1059 3843 1195 3894 lxvii.
1541 3845 1783 3906 γουμένως
1820 3845 1871 3894 δὲ
1909 3845 2008 3895 τοῖς
2053 3841 2152 3894 ἀπὸ
2196 3840 2361 3905 ἐθνῶν,
2395 3846 2441 3893 οἳ
2473 3846 2572 3896 τοῖς
2616 3844 2701 3896 ὑπ’

350 3941 398 3986 4.
470 3923 849 3989 usurpantibus]
884 3923 964 3973 Cf.
993 3935 1054 3973 11.
1088 3939 1142 3989 p.
1174 3925 1255 3986 38,
1288 3923 1325 3974 1.
1362 3935 1437 3987 15,
1544 3925 1734 3974 ἐκείνων
1795 3927 2072 3986 λεγομένοις
2137 3927 2479 3989 προσέχοντες,
2549 3931 2696 3979 ecs-h.

284 4012 426 4056 note.
1545 4007 1622 4056 Dr
1638 4007 1817 4072 Jacobi
1848 4023 1962 4072 says
2000 4005 2086 4071 (on
2104 4006 2138 4055 1.
2162 4007 2268 4071 16):
2332 4008 2503 4059 “satis
2536 4009 2700 4061 elucet

351 4100 398 4151 9.
466 4101 586 4135 nam
615 4093 663 4136 et
689 4086 750 4137 in
776 4102 910 4137 omn.
938 4085 1160 4151 fistolae,
1188 4084 1306 4148 δια]
1355 4085 1433 4136 cf.
1543 4089 1751 4140 latinum
1774 4089 2001 4139 codicem
2022 4089 2102 4139 his
2124 4089 2248 4140 locis
2281 4105 2395 4140 non·
2417 4091 2698 4145 uersionem

281 4168 368 4219 the
390 4175 678 4232 arguments
700 4174 755 4218 to
772 4168 909 4229 Gal„
932 4166 1080 4228 Phil„
1105 4167 1220 4218 Col.
1259 4168 1437 4232 Chrys.
1540 4170 1629 4218 sed
1651 4170 1973 4237 paraphrasin
2007 4171 2173 4235 graeci
2207 4178 2370 4222 textus
2395 4173 2700 4238 praestare.”

283 4250 357 4300 ad
383 4250 435 4300 Ιι.
453 4251 516 4301 l.:
554 4249 761 4300 ἐνταῦθά.
789 4267 912 4300 τινες
949 4246 1078 4311 ἦσαν
1116 4250 1169 4310 ἐξ
1192 4247 1439 4299 Ἰουδαίων
1544 4252 1637 4316 My
1677 4268 1794 4301 own
1830 4252 2126 4318 impression
2169 4254 2213 4304 is
2255 4254 2365 4305 that
2419 4256 2458 4305 it
2512 4255 2555 4305 is
2610 4257 2697 4307 the

287 4332 691 4398 ψευδαπόστολοι,
726 4333 1012 4396 βουλόμενοι
1046 4333 1195 4381 πάλιν
1232 4332 1316 4381 ἐπὶ
1351 4332 1437 4381 τὸν
1540 4335 1751 4384 catenist
1764 4334 1879 4384 who
1892 4336 1983 4385 has
2000 4336 2242 4401 departed
2257 4336 2386 4387 from
2402 4336 2482 4386 his
2494 4337 2690 4398 author,

285 4414 425 4474 νόμον
458 4414 618 4464 ἕλκειν
648 4414 757 4465 τοὺς
794 4416 1011 4465 πιστούς·
1069 4413 1097 4463 ὃ
1128 4411 1440 4476 πανταχοῦ
1541 4414 1609 4477 by
1637 4414 1984 4481 abbreviating
2015 4415 2102 4467 the
2138 4424 2270 4474 text;
2305 4430 2392 4466 see
2423 4427 2461 4466 1.
2485 4430 2535 4481 p.
2562 4431 2696 4469 xxxv

284 4495 759 4545 τεῒν-ἐπιστολῶν
797 4497 1078 4544 αἰτιᾶται.
1541 4510 1618 4560 sq.
1687 4492 1984 4558 Παράγγελε
2008 4496 2059 4556 (1.
2095 4497 2203 4561 24);
2238 4495 2402 4545 sothe
2424 4503 2618 4546 catena.
