3221 5116
259 391 310 457 I.
356 412 448 477 19,
484 393 615 477 20.]
962 406 1045 455 m
1096 406 1199 457 ΕΡ.
1246 406 1348 456 AD
1396 405 1860 457 TIMOTHEUM
1913 405 1957 454 1.
2595 390 2676 468 83

256 579 497 643 inferre
557 588 785 643 nostro
845 580 1193 643 consueuit
1252 579 1541 655 arbitrie,
1619 600 1700 642 eo
1760 578 1940 660 qu'od
2004 597 2126 639 nec
2191 575 2431 640 Iudam
2488 578 2675 659 praui

254 684 507 747 arbitrii
579 692 931 747 extantem
985 684 1222 748 electio
1294 684 1545 766 aliquid
1609 684 1832 766 potuit
1891 682 2225 746 adiuuare.
2318 684 2677 763 ‘permane

253 808 413 868 ergo
446 787 673 851 firmus
705 789 770 851 in
804 787 1339 870 dogmate—hoc
1370 798 1596 853 autem
1632 788 1812 861 dicit,
1842 786 2303 868 habensfidem
2334 806 2479 848 cum
2511 783 2676 848 bona

256 890 790 953 conscientia—in
847 889 975 952 illis
1021 910 1441 965 conuersanS,
1488 890 1581 953 ita
1628 899 1704 952 ut
1749 909 1871 952 nec
1919 898 1990 952 tu
2041 887 2181 971 ipse
2228 887 2675 951 transducaris

254 1002 323 1056 et
353 993 520 1055 alios
550 994 790 1056 docere
821 1013 955 1056 non
1003 995 1249 1075 pigeaS,
1283 993 1546 1056 etiamsi
1594 1001 1663 1055 te
1704 991 1953 1073 aliquid
2004 992 2143 1073 pati
2191 1012 2311 1073 pro
2359 990 2485 1052 illis
2517 1011 2672 1053 con·
2747 1004 2779 1070 5

253 1096 527 1159 uenerit.
616 1095 743 1158 hoc
792 1097 967 1158 enirn
1021 1113 1341 1177 magnum
1402 1095 1523 1157 tibi
1586 1094 1966 1176 prouidebit
2027 1095 2338 1156 iuuamen
2401 1102 2470 1157 et
2517 1114 2674 1158 con·

253 1207 607 1281 sequenter
652 1199 923 1281 eligenti
970 1200 1137 1262 istae
1182 1198 1472 1280 gratiae.'
1562 1208 1631 1261 et
1676 1199 2039 1262 ostendens
2071 1207 2325 1280 quanta
2367 1199 2453 1261 sit
2496 1199 2676 1260 noci-

250 1302 497 1380 bilitas,
531 1303 584 1365 si
618 1323 753 1366 non
786 1304 1032 1367 bonam
1068 1325 1226 1386 erga
1255 1304 1577 1386 dogmata
1606 1303 1914 1366 habuerit
1946 1302 2439 1378 conscientiam,
2474 1303 2605 1365 ait:

382 1474 578 1535 quam
609 1453 875 1536 quidam
907 1454 1260 1537 repellentes
1286 1431 1441 1539 ergn
1453 1455 1666 1539 fidem
1697 1455 2287 1538 naufragauerunt.

386 1582 963 1646 inconuenientem
1010 1584 1283 1666 quidem
1321 1585 1407 1648 de
1452 1584 1580 1648 illis
1623 1584 2101 1647 conscientiam
2145 1581 2487 1659 habenteS,
2532 1603 2672 1645 sus·
2707 1598 2785 1645 10

251 1685 575 1768 cipientes
606 1705 764 1748 uero
795 1685 1324 1749 aduersariorum
1357 1687 1748 1763 doctrinam,
1771 1695 1967 1749 extra
1992 1685 2194 1749 fidem
2228 1694 2387 1749 sunt
2419 1685 2674 1763 effecti3

251 1809 374 1871 per
421 1799 643 1870 partes
690 1799 917 1854 autem
966 1791 1150 1854 dubii
1202 1801 1535 1870 extante5‚
1581 1791 1667 1854 ab
1721 1792 1905 1854 omni
1960 1800 2116 1854 sunt
2161 1791 2412 1873 pietate
2457 1791 2671 1853 exteri

250 1893 710 1958 demonstrati.
795 1903 868 1958 et
925 1903 1001 1958 ut
1062 1895 1276 1958 maius
1322 1916 1474 1958 eum
1535 1897 1601 1959 in
1658 1897 1897 1959 timore
1951 1896 2225 1976 redigat,
2276 1894 2670 1957 nominatim

250 2005 662 2069 memoratus
692 2006 795 2060 est
824 2018 1052 2060 eorum
1084 1997 1197 2080 qui
1230 1998 1396 2061 tales
1428 1998 1709 2075 suerunt,
1745 2019 1914 2081 quos
1948 1999 2051 2061 uel
2087 1998 2390 2061 maxime
2420 1996 2674 2061 sciebat

246 2107 516 2182 praeter
545 2109 799 2164 ceteros
832 2101 899 2163 in
931 2101 1219 2165 deterius
1252 2103 1568 2185 serpsisse
1597 2126 1610 2165 ε
2708 2113 2778 2178 15

375 2254 456 2296 ex
480 2233 709 2315 quibus
736 2242 832 2298 est
861 2232 1128 2316 (inquit)
1160 2233 1574 2315 Hymenaeus
1603 2244 1666 2297 et
1692 2234 2086 2298 Alexander.

250 2370 322 2425 et
352 2361 512 2443 quid
545 2360 630 2423 de
662 2360 790 2424 illis
820 2369 1086 2443 gestum
1121 2372 1222 2425 est
1250 2361 1273 2425 ?

382 2516 539 2579 quos
569 2495 826 2584 tradedi
854 2498 1147 2562 Satanae
1176 2508 1253 2560 ut
1278 2497 1535 2561 deveant
1562 2518 1688 2561 non
1720 2497 2164 2581 blasphemare.

385 2627 541 2670 nam
589 2608 767 2690 quod
831 2607 1031 2670 dicit:
1092 2607 1352 2670 tradidi
1396 2605 1705 2685 Satanae,
1752 2606 1878 2670 hoc
1925 2614 2045 2683 est,
2097 2605 2509 2670 ‘abalienaui
2557 2623 2671 2666 eos

2081 2760 2107 2810 7
2142 2747 2326 2811 eligent
2357 2748 2401 2795 C
2413 2748 2480 2795 H
2487 2744 2552 2810 νΙ
2583 2762 2670 2795 no-

2132 2841 2189 2890 15
2225 2828 2476 2893 scripsisse
2506 2829 2551 2877 C
2565 2829 2671 2877 Ην

353 2763 379 2797 2
414 2763 703 2812 permanere
726 2765 758 2797 r
915 2747 946 2797 6
979 2747 1211 2797 inuauem
1240 2747 1391 2797 C*H
1410 2745 1418 2813 Ι
1447 2756 1836 2812 consequentem
1857 2749 1925 2797 H

246 2829 418 2878 bilitas
445 2830 490 2877 C
498 2829 566 2878 H
618 2828 906 2893 ignobilitas
926 2844 958 2876 r
1291 2831 1322 2877 8
1356 2829 1590 2893 dogmate
1619 2828 1689 2878 C*
1715 2830 1782 2877 H

252 2909 314 2959 16
351 2910 643 2974 Hymenius
670 2911 715 2960 C
912 2924 972 2974 19
1004 2909 1218 2959 alienaui
1247 2909 1333 2959 Cr
1352 2909 1413 2971 [1.
1427 2916 1484 2974 p.
1515 2925 1625 2975 149,
1647 2911 1684 2959 l.
1711 2923 1757 2973 7,
1783 2910 1912 2972 note]

246 3029 335 3092 τῆς
378 3034 589 3094 ἐκλογῆς
624 3032 803 3081 σαυτὸν
839 3032 969 3091 ἄξιον
1016 3033 1284 3092 ἀποφῆναι,
1331 3033 1412 3079 καὶ
1508 3031 1609 3080 and
1639 3030 2002 3081 conscientious
2035 3030 2177 3093 saith,
2220 3047 2275 3081 as
2315 3030 2356 3081 if
2394 3031 2562 3080 πίστιν
2593 3034 2673 3081 καὶ

245 3115 355 3166 ταῖς
379 3113 692 3177 προφητείαις
713 3113 947 3161 ἐπιθεῖναι
968 3111 1027 3160 τὸ
1050 3112 1217 3174 πέρας.
1511 3109 1705 3172 ἀγαθήν
1756 3129 1863 3161 συν.
1889 3134 1934 3155 --
1959 3113 2124 3163 xlm-w
2169 3109 2261 3172 τὴν
2294 3111 2402 3161 κατ’
2440 3114 2523 3173 ἀγ.
2564 3129 2667 3161 συν.

317 3208 363 3256 5.
424 3192 616 3257 pigeas]
676 3191 758 3242 Cf.
796 3204 834 3240 1.
870 3208 923 3256 p.
967 3206 1045 3254 23,
1086 3192 1120 3241 1.
1174 3204 1218 3253 5,
1268 3199 1403 3242 note.

248 3275 353 3324 For
395 3275 635 3324 iuuamen
678 3273 734 3336 (1.
758 3273 826 3337 6),
871 3289 953 3323 see
994 3273 1217 3332 Ronsch,
1252 3274 1402 3334 Itala,

248 3373 302 3422 p.
343 3371 403 3420 27
423 3374 440 3416 3
485 3357 585 3406 and
618 3356 696 3406 for
734 3356 1024 3412 nocibilitas,
1059 3371 1105 3406 v.
1149 3362 1319 3419 supra,
1365 3366 1402 3403 1.

248 3454 298 3503 p.
326 3450 403 3501 27,
426 3438 463 3487 1.
490 3452 569 3501 ²7·

312 3518 362 3568 6.
430 3525 477 3567 et
504 3526 841 3583 consequenter
858 3517 1074 3581 digena]
1126 3519 1213 3577 Et,
1242 3516 1408 3566 which

246 3615 407 3649 seems
445 3598 769 3663 superfluous,
808 3598 900 3647 has
930 3598 1156 3663 possibly
1179 3600 1303 3648 been
1331 3598 1406 3647 in·

246 3679 413 3731 serted
440 3679 566 3729 aster
593 3680 678 3729 the
708 3680 803 3729 last
829 3679 1039 3743 syllable
1073 3680 1131 3729 os
1157 3680 1262 3743 elzgr.
1304 3679 1407 3728 had

247 3760 595 3826 disappeased.
669 3762 746 3811 Dr
764 3762 944 3826 Jacobi
966 3761 1277 3825 conjectures
1297 3777 1405 3810 con-

244 3848 497 3905 sequenter
546 3841 715 3891 uiuere
772 3843 966 3905 eligent.
1047 3844 1179 3892 Istae
1234 3844 1275 3892 is
1319 3845 1404 3894 the

244 3925 443 3976 archaic
465 3926 570 3976 dat.
594 3925 626 3974 s.
640 3941 657 3985 ς
691 3941 774 3976 see
815 3925 1155 3983 Hildebrand,
1179 3928 1337 3990 Apul.
1366 3938 1403 3974 1.

242 4019 298 4068 p.
328 4002 435 4055 186.

312 4097 360 4148 9.
430 4097 549 4146 erga
565 4082 918 4148 fidem1=rep2
935 4082 1225 4146 τὴνπίοτιν.
1268 4081 1335 4132 O.
1346 4081 1403 4132 L.

241 4163 345 4212 and
389 4163 566 4228 Vulg„
618 4163 805 4214 “cirea
852 4162 920 4213 f.”
1010 4163 1088 4213 Cf.
1141 4176 1179 4213 1.
1238 4178 1289 4228 p.
1353 4178 1399 4223 α,

241 4246 259 4295 ¹
306 4261 387 4378 ΪΞ.
449 4326 608 4377 incon.
637 4343 719 4391 qu.
751 4326 810 4377 de
840 4327 944 4377 illis
975 4344 1125 4382 conse.
1160 4327 1405 4389 habentes]

240 4411 344 4459 Le.
365 4408 429 4458 de
451 4408 787 4473 dogmatibus.
856 4410 954 4459 Th.
978 4425 1189 4475 appears
1212 4417 1265 4459 to
1288 4425 1403 4459 con-

239 4494 341 4544 fine
357 4493 628 4555 συνείδησις
650 4492 703 4543 in
725 4491 822 4543 this
848 4507 1057 4556 passage
1084 4500 1138 4540 to
1160 4508 1191 4541 a
1214 4490 1402 4541 sincere

1508 3194 1689 3256 Chrys».
1723 3194 1824 3243 and
1854 3194 2010 3244 Thdt.
2034 3194 2180 3243 think
2204 3196 2368 3244 rather
2395 3193 2453 3244 of
2480 3194 2565 3243 the
2595 3193 2669 3243 in-

1509 3275 1910 3340 terdependence
1942 3277 2001 3326 of
2025 3276 2153 3325 saith
2184 3276 2287 3326 and
2319 3292 2350 3325 a
2381 3276 2516 3341 good
2552 3276 2670 3333 life;

1509 3356 1826 3419 συνεζεῦχθαι
1868 3354 1962 3419 γὰρ
2004 3352 2241 3418 προσήκει
2277 3356 2343 3416 τῇ
2383 3356 2544 3404 πίστει
2589 3357 2671 3404 καὶ

1506 3435 1591 3485 τὸν
1613 3438 1947 3494 ἐπαινούμενον
1965 3437 2087 3500 βίον,
2111 3453 2223 3500 says
2247 3437 2332 3487 the
2354 3438 2516 3497 latter,
2544 3437 2668 3485 add-

1507 3516 1596 3581 ing
1638 3532 1758 3580 very
1801 3518 1959 3582 truly:
2009 3517 2257 3581 ὐποβάθρα
2301 3514 2396 3580 ’γὰρ
2435 3515 2670 3567 πολλάκις

1505 3600 1592 3657 τῆς
1632 3599 1856 3660 ἀσεβείας
1892 3595 1920 3648 ὁ
1959 3595 2297 3661 διεφθαρμένος
2336 3600 2455 3661 βίος.
2530 3598 2668 3661 Only

1507 3678 1778 3727 Primasius
1826 3677 1987 3727 shews
2036 3693 2174 3727 some
2225 3684 2359 3727 trace
2414 3678 2473 3727 of
2521 3678 2668 3728 Th.’s

1504 3759 1662 3808 view:
1711 3759 1930 3807 “bonam
1973 3775 2145 3814 conse..
2185 3759 2236 3807 in
2270 3759 2660 3819 conuersatione,

1504 3840 1633 3889 siue
1667 3839 1995 3891 doctrina.'’

1548 3938 1552 3943 ’
1574 3938 1650 3972 1².
1711 3930 1810 3986 per
1834 3928 2003 3986 partes
2034 3928 2198 3970 autem
2222 3922 2382 3982 dubit]
2446 3924 2459 3947 ⁴
2480 3920 2666 3970 Partial

1504 4002 1803 4068 seeptieism,
1832 4002 1979 4052 when
2014 4002 2243 4062 allowed,
2271 4002 2315 4051 is
2342 4010 2430 4067 apt
2458 4010 2512 4051 to
2545 4002 2663 4051 land

1505 4102 1623 4136 men
1645 4092 1697 4134 at
1719 4085 1814 4133 last
1837 4084 1889 4133 in
1913 4085 2039 4133 total
2063 4082 2322 4134 unbelief.’
2535 4087 2542 4092 “

1576 4179 1652 4226 13.
1721 4163 2154 4227 mat‘us]=rnagis;
2190 4163 2253 4214 cf.
2281 4177 2342 4214 11.
2367 4181 2418 4230 p.
2445 4183 2492 4227 4,
2521 4165 2555 4215 1.
2587 4178 2658 4227 15.

1504 4247 1657 4296 Mem.
1685 4251 1756 4294 est
1774 4259 1956 4303 eorum,
1987 4255 2048 4292 11.
2074 4260 2124 4309 p.
2161 4244 2240 4304 62,
2269 4246 2301 4293 l.
2338 4260 2411 4308 13,
2431 4253 2565 4294 note.

1574 4324 1649 4374 16.
1718 4324 2052 4388 Hymenaeus]
2137 4326 2172 4350 ‘⁶
2191 4324 2527 4390 Hymeniu3‚”
2577 4325 2662 4375 the

1503 4406 1710 4470 reading
1739 4405 1798 4455 of
1819 4405 1873 4464 C,
1911 4420 2083 4455 occurs
2115 4404 2220 4455 also
2251 4407 2302 4455 in
2332 4406 2459 4456 Cod.
2489 4406 2662 4456 Amia-

1503 4488 1654 4537 tinus.

2316 4592 2485 4652 6—2
