3221 5116
20 1346 27 1981 ττ--ῇ-τΤ--ήν-ᾓ-ᾼἺὴ-ή-μ-ή
20 1316 21 1331 ᾼ

22 2815 25 2940 *ffir—
20 2457 25 2728 „W—v-

470 454 475 461 .
527 409 608 474 72
1169 407 1627 458 ‘rflssoooRUS
1674 406 2258 458 MOPSUESTENUS
2772 391 2854 476 [1.
2882 409 2953 470 4.

527 590 721 660 sunt3
777 581 889 664 qui
932 578 1352 643 intendentes
1401 579 1528 642 illis
1567 599 1742 661 quae
1780 599 1821 642 a
1863 577 2131 642 Iudaeis
2182 576 2590 653 dicebantur,
2630 597 2831 660 saepe
2875 578 2947 640 in

527 685 848 767 dogmate
884 682 1155 765 pietatis
1192 682 1412 745 noceri
1460 681 1875 745 uidebantur.
1967 681 2148 764 quod
2197 692 2266 746 et
2315 681 2598 746 Galatae
2647 682 2951 763 perpessi

530 787 730 850 fuisse
772 784 1213 861 inueniuntur,
1257 785 1372 866 qui
1416 805 1568 847 cum
1610 784 2037 848 obseruantia
2076 793 2446 850 ceterorum
2489 806 2662 869 quae
2699 786 2766 848 in
2798 784 2952 868 lege

530 889 790 954 fuerant
810 887 1103 963 definita,
1126 889 1329 950 etiam
1355 906 1477 950 nec
1507 909 1547 951 a
1579 888 2079 952 circumcisione
2097 909 2167 952 se
2188 889 2643 954 cohibuerunt.
2701 910 2952 972 genea-

464 998 495 1064 5
533 995 726 1077 logiis
756 1013 914 1057 uero
939 1012 1053 1056 eos
1077 993 1419 1055 intendere
1452 994 1726 1056 minime
1756 994 2109 1056 conuenire
2140 994 2372 1071 edixit,
2400 1016 2479 1057 eo
2503 995 2684 1077 quod
2713 993 2951 1057 Iudaei

530 1109 688 1162 tunc
714 1096 992 1160 multam
1017 1096 1493 1179 expendebant
1517 1097 2030 1161 sollicitudinem
2057 1108 2133 1162 ut
2155 1102 2585 1165 ostenderent
2604 1101 2950 1166 Christum

530 1221 663 1264 non
696 1199 1169 1282 promissorum
1215 1199 1560 1282 sequentia
1600 1220 1691 1263 ex
1737 1200 2086 1264 Abraham
2130 1211 2199 1266 et
2243 1203 2466 1268 Dauid
2500 1204 2950 1275 descendisse,

528 1316 596 1369 et
637 1313 904 1387 propter
948 1302 1074 1367 hoc
1119 1304 1591 1369 adnitebantur
1634 1306 1837 1369 etiam
1884 1307 2235 1388 progenies
2272 1314 2529 1369 ueteres
2573 1306 2948 1381 memorari,

529 1411 824 1474 dicentes
877 1411 1444 1492 quemadmodum
1499 1411 1609 1475 ille
1671 1422 1855 1475 ortus
1910 1421 2014 1476 est
2057 1431 2148 1475 ex
2195 1412 2325 1487 ino,
2371 1410 2950 1494 quemadmodum

423 1521 502 1567 10
532 1535 687 1578 uero
735 1513 844 1577 ille
884 1514 972 1577 ab
1006 1514 1121 1576 illo
1171 1526 1367 1578 natus
1416 1527 1561 1595 est;
1608 1536 1699 1581 ex
1745 1516 1988 1600 quibus
2034 1517 2238 1601 etiam
2283 1515 2529 1580 multos
2559 1513 2949 1579 conturbari

527 1618 878 1682 eueniebat
922 1638 1011 1680 ex
1059 1617 1186 1680 illis
1232 1617 1338 1681 uel
1386 1620 1686 1683 maxime
1731 1620 1844 1702 qui
1891 1640 1980 1683 ex
2017 1620 2327 1702 gentibus
2365 1619 2800 1694 crediderant,
2828 1620 2948 1700 qui

528 1721 690 1785 nihil
738 1721 1117 1784 cautissime
1170 1741 1258 1783 ex
1321 1723 1614 1805 antiquis
1675 1721 1858 1786 libris
1910 1722 2074 1785 scire
2123 1731 2494 1803 potuerant.
2587 1721 2729 1785 ‘his
2784 1742 2948 1803 ergo

527 1826 891 1907 praecipito
945 1824 1108 1906 (ait),
1164 1833 1239 1888 ut
1295 1825 1711 1907 genealogiis
1760 1845 1895 1888 non
1950 1822 2335 1889 intendant.’
2425 1845 2595 1908 quas
2650 1824 2822 1887 bene
2878 1836 2951 1889 et

529 1927 893 1992 ‘infinitas’
935 1949 1082 1991 esse
1123 1929 1355 2005 edixit,
1404 1950 1486 1993 eo
1529 1930 1710 2012 quod
1758 1929 1849 1992 illi
1896 1931 2009 2012 qui
2056 1929 2216 1993 talia
2255 1930 2599 2012 explicant
2632 1940 2951 2012 poterant

422 2035 493 2100 15
528 2033 731 2095 modo
782 2029 889 2095 hic
943 2032 1145 2095 modo
1199 2030 1331 2094 illic
1377 2052 1570 2095 suum
1615 2041 1871 2095 uertere
1910 2052 2303 2107 sermonem,
2350 2042 2419 2096 et
2460 2053 2634 2096 nunc
2671 2033 2948 2116 quidem

525 2205 670 2270 ταῖς
713 2198 1202 2284 *γενεαλογίαιςῖ
1268 2199 1536 2283 πολλὴν
1575 2199 1707 2289 γὰρ
1752 2202 2095 2272 ἐποιοῦντο
2138 2200 2258 2285 τὴν
2302 2199 2605 2281 σπουδὴν
2633 2204 2748 2267 τοῦ
2781 2199 2949 2267 δεικ-

527 2301 714 2369 νύναι
756 2300 873 2368 τὸν
916 2301 1216 2390 Χριστὸν
1262 2303 1379 2373 οὐκ
1426 2302 1800 2375 ἀκολούθως
1845 2310 1991 2375 ταῖς
2035 2304 2468 2389 ἐπαγγελίαις
2512 2306 2588 2389 ἐξ
2627 2303 2951 2392 Ἀβραὰμ

526 2403 642 2471 καὶ
687 2404 914 2485 Δαβὶδ
958 2406 1297 2491 «γεγονότα,
1344 2405 1458 2473 καὶ
1518 2406 1630 2473 διὰ
1688 2411 1883 2473 τοῦτο
1935 2408 2324 2498 ἐπεχείρουν
2374 2407 2489 2473 καὶ
2536 2406 2624 2472 τὰ
2661 2406 2816 2489 ’γένη
2862 2406 2950 2473 τὰ

527 2507 800 2576 παλαιά
852 2509 1223 2595 διηγεῖσθαι
1267 2509 1476 2593 δῆθεν·
1573 2510 1690 2600 ἀφ’
1754 2510 1844 2578 ὧν
1903 2509 1978 2593 δὴ
2023 2508 2320 2581 πολλοὺς
2370 2513 2503 2578 τῶν
2550 2509 2685 2577 άπὸ
2745 2509 2951 2577 ἐθνῶν
2999 2550 3004 2555 -

416 2630 504 2678 20
527 2610 1069 2678 πεπιστευκότων
1111 2614 1634 2699 παρετάραττον,
1673 2614 1856 2681 οὐδὲν
1901 2619 2035 2681 τῶν
2072 2617 2380 2682 παλαιῶν
2420 2614 2715 2701 ἀκριβῶς
2756 2615 2950 2680 ἐπισ-

529 2712 839 2796 ταμένων.
950 2717 1172 2786 καλῶς
1226 2713 1295 2781 δὲ
1346 2714 1550 2787 αὐτὰς
1596 2716 1711 2781 καὶ
1741 2724 1756 2748 ‘
1776 2715 2182 2803 ἀπεράντους
2200 2714 2217 2738 ’
2278 2713 2613 2793 ἐκάλεσεν,
2672 2714 2759 2786 ὥς
2817 2717 2949 2780 τῶν

530 2815 642 2884 ἐπὶ
685 2814 772 2882 τὰ
812 2819 1086 2883 τοιαῦτα
1131 2817 1577 2906 ἐκφερομένων
1624 2817 1997 2901 δυναμένων
2026 2816 2182 2904 τῇδε
2210 2816 2479 2884 κάκεῖσε
2505 2815 2950 2905 περιάγεσθαι

635 2987 654 3021 1
693 2968 1064 3020 intendentibus
1085 2985 1117 3018 r

538 3053 582 3101 C
594 3068 628 3101 r
819 3065 867 3113 5.
897 3065 955 3113 14
989 3049 1113 3102 dixit
1136 3066 1169 3100 r

532 3133 668 3200 cipio
692 3133 758 3181 H

601 3294 646 3337 4.
719 3289 803 3322 nec
844 3289 877 3322 α
915 3273 1277 3324 circumcisione
1302 3290 1371 3323 ..re
1409 3274 1539 3336 coh]
1607 3274 1690 3324 Cf.

543 3369 581 3405 1.
600 3372 653 3420 p.
680 3371 724 3414 α,
750 3355 785 3404 1.
812 3368 873 3418 23
891 3371 968 3419 sq.

602 3455 649 3502 5.
728 3453 781 3487 eo
849 3436 1344 3501 quod...descendisse]
1418 3438 1566 3488 Cited
1624 3439 1690 3503 by

538 3520 804 3580 Lansrane,
835 3519 957 3569 with
997 3519 1083 3569 the
1116 3519 1355 3568 omission
1393 3519 1451 3569 of
1474 3521 1688 3584 prome&-

532 3618 700 3654 sorum
725 3601 988 3666 sequentia,
1016 3600 1118 3650 and
1143 3601 1228 3650 the
1256 3607 1458 3665 strange
1492 3616 1689 3665 perver-

533 3687 645 3736 sion
675 3687 829 3733 “non
851 3699 913 3733 ex
936 3683 1195 3732 Abraham
1219 3682 1307 3731 sed
1327 3699 1387 3732 ex
1411 3681 1634 3731 Dauid.”

600 3763 647 3814 6.
714 3770 775 3813 ut
805 3764 1108 3813 ostenderent
1139 3762 1399 3812 Christum
1433 3778 1549 3822 non,
1576 3763 1691 3825 δια]

535 3846 711 3910 Chrys.
740 3845 1000 3894 attributes
1029 3851 1082 3893 to
1113 3843 1254 3893 these
1288 3844 1625 3909 genealogists
1660 3861 1692 3895 a

535 3930 632 3978 less
667 3927 877 3990 directly
898 3925 1165 3990 polemical
1196 3926 1390 3990 object:
1444 3926 1524 3974 ἵνα
1551 3923 1693 3979 δῆθεν

533 4010 779 4071 ἐμπειρίας
796 4008 986 4067 πολλῆς
998 4008 1077 4055 καὶ
1094 4008 1307 4069 ἱστορίας
1330 4008 1473 4067 δόξαν
1497 4009 1691 4068 ἔχωσιν.

535 4089 690 4139 Thdt.
727 4088 1035 4137 endeavours
1058 4094 1112 4135 to
1134 4087 1370 4137 combine
1404 4088 1492 4138 the
1521 4088 1692 4151 expla-

534 4167 733 4217 natione
757 4165 816 4214 os
833 4166 1011 4228 Chrys.
1034 4166 1134 4215 and
1157 4167 1281 4227 Th.;
1316 4170 1359 4216 ol
1381 4169 1434 4227 ἐξ
1449 4167 1695 4218 Ἰουδαίων

534 4247 907 4297 πεπιστευκότες
943 4247 1023 4295 ἐπὶ
1051 4242 1116 4307 τῇ
1143 4245 1322 4308 γνώσει
1357 4250 1443 4309 τῆς
1478 4252 1694 4302 παλαιᾶς

535 4327 762 4391 διαθήκης
794 4327 927 4389 μέγα
961 4325 1241 4391 φρονοῦντες
1277 4328 1531 4390 ζητήματα
1569 4329 1696 4381 ἅττα

532 4412 630 4461 τοῖς
676 4410 730 4469 ἐξ
772 4406 919 4457 ἐθνῶν
961 4406 1338 4458 πεπιστευκόσιν
1377 4409 1692 4473 προσέφερον,

532 4493 757 4556 ἐλέγχειν
776 4492 866 4551 μὲν
887 4488 1056 4541 αὐτοὺς
1080 4490 1141 4540 ὡς
1161 4489 1403 4551 ἀμυήτους
1426 4488 1521 4540 τῶν
1552 4495 1694 4542 θείων

1327 2985 1355 3019 2
1390 2984 1569 3019 nocere
1614 2971 1659 3019 C
1689 2970 1756 3019 H
1776 2984 1828 3020 r:
1874 2977 1955 3019 txt
1985 2971 2107 3035 conj.
2127 2968 2309 3034 jacobi

1343 3065 1376 3117 9
1410 3059 1556 3102 natus
1581 3049 1701 3114 (sor
1730 3052 1886 3111 ortus)
1910 3050 1979 3100 H

2516 2984 2546 3033 3
2579 2968 2947 3019 observantiam

2155 3064 2209 3099 η
2245 3056 2474 3115 poterant
2493 3065 2525 3098 r
2715 3064 2772 3113 13
2807 3063 2949 3113 prae·

1794 3275 1972 3335 λογίων
1989 3275 2287 3338 πειρώμενοι,
2306 3273 2571 3334 φυλάττειν
2584 3274 2636 3322 δὲ
2653 3273 2742 3332 τὴν
2754 3275 2951 3334 νομικὴν

1793 3357 2045 3404 πολιτείαν
2063 3358 2378 3418 παραπείθειν
2394 3355 2758 3415 ἐπιχειροῦντες.
2801 3354 2947 3404 οὕτως

1792 3436 1872 3483 καὶ
1902 3436 1987 3488 τὰς
2017 3436 2068 3494 ἐξ
2098 3433 2323 3497 ’Δβραὰμ
2349 3435 2428 3482 καὶ
2457 3435 2611 3496 Δαβὶδ
2635 3435 2950 3494 γενεαλογίας

1792 3515 2071 3579 κατέλεγον,
2101 3513 2377 3580 ἐρευνῶντες
2411 3517 2556 3575 δῆθεν
2587 3519 2631 3564 εἰ
2671 3517 2864 3577 ἀληθῶς
2895 3518 2949 3566 ἐκ

1789 3601 1971 3649 τούτων
2012 3598 2039 3647 ὀ
2085 3599 2239 3659 κύριος
2292 3598 2420 3647 κατὰ
2459 3598 2615 3658 σάρκα
2669 3596 2946 3660 γεγένηται.

1791 3679 1903 3730 The
1926 3678 2272 3730 Antiochenes
2293 3693 2428 3728 seem
2442 3687 2531 3728 not
2546 3686 2600 3728 to
2616 3678 2743 3728 have
2760 3678 2947 3728 known

1791 3778 1850 3811 or
1870 3771 1923 3812 to
1955 3762 2085 3812 have
2115 3760 2331 3827 rejected
2372 3761 2457 3812 the
2488 3761 2630 3811 older
2656 3761 2947 3826 interpreta-

1791 3844 1899 3893 tion
1922 3842 2087 3893 which
2122 3858 2226 3892 saw
2258 3842 2312 3892 in
2346 3859 2446 3903 γεν.
2495 3840 2773 3902 ἀπεράντως
2806 3857 2838 3891 ιι
2876 3858 2947 3892 re·

1794 3925 1990 3974 serence
2013 3933 2066 3974 to
2091 3925 2280 3974 Essene
2302 3939 2359 3973 or
2381 3922 2519 3987 early
2541 3922 2754 3973 Gnostic
2776 3937 2945 3987 specu-

1792 4007 1977 4057 lations
2003 4007 2157 4068 (Iren.
2177 4005 2560 4071 i.praefi,Tert.
2587 4006 2647 4053 de
2657 4012 2873 4068 praescr.
2900 4017 2941 4069 7.

1798 4088 1897 4152 33).
1964 4088 2144 4152 Chrys.
2178 4087 2412 4138 however
2434 4087 2476 4136 is
2497 4085 2612 4136 hals
2634 4087 2871 4151 disposed
2897 4095 2949 4138 to

1794 4171 1993 4220 include
2025 4171 2113 4220 the
2136 4171 2396 4235 pedigrees
2428 4169 2488 4220 os
2513 4169 2717 4220 Gentile
2755 4170 2948 4233 mytho·

1794 4252 1942 4316 logy=
1982 4253 2114 4311 οἶμαι
2139 4254 2192 4302 δὲ
2214 4253 2291 4302 καὶ
2310 4250 2556 4311 Ἕλληνας
2577 4252 2722 4300 αὐτὸν
2743 4251 2950 4301 ἐνταῦθα

1795 4333 2217 4384 αἱνίττεσθαι...ὡς
2262 4333 2371 4383 τοὺς
2412 4332 2547 4384 0001>ae
2596 4329 2757 4381 αὐτῶν
2808 4349 2949 4382 κατα-

1795 4415 2057 4477 λεγόντων.
