3221 5116
505 398 577 443 12
1164 396 1621 448 THEODORUS
1668 395 2252 449 MOPSUESTENUS
2539 384 2658 467 [II.
2689 402 2849 466 9—1
2871 400 2919 448 r.

495 584 667 649 quae
711 565 882 629 filios
927 588 1082 630 suos
1128 569 1353 644 nutrit,
1398 578 1467 634 et
1510 568 1638 633 hoc
1686 569 2031 633 euidenter
2074 571 2370 633 ostendit
2414 591 2533 653 per
2584 570 2696 633 illa
2746 590 2920 652 quae

496 669 739 733 adiecit
769 671 1015 747 dicenS,
1047 670 1114 733 si
1121 672 1360 753 foueat
1367 672 1558 755 filios
1583 693 1749 737 suos.
1839 674 2085 736 deinde
2116 684 2183 736 et
2214 675 2396 756 quod
2430 677 2645 757 magis
2677 697 2919 759 augere

496 773 635 834 eius
669 783 931 854 poterat
961 774 1421 848 intentionem,
1455 795 1535 838 eo
1567 776 1749 857 quod
1781 775 1944 838 nihil
1986 777 2073 839 ab
2105 776 2233 840 illis
2266 777 2565 860 accipere
2595 778 2918 843 uoluerit:

618 968 929 1011 memores
955 969 1030 1010 en
1037 948 1126 1011 im
1155 949 1322 1025 estis,
1340 950 1616 1031 fratres,
1649 950 1889 1014 laboris
1917 950 2129 1013 nostri
2152 961 2216 1014 et
2244 950 2696 1026 lassz'tudz'nzs‚·
2749 963 2920 1015 nocte

432 1063 461 1127 5
492 1046 664 1110 enim
693 1058 756 1110 et
782 1048 887 1110 die
915 1059 1241 1130 operantes
1269 1051 1365 1113 ad
1391 1051 1518 1128 lzoc,
1549 1062 1628 1115 ut
1665 1073 1742 1114 ne
1776 1073 2138 1134 gravemus
2175 1074 2560 1135 quemquam
2605 1063 2914 1128 uestrum,

483 1148 1012 1229 praedicauimus
1045 1148 1141 1233 [in
1172 1151 1374 1234 uobis]
1407 1154 1815 1236 euangelium
1846 1153 1993 1218 Dei.
2046 1235 2052 1241 ι

626 1276 841 1340 ‘scitis
888 1287 954 1341 et
1001 1278 1124 1359 ipsi
1172 1290 1496 1361 quantum
1559 1282 1991 1356 sustinuimus
2039 1282 2352 1358 laborem,
2399 1293 2472 1346 ut
2532 1303 2617 1345 ne
2675 1302 2912 1363 graues

491 1377 683 1440 uobis
743 1397 887 1442 esse
947 1380 1323 1444 uideremur
1380 1403 1500 1465 pro
1562 1392 1790 1446 nostra
1860 1385 2270 1448 necessitate.
2390 1384 2913 1466 persistebamus

492 1483 689 1559 enim,
734 1494 802 1546 et
862 1504 995 1547 non
1042 1484 1256 1547 solum
1319 1486 1386 1548 in
1441 1486 1551 1548 die
1612 1507 1768 1568 erga
1827 1497 2118 1549 uestram
2173 1487 2546 1549 doctrinam
2601 1486 2909 1565 occupari

390 1606 467 1652 10
494 1588 900 1662 uidebamur,
949 1609 1069 1650 nec
1115 1597 1498 1669 poteramus
1543 1609 1662 1669 per
1707 1598 1920 1652 totum
1983 1589 2162 1651 diem
2209 1590 2392 1669 operi
2454 1589 2770 1662 insistere,
2818 1587 2912 1649 ita

490 1696 559 1751 et
606 1698 683 1751 ut
731 1688 1025 1752 sufficere
1068 1689 1260 1751 nobis
1302 1689 1788 1770 potuissemus!
1879 1698 1947 1752 et
1991 1709 2111 1771 pro
2149 1689 2462 1752 omnibus
2501 1688 2603 1751 his
2645 1687 2908 1749 illorum
3000 1732 3006 1737 -

492 1790 784 1873 ipsorum
817 1791 1024 1853 utitur
1054 1791 1436 1855 testimonio
1468 1800 1535 1854 et
1569 1791 1698 1854 Dei
1727 1816 1741 1855 ι

622 1979 738 2021 uos
782 1958 1046 2042 (inquit)
1099 1969 1282 2023 testes
1326 1959 1481 2022 estis
1524 1969 1588 2023 et
1632 1959 1828 2036 Deus,
1860 1981 2057 2043 quam
2087 1971 2302 2025 sancte
2344 1971 2409 2025 et
2454 1961 2621 2025 iuste
2667 1972 2732 2025 et
2771 1960 2912 2024 sine

488 2059 743 2141 querela
816 2061 997 2125 uobis
1066 2062 1185 2144 qui
1253 2060 1622 2124 credidzstzs
1676 2063 1987 2144 suz'mus,·
2066 2063 2237 2125 sicut
2306 2063 2525 2135 nostis,
2601 2061 2912 2145 quomodo

388 2178 457 2242 15
490 2184 1004 2245 unumquemque
1039 2174 1326 2227 uestrum
1359 2174 1694 2246 tamquam
1725 2174 1923 2245 pater
1950 2165 2140 2248 filios
2180 2185 2330 2227 suos
2367 2164 2756 2228 obsecrantes
2796 2185 2911 2227 uos

487 2278 551 2331 et
588 2268 990 2331 consolantes,

619 2396 827 2459 utitur
884 2396 1156 2477 quidem
1227 2395 1490 2457 illorum
1561 2394 1858 2476 ipsorum
1930 2395 2332 2471 testimoniO,
2393 2416 2472 2457 eo
2539 2393 2719 2477 quod
2782 2394 2907 2476 ipsi

488 2499 787 2562 sciebant
846 2498 1129 2581 qualiter
1181 2516 1294 2560 eos
1348 2497 1431 2560 ad
1485 2497 1694 2561 instar
1747 2497 1955 2578 patris
2007 2497 2341 2579 patienter
2385 2496 2793 2573 obsecrabat,
2840 2505 2909 2558 et

487 2602 880 2666 consolabat
920 2622 1118 2683 super
1164 2600 1619 2665 accidentibus
1685 2601 1812 2663 illis
1858 2602 2164 2679 tristitiis,
2198 2602 2564 2683 deprecans
2610 2620 2725 2663 eos
2772 2621 2904 2663 non

378 2729 463 2775 20
488 2707 827 2769 discedere
858 2726 899 2768 a
930 2704 1076 2769 fide.
1142 2714 1549 2767 memoratus
1580 2713 1684 2767 est
1725 2712 1950 2766 autem
1985 2713 2051 2766 et
2085 2702 2232 2778 Dei,
2266 2705 2424 2787 quia
2466 2705 2665 2782 dixit,
2695 2713 2910 2767 sancte

592 2880 608 2913 ¹
648 2865 788 2914 illam
816 2866 858 2914 C
880 2864 1028 2925 (corr)
1054 2880 1086 2912 r
1249 2877 1275 2911 2
1312 2863 1437 2912 sicut
1463 2863 1581 2925 (for
1598 2862 1662 2922 si)
1685 2879 1718 2911 r
1883 2877 1910 2923 5
1943 2877 2261 2925 grauaremus
2290 2863 2334 2910 C
2355 2858 2497 2924 (corr)
2524 2861 2591 2909 Η
2602 2877 2635 2910 r
2788 2858 2820 2909 6
2855 2859 2905 2908 in

482 2946 630 2996 uobis
651 2962 729 2996 om
759 2947 802 2995 C
814 2946 881 2994 H
889 2962 922 2994 r
1137 2947 1166 2994 8
1200 2944 1428 2993 uidemur
1456 2943 1528 2993 C*
1594 2943 1854 2992 uideamur
1878 2959 1910 2991 r
2132 2958 2164 3008 9
2197 2951 2246 2993 et
2269 2959 2347 2992 om
2376 2944 2421 2992 C
2444 2945 2453 3002 Ι
2482 2957 2726 3007 occupare
2753 2940 2823 2990 C*
2847 2940 2917 2989 H

490 3045 542 3078 11
583 3035 631 3077 et
657 3026 745 3092 (ιο)
768 3043 846 3076 om
870 3044 903 3076 r
929 3024 938 3090 1
966 3026 1207 3075 sufficeret
1235 3025 1306 3074 C*
1332 3026 1399 3074 H
1613 3040 1667 3073 η
1705 3033 1753 3073 et
1776 3041 1852 3072 om
1883 3024 1960 3073 C*
1988 3041 2021 3073 r
2237 3041 2295 3087 ¹4
2328 3024 2577 3074 adfuimus
2600 3041 2631 3072 r
2847 3022 2906 3072 18

483 3111 549 3158 ab
577 3108 692 3173 (jor
710 3109 794 3172 ad)
820 3111 882 3159 H
904 3107 912 3173 Ι
943 3108 1294 3157 obsecrabatur
1320 3109 1365 3157 C
1373 3105 1400 3130 ⁴⁵
1604 3121 1662 3171 19
1696 3107 2050 3156 consolabatur
2075 3107 2120 3156 C
2138 3108 2289 3169 (corr)
2312 3123 2345 3156 r
2371 3106 2380 3171 Ι
2406 3107 2757 3157 accedentibus
2784 3108 2828 3157 C
2846 3125 2879 3157 r

483 3255 659 3322 τροφός
704 3257 745 3307 is
788 3257 906 3306 here
950 3272 980 3306 a
1027 3258 1256 3320 ‘nursing
1292 3255 1538 3315 mother3'
1575 3253 1642 3305 cf.

485 3341 639 3389 Deut.
664 3340 697 3388 i.
735 3352 790 3400 31
831 3339 891 3388 ὡς
925 3340 1038 3387 εἴτις
1070 3339 1437 3400 τροφοφορήσαι
1467 3336 1643 3399 ἄνθρω-

485 3438 572 3470 πος
596 3421 679 3468 τὸν
716 3418 812 3467 υῑόν
844 3420 1005 3467 αὐτοῦ.
1076 3419 1146 3468 So
1186 3419 1370 3467 Thdt.:
1402 3418 1638 3479 μητρὶ...

485 3502 709 3552 οἰκείων
755 3500 1101 3561 ἐπιμελουμένῃ
1141 3500 1337 3562 βρεφῶν
1380 3499 1643 3546 ἀπείκασεν

485 3582 653 3634 ἑαυτόν
669 3595 682 3610 ·
730 3581 821 3644 τὴν
856 3585 1008 3641 αὐτὴν
1042 3583 1141 3645 γὰρ
1179 3583 1257 3630 καὶ
1291 3581 1470 3644 τροφὸν
1488 3582 1650 3649 ,καλεῖ

484 3669 563 3716 καὶ
596 3668 798 3727 μητέρα.
866 3665 1045 3728 Chrys.
1080 3679 1148 3713 on
1186 3664 1272 3713 the
1307 3663 1451 3712 other
1484 3661 1636 3721 hand,

485 3749 814 3812 overlooking
858 3748 1046 3806 ἑαυτῆς,
1092 3745 1344 3809 strangely
1388 3744 1641 3793 remarks:

486 3830 596 3890 οὐχὶ
630 3830 819 3886 μᾶλλον
856 3830 952 3876 τῶν
983 3828 1205 3889 μητέρων
1235 3829 1358 3875 εἰσὶν
1390 3827 1644 3889 προσηνεῖς

485 3909 790 3973 [αἱτροφοῧς

553 4013 598 4055 4.
674 4008 898 4040 memores
1027 3988 1358 4050 lassitudims]
1467 3987 1642 4052 Vulg.,

489 4069 1262 4135 ‘⁶memores...fatigationem;’'
1298 4068 1362 4119 cf.
1401 4081 1460 4118 11.
1502 4084 1552 4133 p.
1590 4084 1637 4131 3,

488 4155 522 4204 1.
549 4152 597 4212 6,
626 4160 759 4201 note.
830 4152 918 4200 Ad
934 4153 1020 4200 hoc
1046 4160 1102 4201 ut
1131 4153 1437 4211 ne...=rpos
1465 4150 1525 4199 τὸ
1550 4147 1635 4210 μή,

485 4238 637 4284 κ.τ.λ.
712 4234 776 4283 Ο.
812 4234 888 4289 1..‚
926 4233 1033 4282 “ad
1072 4235 1168 4282 hoc
1211 4232 1327 4282 ne.’'
1390 4234 1459 4282 In
1505 4233 1644 4281 uobis

486 4331 646 4380 seems
691 4322 744 4363 to
787 4314 916 4363 have
960 4312 1108 4362 fallen
1149 4321 1234 4362 out
1274 4314 1341 4377 by
1376 4329 1405 4361 a
1441 4312 1642 4361 clerical

484 4416 649 4458 error;
684 4399 744 4449 cf.
774 4397 860 4448 the
881 4414 1060 4448 comm.
1093 4403 1253 4460 “erga
1282 4404 1497 4446 uestram
1522 4394 1641 4444 doc·

484 4478 718 4538 trinam‚'’
740 4480 831 4531 διε.

1807 3268 1855 3318 9.
1935 3261 1982 3303 et
2024 3270 2123 3302 non
2167 3256 2325 3304 solum
2370 3255 2426 3303 in
2464 3254 2553 3315 dica
2603 3253 2713 3315 &c.]
2792 3254 2906 3304 The

1741 3344 1973 3386 sentence
2008 3352 2169 3385 seems
2195 3335 2486 3399 imperfect3
2522 3335 2745 3399 possibly
2766 3336 2817 3385 in
2843 3337 2905 3385 its

1741 3415 1952 3479 original
1985 3414 2114 3464 form
2149 3419 2189 3465 it
2229 3417 2404 3466 stood:
2437 3423 2484 3465 et
2521 3432 2620 3464 non
2651 3417 2810 3465 solum
2846 3418 2905 3465 in

1740 3503 1819 3551 die
1844 3501 2185 3566 operabamur,
2211 3499 2296 3547 sed
2323 3505 2368 3546 et
2401 3505 2533 3547 nocte
2543 3516 2565 3554 ,·
2596 3514 2717 3547 nam
2750 3500 2808 3546 in
2828 3498 2907 3548 die

1739 3598 1874 3646 erga,
1897 3582 1988 3632 διο.
2055 3581 2166 3630 The
2199 3578 2639 3628 homoeoteleuton
2675 3580 2732 3628 in
2760 3581 2897 3630 die...

1743 3663 1801 3711 in
1840 3662 1921 3710 die
1954 3661 2122 3710 would
2161 3666 2372 3709 account
2413 3659 2488 3708 for
2522 3660 2607 3709 the
2646 3660 2902 3709 omission.

1745 3745 1797 3794 S.
1826 3744 1965 3800 Paul,
1992 3743 2089 3793 Th.
2122 3750 2292 3792 meant
2326 3750 2379 3792 to
2412 3757 2517 3805 say,
2553 3743 2700 3792 made
2732 3759 2801 3807 up
2835 3743 2904 3807 by

1742 3823 1884 3887 night
1908 3823 2048 3872 work
2071 3822 2147 3871 sor
2170 3822 2255 3872 the
2278 3822 2378 3871 loss
2401 3821 2459 3871 os
2475 3822 2597 3871 time
2621 3823 2671 3871 in
2695 3823 2780 3872 the
2803 3824 2904 3888 day

1742 3905 1905 3954 which
1941 3921 2042 3953 was
2076 3903 2374 3954 occasioned
2405 3903 2473 3967 by
2510 3903 2587 3952 his
2611 3905 2897 3969 preaching.

1742 3984 1923 4049 Comp.
1939 3984 2194 4048 Pelagius:
2220 3983 2484 4032 “laborem
2502 3999 2739 4033 manuum
2753 3993 2902 4034 nocte

1740 4074 1789 4114 et
1807 4065 2149 4128 fatigationem
2174 4064 2315 4113 uerbi
2334 4064 2445 4123 die3
2468 4071 2687 4113 ceterum
2706 4080 2904 4129 semper

1740 4145 2040 4210 operabatur
2063 4146 2266 4210 quando
2288 4143 2553 4194 docebat.”

1812 4241 1883 4287 15.
1955 4227 2262 4287 obsecrantes]
2331 4226 2402 4276 So
2426 4226 2673 4276 Ambrstr.
2732 4227 2798 4277 O.
2834 4228 2896 4277 L.

1741 4309 1841 4358 and
1867 4308 2037 4371 Vulg.,
2068 4307 2487 4374 “deprecantes.”

1811 4405 1885 4457 19·
1946 4389 2235 4451 consolabar]
2261 4389 2342 4439 Cf.
2359 4379 2400 4438 1.
2415 4405 2465 4454 p.
2489 4404 2593 4454 194,
2614 4391 2646 4440 l.
2670 4405 2743 4457 19,
2764 4401 2898 4442 note.

1806 4487 1883 4522 ao.
1957 4479 2254 4523 memoratus
2273 4479 2342 4521 est
2368 4480 2535 4522 autem
2556 4481 2603 4522 et
2625 4473 2745 4536 Det]
2812 4473 2895 4524 Cf.
