3221 5116
290 428 403 495 VI
431 447 495 510 4,
530 426 616 513 5.]
981 439 1065 491 m
1114 436 1220 491 ΕΡ.
1266 439 1367 490 AD
1414 431 1890 493 ‘rmo‘fflE'uM'
1928 441 1978 493 1.
2023 430 2030 437 ·
2574 431 2699 506 17‚7

277 614 503 694 malae,
548 614 965 680 contentiones
995 613 1335 680 hominum
1372 624 1743 699 corruptam
1790 624 2061 680 mentem
2101 600 2477 679 habentium
2528 610 2694 697 [qui]

260 719 588 802 fraudati
604 742 654 785 a
682 721 955 786 ueritate
979 729 1151 798 sunt,
1178 720 1700 785 existimantium
1730 728 2068 803 quaestum
2094 739 2225 783 esse
2238 718 2568 802 pietatem.

404 847 829 932 †efficiuntur
860 849 1017 913 hinc
1065 848 1373 927 inuidiae,
1416 867 1969 931 unumquemque
2000 846 2420 911 inuidentem
2454 844 2548 910 illi
2579 847 2702 930 qui

276 962 497 1037 potest
533 954 831 1037 qualibet
856 955 1117 1019 ratione
1160 954 1226 1017 in
1258 952 1563 1017 doctrina
1594 952 1848 1031 uideri3
1899 951 2083 1015 rixae
2124 952 2330 1015 etiam
2376 949 2556 1035 [cum
2606 951 2692 1015 ad

277 1057 429 1122 lites
460 1058 925 1141 proferuntur3
971 1068 1040 1122 et
1071 1057 1497 1140 blasphemiae
1525 1066 1771 1133 autem,
1803 1055 1984 1138 cum]
2017 1054 2310 1139 plurima
2338 1054 2699 1138 loquuntur
2725 1045 2758 1114 S

276 1182 366 1225 ex
426 1162 530 1227 his
594 1184 767 1246 quae
827 1163 1012 1246 loqui
1074 1182 1208 1226 non
1268 1161 1698 1245 conueniunt,
1755 1161 2054 1224 maxime
2115 1180 2267 1224 cum
2313 1169 2392 1222 et
2438 1157 2537 1221 illi
2582 1156 2696 1241 qui

279 1265 470 1329 nobis
511 1286 645 1330 non
688 1275 842 1331 sunt
883 1286 1272 1330 communes
1304 1265 1371 1328 in
1412 1263 1551 1328 fide
1582 1263 2056 1360 blasphemant
2087 1284 2208 1327 nos
2249 1272 2317 1327 et
2359 1260 2698 1345 inquirunt

277 1369 596 1434 aduersus
628 1392 748 1435 nos
778 1392 1015 1436 causas
1046 1372 1264 1434 otiose
1294 1368 1683 1434 existentes
1779 1367 1988 1451 fitque
2029 1388 2119 1431 ex
2159 1367 2289 1431 hoc
2330 1364 2700 1434 necessarie

277 1480 353 1535 ut
414 1471 663 1537 malam
724 1473 809 1538 de
860 1475 1054 1539 nobis
1098 1474 1395 1538 habeant
1439 1473 1885 1556 suspicionem
1932 1473 2231 1538 maxime
2282 1471 2350 1538 hi
2398 1472 2513 1554 qui
2566 1470 2701 1534 fide

278 1574 473 1638 nobis
519 1577 733 1641 exteri
763 1587 941 1659 sunt,
973 1577 1124 1642 illos
1152 1598 1327 1653 guero
1357 1576 1663 1661 diligant,
1695 1577 2014 1642 oblectati
2047 1577 2270 1646 >uerbis
2311 1577 2487 1665 suis-3
2529 1595 2698 1659 quos
2733 1597 2810 1644 10

281 1685 348 1740 et
410 1678 652 1744 imitari
705 1691 1066 1764 properant
1120 1680 1236 1746 illa
1298 1691 1578 1763 agentes
1638 1702 1815 1764 quae
1873 1681 1961 1745 ab
2014 1679 2144 1744 illis
2197 1680 2337 1743 fieri
2398 1679 2693 1754 uideant,

280 1781 585 1846 homines
614 1777 914 1866 coi-rupti
960 1782 1204 1860 mente,
1236 1783 1490 1847 nullam
1531 1783 1835 1848 ueritatis
1875 1783 2202 1848 habentes
2239 1781 2698 1864 cupiditatem,

278 1886 392 1967 qui
438 1893 507 1949 et
557 1886 785 1950 omnia
838 1886 1169 1950 lucrorum
1223 1906 1426 1949 eausa
1471 1897 1540 1950 et
1584 1887 1916 1953 redituum
1964 1885 2180 1951 facere
2216 1888 2617 1952 adnituntur
2636 1884 2699 1965 3*

275 1997 610 2069 quaestum
650 1988 775 2052 sibi
807 1988 1114 2071 pietatem
1157 2009 1287 2052 esse
1330 1989 1800 2054 existimantes
1845 1987 2290 2070 inhonestum,
2323 2013 2414 2056 ex
2450 2013 2585 2075 quo
2630 1999 2702 2056 et

277 2089 411 2154 alia
436 2089 725 2174 plurima
753 2090 1292 2155 adnascebantur
1322 2089 1515 2155 mala.
1603 2092 1860 2175 optime
1892 2094 2179 2185 adiecit:
2285 2177 2291 2183 ι
2732 2107 2805 2176 15

410 2238 730 2324 [ἐντεῦθεν
755 2237 1081 2325 γίνονται]
1125 2240 1358 2307 ΦΘόΝοι
1398 2240 1519 2324 μὲν
1552 2233 1844 2307 ’ἑκάστου
1884 2240 2377 2321 βασκαίνοντος
2418 2241 2495 2309 τὸ
2526 2240 2702 2313 ὅπως
2743 2299 2754 2304 -
2787 2243 2796 2250 ’

277 2341 448 2410 ποτὲ
488 2341 860 2426 εὐδοκιμεῖν
903 2344 973 2410 ἐν
1021 2345 1104 2430 τῇ
1155 2341 1443 2428 διαλέξει
1479 2341 1842 2424 δυνηθέντιΐ
1906 2346 2107 2432 {paee
2131 2339 2216 2412 ’δὲ
2259 2346 2703 2433 ἐκφερομένων

278 2445 500 2514 αὐτῶν
550 2448 640 2519 εἰς
689 2446 932 2537 μάιχας,
982 2455 1097 2514 καὶ
1147 2446 1514 2526 Βλαεφκμιᾋι
1568 2445 1659 2529 δέ,
1711 2448 1945 2514 πολλὰ
1987 2449 2110 2533 μὲν
2159 2449 2271 2515 καὶ
2319 2448 2536 2515 αὐτῶν
2589 2458 2703 2514 λε-

276 2550 528 2635 ·γόντων
570 2549 680 2617 οἷα
720 2549 812 2634 μὴ
854 2552 1206 2637 προσῆκεν,
1246 2549 1552 2634 μάλιστα
1596 2550 1666 2618 δὲ
1716 2553 1849 2619 τῶν
1892 2551 2073 2624 ἐκτὸς
2114 2550 2702 2640 βλασφημούντων

276 2653 467 2738 ἡμᾶς,
513 2652 599 2725 ὥς
648 2652 806 2740 περὶ
851 2652 928 2719 τὸ
977 2656 1191 2735 ζητεῖν
1236 2653 1359 2736 τὴν
1404 2652 1672 2744 σχολὴν
1724 2654 2018 2744 ἔχοντας.
2109 2641 2371 2739 duddan
2424 2655 2539 2723 οὖν
2583 2653 2701 2723 ’καὶ
2726 2674 2812 2724 20

279 2756 593 2828 ὑπονοίας
638 2755 930 2843 πονηρὰς
973 2755 1129 2844 περὶ
1177 2754 1368 2840 ἡμῶν
1413 2755 1794 2842 ἐγγίνεσθαι
1840 2762 1977 2830 τοῖς
2026 2757 2212 2830 ἐκτὸς
2256 2758 2391 2825 ἀπὸ
2434 2759 2700 2827 τούτων·

280 2859 619 2947 ἅνθρωποι
677 2857 1091 2948 διεφθορότες
1150 2858 1270 2942 τὴν
1329 2857 1627 2926 διάνοιαν
1684 2860 1800 2927 καὶ
1858 2859 2158 2946 οὐδεμίαν
2215 2860 2331 2945 τῆς
2389 2859 2702 2944 ἀληθείας

281 2960 633 3046 ἐπιθυμίαν
675 2963 955 3053 ἔχοντες,
1000 2961 1224 3029 πάντα
1267 2960 1532 3049 κέρδους
1577 2962 1794 3030 ἕνεκεν
1836 2964 2335 3047 ἐπιτηδεύοντες.

387 3128 409 3163 1
446 3114 532 3179 qui
554 3130 632 3163 om
659 3114 706 3164 C
722 3114 792 3164 H
912 3091 958 3177 3¹
977 3114 1233 3164 inuidente
1255 3113 1324 3162 H
1450 3133 1482 3177 4
1515 3130 1631 3165 cum
1653 3115 1716 3166 ad
1737 3115 1854 3166 lites
1877 3116 1966 3166 &a
1992 3131 2070 3165 om
2100 3115 2147 3165 C
2162 3115 2231 3165 H
2243 3132 2277 3165 r
2402 3127 2431 3178 5
2457 3097 2701 3181 plurimae

288 3196 334 3245 C
354 3196 419 3245 H
425 3211 458 3244 r
488 3195 606 3260 quia
638 3193 737 3258 (afl
767 3192 916 3261 plur.)
949 3195 1055 3244 add
1079 3211 1113 3244 r
1306 3194 1338 3243 8
1370 3201 1420 3244 et
1450 3211 1621 3247 uersus
1655 3197 1772 3261 (sor
1796 3198 1935 3258 adu.)
1968 3196 2039 3247 C*
2070 3195 2081 3261 Ι
2107 3213 2169 3247 ex
2205 3212 2285 3246 om
2317 3197 2361 3247 C
2388 3205 2439 3247 et
2473 3197 2589 3263 (for
2617 3199 2700 3259 ex)

281 3277 350 3326 H
361 3294 394 3326 r
416 3273 427 3339 Ι
455 3276 733 3326 necessario
752 3292 788 3325 r
936 3291 967 3342 9
1000 3275 1119 3326 hab.
1143 3275 1210 3326 de
1230 3290 1280 3326 n.
1310 3292 1344 3325 r
1510 3291 1570 3327 ιο
1600 3292 1774 3328 eorum
1800 3277 1914 3342 (for
1931 3276 2048 3343 suis)
2071 3279 2142 3328 H
2298 3293 2351 3329 11
2389 3278 2562 3329 uident
2586 3279 2704 3344 (sor

277 3358 508 3419 uideant)
531 3358 602 3407 H
630 3357 911 3408 uidenturr
1129 3372 1188 3421 13
1221 3365 1271 3408 et
1295 3357 1510 3407 reditum
1538 3359 1581 3408 C
1589 3357 1618 3383 ⁹
1639 3360 1725 3409 Η·
1760 3376 1838 3409 om
1861 3376 1895 3410 r
2111 3375 2172 3419 14
2201 3359 2260 3410 in
2276 3360 2509 3410 homines
2531 3367 2700 3410 tamen

280 3436 399 3502 (fir
416 3434 755 3500 inhonestum)
783 3437 860 3485 C·
846 3450 900 3485 m
921 3436 974 3486 h.
998 3443 1103 3486 tam
1126 3437 1220 3487 Hx
1253 3442 1335 3485 txt
1355 3435 1420 3501 71
1450 3453 1511 3486 ex
1534 3453 1636 3503 qua
1662 3437 1734 3489 C*
1757 3441 1922 3506 Hqui
1951 3440 1995 3490 C
2009 3440 2164 3501 (corr)
2336 3451 2392 3501 15
2427 3440 2580 3490 adicit
2607 3440 2652 3490 C
2670 3456 2704 3489 r

285 3517 346 3569 16
367 3533 441 3583 sq.
471 3517 630 3568 Coisl.
661 3533 774 3580 204,
804 3516 841 3567 f.
884 3517 979 3568 208
1011 3517 1048 3566 b
1082 3516 1190 3578 [Cr.
1228 3516 1314 3567 vii.
1352 3531 1433 3580 47,
1474 3518 1557 3568 Fr.
1593 3518 1709 3602 ι54]
1747 3521 1987 3585 θεόδωρος.
2055 3518 2204 3571 ἄλλος
2224 3521 2372 3583 φησιν
2393 3522 2459 3570 εἰς
2479 3523 2537 3571 τὸ
2559 3521 2611 3582 ἐξ
2633 3518 2701 3569 ὦ»

277 3600 468 3664 γίνεται
489 3600 661 3663 φθόνος
681 3600 763 3649 καὶ
782 3600 877 3662 ἔρις
898 3600 980 3648 καὶ
999 3600 1064 3648 τὰ
1086 3598 1208 3659 ἑξῆς·
1250 3598 1422 3659 φθόνος
1442 3600 1549 3658 μέν,
1570 3617 1620 3650 κ.
1622 3618 1670 3649 τ.
1672 3605 1724 3651 λ.

278 3756 419 3790 rum·
403 3738 444 3802 ‚’
447 3738 776 3797 ’qubrstr
825 3738 962 3805 “qui
1000 3754 1057 3789 ιι
1102 3746 1396 3797 oamemut3
1382 3737 1438 3766 ·”
1539 3742 1673 3801 δόξαι
1703 3745 1782 3792 καὶ
1816 3739 2039 3804 δόγματα
2067 3742 2261 3805 πονηρὰ
2294 3742 2393 3790 ἀπὸ
2423 3741 2522 3789 τῶν
2555 3740 2700 3800 ζητή-

279 3823 454 3888 Vulg.,
488 3823 623 3889 “qui
646 3839 695 3873 u.
718 3821 901 3888 priuati
923 3820 1091 3872 sunt-”
1538 3839 1677 3874 σεων.
1747 3822 1861 3874 τότε
1883 3826 1992 3886 περὶ
2020 3826 2131 3874 θεοῦ
2160 3823 2194 3872 «2
2222 3824 2293 3882 μὴ
2326 3822 2402 3871 δεῖ
2429 3819 2695 3872 ὑποπτεύο-

348 3921 397 3970 3.
446 3920 845 3971 unumquemque
872 3903 1202 3967 innittentem]
1251 3903 1330 3954 Cf.
1374 3916 1436 3954 11.
1537 3920 1644 3964 μεν,
1672 3903 1793 3952 ὅταν
1815 3906 1880 3953 εἰς
1901 3904 2122 3967 ζητήσεις
2141 3903 2443 3961 ἐμπέσωμεν.

278 4004 333 4053 p.
367 4001 477 4051 ¹4²»
498 3986 535 4036 1.
561 3998 607 4050 7,
634 3993 769 4036 note.
1601 3994 1656 4045 7.
1727 3989 1775 4031 et
1794 3981 2086 4046 inquamnt,
2107 3979 2224 4041 δια]
2283 3980 2396 4029 The
2434 3978 2702 4028 translator

346 4082 394 4133 4.
453 4083 566 4117 cum
587 4068 662 4117 ad
673 4068 795 4125 liter.
826 4065 941 4128 ἀεὶ]
1010 4067 1035 4116 1
1054 4064 1188 4116 have
1208 4065 1440 4132 supplied
1540 4063 1634 4113 has
1676 4062 2076 4113 misunderstood
2118 4061 2199 4112 his
2237 4059 2439 4120 Greek3
2483 4068 2536 4110 at
2574 4059 2698 4111 least

276 4149 410 4199 from
432 4147 518 4198 the
534 4148 703 4199 Greek
722 4149 808 4198 the
825 4148 991 4198 words
1006 4148 1169 4198 which
1186 4146 1442 4211 evidently
1542 4141 1630 4191 the
1663 4141 1765 4191 Gk.
1792 4140 1852 4190 of
1878 4141 1963 4190 the
1994 4147 2173 4190 eatena
2205 4155 2420 4203 eonveys
2448 4154 2481 4187 a
2517 4139 2700 4204 widely

270 4245 367 4279 ,are
396 4228 588 4279 needed
620 4236 676 4278 to
700 4229 959 4294 complete
991 4230 1078 4280 the
1110 4244 1271 4279 sense.
1338 4229 1443 4278 For
1540 4222 1772 4273 different
1805 4238 1947 4273 sense
1982 4219 2057 4284 (=
2073 4221 2265 4287 “quasi
2299 4236 2417 4286 erga
2447 4221 2698 4287 inquiren·

279 4311 368 4362 the
388 4327 532 4361 sense
557 4311 678 4362 here
708 4311 859 4377 given
891 4311 960 4376 by
992 4310 1093 4360 Th.
1128 4318 1182 4361 to
1212 4312 1441 4373 βλασφη-
1541 4306 1664 4355 dum
1707 4305 1895 4356 otiosos
1933 4302 2251 4367 existentes?
2291 4303 2483 4369 “quasi
2525 4319 2697 4370 quaes-

277 4394 386 4455 μὶαι
406 4409 490 4444 see
510 4395 687 4454 above,
719 4406 780 4444 11.
804 4409 856 4459 p.
883 4407 958 4459 79,
988 4394 1019 4444 1.
1052 4408 1095 4443 1.
1151 4393 1330 4458 Chrys.
1353 4409 1441 4443 un·
1543 4386 1763 4437 tionibus
1784 4383 2100 4449 uaoeutess”)·

279 4473 542 4523 derxtands
585 4475 600 4499 ‘
614 4473 760 4524 libels
798 4488 932 4539 upon
970 4471 1136 4524 Godz’
1175 4473 1437 4534 τουτέστιν,
1617 4483 1690 4531 15.
1760 4467 1935 4532 optime
1963 4466 2152 4526 adiecit,
2191 4464 2307 4526 &c.]
2369 4465 2428 4514 In
2465 4479 2698 4514 common

456 4587 512 4641 S·
558 4586 632 4641 ΙΙ.
2451 4580 2522 4626 12
