3221 5116
285 395 417 462 111.
461 413 553 480 17,
595 395 713 481 18.]
846 408 927 459 m
979 408 1083 458 ΕΡ.
1128 406 1233 456 An
1277 399 2026 456 TnmsALomcENSEs
2075 401 2149 450 11.
2615 379 2695 461 65

416 580 659 643 deinde
718 589 865 642 orat
918 577 1114 642 tribui
1175 576 1271 640 eis
1344 594 1578 658 pacem
1654 594 1696 637 a
1756 573 1923 650 De0,
1979 572 2073 635 ita
2120 578 2195 635 ut
2244 588 2504 651 semper
2550 585 2699 629 eam

284 684 597 761 habeant,
626 694 693 749 et
724 694 798 748 ut
831 684 1048 747 modis
1078 682 1388 746 omnibus
1419 700 1682 762 semper
1712 678 1839 742 illis
1868 678 2044 742 adsit
2074 697 2116 739 a
2148 676 2314 740 De0.

418 855 729 920 salutatio
762 876 901 919 mea
934 875 1135 918 manu
1166 851 1389 917 Pauli.

425 1000 966 1066 ‘salutationem’
1013 1001 1282 1064 uocauit
1329 998 1924 1082 subscriptionem;
1972 1016 2092 1080 pro
2138 993 2252 1058 illo
2297 993 2474 1057 enirn
2524 989 2702 1074 quod

287 1127 414 1170 nos
473 1103 763 1168 solemus
825 1124 1089 1186 ponere,
1152 1109 1168 1133 ‘
1194 1102 1632 1177 incolumem}
1695 1101 1805 1164 ille
1867 1120 2130 1182 semper
2189 1100 2419 1182 ponit:
2475 1096 2707 1178 gratia

284 1209 547 1273 domini
586 1208 798 1272 nostri
838 1210 985 1271 Iesu
1050 1206 1313 1273 Christi.
1400 1205 1572 1271 hanc
1634 1226 1792 1288 ergo
1852 1211 1868 1236 ‘
1888 1205 2359 1268 salutationem
2381 1201 2394 1225 ’
2469 1210 2707 1273 uocat;

287 1336 414 1379 nec
445 1316 621 1379 enim
654 1315 918 1377 uidetur
946 1313 1207 1395 aliquos
1239 1313 1305 1375 in
1337 1312 1622 1394 epistola
1653 1331 1773 1374 sua
1804 1310 2146 1374 salutasse.

423 1483 602 1566 quod
627 1494 723 1547 est
755 1483 1020 1566 signum
1061 1483 1129 1547 in
1171 1482 1355 1546 omni
1392 1482 1655 1566 epistola
1672 1506 1704 1558 ,⁰
1748 1482 1843 1545 sic
1884 1481 2104 1547 scriba.
2184 1479 2417 1563 gratia
2458 1474 2718 1541 domini

291 1596 501 1652 nostri
530 1589 679 1650 lesu
714 1585 968 1652 Christi
991 1606 1135 1650 cum
1165 1587 1462 1650 omnibus
1491 1587 1688 1653 uobis,
1776 1608 1987 1651 amen.

425 1731 588 1795 ‘hoc
628 1733 825 1815 igitur
861 1735 1048 1816 quasi
1090 1733 1435 1816 signaculo
1481 1735 1722 1798 abutor
1753 1734 1817 1799 in
1851 1734 2033 1798 omni
2076 1730 2378 1816 epistola,
2421 1729 2711 1794 scribens

293 1833 459 1898 illud
487 1855 635 1898 mea
666 1856 897 1912 manu;
927 1838 1106 1919 quod
1139 1846 1209 1900 et
1241 1838 1306 1900 in
1338 1835 1463 1900 hac
1494 1837 1780 1919 epistola
1815 1836 1956 1912 feci,
1990 1838 2083 1901 ita
2116 1844 2190 1901 ut
2221 1853 2419 1898 nemo
2450 1832 2712 1897 dubitet

295 1957 483 2001 meas
513 1959 657 2002 esse
688 1939 977 2005 litteras?
1052 1941 1179 2004 hoc
1212 1950 1436 2004 autem
1475 1943 1739 2006 uidetur
1772 1941 1899 2006 hoc
1943 1943 2007 2004 in
2049 1940 2197 2004 loco
2228 1938 2546 2003 adiecisse
2578 1957 2711 2000 non

292 2039 616 2116 absolute,
650 2043 766 2106 sed
799 2044 955 2125 quia
986 2043 1079 2106 ini
1111 2044 1227 2126 qui
1261 2044 1345 2107 de
1375 2046 1954 2108 consummatione
1985 2043 2227 2108 saeculi
2271 2043 2715 2125 loquebantur

294 2153 368 2207 et
415 2145 726 2210 dicebant
771 2167 923 2211 eam
967 2168 1112 2211 esse
1157 2148 1625 2231 propinquam,
1677 2152 2168 2231 persuadebant
2213 2150 2330 2227 εἰε,
2365 2148 2554 2231 quasi
2599 2145 2712 2229 qui

295 2256 366 2310 et
414 2268 505 2311 ex
564 2247 848 2331 epistola
888 2249 1177 2332 apostoli
1217 2251 1345 2313 hoc
1385 2250 1563 2313 idem
1616 2251 2066 2334 significantes
2120 2254 2459 2329 dicerent;
2503 2253 2715 2335 quod-

295 2372 430 2435 que
473 2363 541 2415 et
588 2354 729 2436 ipse
775 2356 841 2417 in
889 2355 1334 2437 superioribus
1375 2352 1793 2436 significauit,
1825 2357 2116 2420 scribens
2145 2357 2240 2420 eis
2288 2377 2420 2420 non
2455 2356 2714 2419 suaderi

296 2455 429 2518 iuis
480 2458 594 2540 qui
655 2478 773 2540 per
824 2458 1177 2541 epistolam
1238 2460 1525 2542 apostoli
1584 2460 1750 2523 haec
1810 2482 1880 2524 se
1937 2462 2157 2547 dicpre
2217 2460 2714 2545 promittebant.

297 2563 665 2625 necessarie
716 2583 876 2645 ergo
931 2561 1058 2626 hoc
1112 2564 1177 2625 in
1225 2562 1374 2626 loco
1420 2563 1823 2646 significauit
1867 2565 1933 2629 in
1970 2566 2210 2648 quibus
2250 2566 2599 2648 scripserat
2631 2566 2715 2629 de

296 2665 403 2728 his
434 2666 519 2729 ad
561 2687 694 2742 eos,
728 2668 1046 2751 quoniam
1088 2668 1229 2731 eius
1273 2678 1377 2731 est
1412 2668 1700 2750 epistola
1740 2667 1866 2733 hoc
1902 2669 2304 2733 salutatione
2349 2669 2716 2733 sufficiente

399 2856 427 2890 α
464 2843 582 2893 assit
605 2844 674 2895 H
869 2844 900 2894 8
935 2844 1007 2896 sic
1029 2846 1198 2896 scribit
1226 2847 1284 2896 H
1344 2847 1414 2896 ita
1436 2847 1600 2897 scribo
1623 2863 1657 2896 r
1847 2862 1907 2900 10
1937 2856 2051 2900 utor
2074 2849 2189 2915 (χόν
2206 2846 2403 2913 abutor)
2426 2866 2460 2898 r
2657 2865 2676 2899 1
2691 2861 2710 2897 t

294 2938 502 2973 manum
520 2942 552 2973 r
767 2942 826 2987 14
860 2927 932 2976 eis
952 2943 1032 2976 om
1055 2929 1122 2977 H
1183 2929 1461 2978 suadebant
1484 2929 1579 2979 hoc
1603 2931 1628 2979 l
1830 2946 1885 2995 15
1922 2932 1974 2982 id
1997 2939 2070 2982 est
2094 2932 2211 2994 (sor
2231 2932 2386 2992 idem)
2411 2946 2445 2979 r
2658 2931 2716 2981 16

294 3008 507 3058 suadere
531 3007 627 3057 inis
656 3008 701 3056 C
713 3009 781 3057 H
824 3009 1109 3073 persuaderi
1131 3009 1198 3058 ab
1220 3008 1319 3059 illis
1342 3026 1374 3057 r
1613 3024 1667 3074 17
1703 3014 2027 3077 promittebat
2054 3013 2211 3064 6·th
2433 3015 2492 3063 18
2524 3028 2713 3063 necess·

294 3090 406 3139 ario
430 3105 462 3139 r
660 3105 717 3156 ¹9
750 3091 846 3142 hoc
871 3092 1220 3142 salutationem
1251 3094 1295 3142 C
1356 3093 1424 3141 ob
1446 3094 1794 3145 salutationem
1815 3111 1848 3144 r
1872 3094 1881 3161 Ι
1908 3097 2230 3147 sufficientem
2253 3113 2287 3145 r

295 3242 544 3292 donu‘nus.
591 3243 771 3307 Chrys.
803 3241 904 3293 and
939 3243 1096 3293 Thdt.
1133 3244 1252 3294 read
1286 3247 1452 3308 κύριος,

294 3325 389 3374 but
414 3321 521 3374 θεός
543 3323 671 3374 finds
693 3326 836 3390 place
862 3325 913 3374 in
937 3325 1022 3376 the
1045 3335 1149 3375 text
1172 3326 1230 3376 os
1246 3327 1457 3392 Thpht„

294 3406 400 3455 and
421 3422 581 3456 seems
605 3415 658 3457 to
679 3408 744 3457 be
767 3407 973 3471 implied
997 3407 1065 3471 by
1083 3408 1168 3458 the
1184 3417 1461 3459 comments

295 3488 357 3538 os
374 3488 473 3538 Th.
490 3490 588 3538 and
609 3490 730 3539 Oec.
771 3489 1022 3553 Probably
1035 3490 1075 3539 it
1093 3506 1195 3539 was
1214 3491 1461 3556 imported

296 3570 408 3619 into
426 3569 524 3619 this
541 3570 683 3635 place
698 3571 826 3619 from
849 3585 869 3619 1
892 3571 1070 3621 Thess.
1095 3587 1142 3619 v.
1170 3588 1247 3635 ²3·
1308 3572 1408 3621 For
1431 3588 1461 3620 a

294 3651 491 3701 similar
509 3652 823 3718 uncertainty
840 3669 922 3703 see
948 3667 974 3700 2
994 3654 1171 3702 Thessa
1196 3653 1264 3702 iii.
1283 3668 1328 3713 3.
1391 3655 1461 3702 In

298 3739 446 3789 omni
465 3739 603 3787 modo
614 3752 639 3796 ,·
662 3742 692 3765 ‘¹
711 3739 825 3788 loco
837 3737 865 3760 ''
889 3736 1063 3801 (τόπῳ)
1084 3740 1125 3788 is
1141 3741 1227 3790 the
1244 3739 1460 3790 unisorm

299 3820 510 3884 reading
541 3820 600 3870 os
604 3831 613 3841 ·
627 3820 714 3870 the
748 3821 900 3870 Latin
937 3822 1175 3871 versions.
1232 3823 1395 3871 Amen
1418 3823 1460 3873 is

298 3903 550 3968 probably
572 3903 672 3953 due
694 3911 749 3953 to
772 3919 802 3951 a
824 3903 1037 3968 copyist.

366 4003 416 4048 ⁴·
491 3986 643 4034 salut.
679 3987 876 4034 uocauit
905 3985 1112 4046 subsc-ru]
1133 4007 1178 4028 =
1197 3982 1459 4040 ἀσπασμὸν

301 4070 536 4118 ἐκάλεσεν
587 4066 678 4127 τὴν
742 4065 1050 4130 ὑπογραφήν.
1113 4067 1193 4118 Cf.
1243 4068 1422 4131 Chrys».
1444 4086 1457 4118 t

300 4149 567 4208 ἀσπασμὸν
619 4150 672 4198 δὲ
726 4150 869 4197 καλεῖ
908 4145 1000 4207 τὴν
1051 4146 1218 4209 εὐχήν.
1284 4148 1458 4199 Thdt.:

300 4234 425 4281 άσπ.
463 4228 697 4280 ἐκάλεσεν
744 4229 836 4291 τὴν
875 4229 928 4279 ἐν
963 4230 1036 4292 τῷ
1070 4233 1201 4280 τέλει
1247 4232 1464 4291 κειμένην

298 4312 544 4377 εὐλογίαν.

367 4411 414 4460 5.
470 4394 784 4456 incolumem]
804 4395 886 4445 Sc.
912 4393 1195 4444 “custodiat
1210 4400 1262 4443 te
1276 4394 1415 4443 Deus
1432 4391 1464 4415 '⁹

300 4477 386 4537 (cf.
422 4493 519 4541 ις.
558 4474 731 4538 Migne
764 4474 904 4522 Rs..
943 4471 1023 4537 69,
1069 4488 1174 4536 ¹²7·
1216 4487 1311 4538 599
1350 4473 1462 4537 πᾳ).

484 4588 536 4637 S.
588 4586 661 4636 11.

1557 3248 1739 3299 Thdt.:
1781 3248 2088 3308 μανθάνομεν
2119 3250 2274 3299 τοίνυν
2309 3246 2522 3299 ἐντεῦθεν
2558 3247 2615 3300 ὣς
2657 3251 2716 3299 τὸ

1557 3327 1590 3388 ἦ
1612 3330 1749 3394 χάρις
1772 3328 1857 3379 τοῦ
1875 3349 1918 3378 κ.
1932 3328 1989 3379 Ἰ.
2009 3331 2090 3387 Χ.,
2117 3333 2261 3380 κ.τ.λ.
2278 3331 2379 3379 ἀντὶ
2400 3331 2488 3379 τοῦ
2515 3327 2714 3394 ’ἐρρῶσ-

1561 3414 1641 3461 θαί
1665 3430 1722 3463 σε
1745 3411 1757 3434 ’
1777 3414 1987 3474 γράφειν
2010 3415 2179 3462 εἰώθει.
2212 3412 2313 3462 For
2347 3429 2378 3463 a
2415 3412 2604 3462 similar
2640 3428 2711 3461 re·

1560 3493 1704 3542 mark
1749 3494 1870 3543 with
1910 3495 2086 3559 regard
2122 3503 2174 3544 to
2213 3495 2299 3544 the
2337 3495 2617 3557 προγραφή,
2648 3492 2714 3542 cf.

1563 3585 1623 3622 11.
1648 3589 1699 3638 p.
1726 3587 1771 3630 α,
1796 3574 1894 3623 and
1918 3583 2060 3624 notes
2081 3575 2237 3631 there,

1632 3669 1706 3703 10.
1772 3655 2041 3719 signaculo]
2075 3655 2292 3714 Ronsch‚
2327 3654 2477 3715 Itala,
2502 3670 2555 3717 p.
2580 3655 2659 3716 38.

1633 3737 1999 3787 12.adiec1'sse
2019 3752 2120 3785 non
2147 3736 2374 3798 absolute]
2411 3736 2481 3787 So
2512 3736 2715 3799 Chrys.:

1562 3818 1704 3867 τοῦτο
1755 3819 1891 3878 λέγει
1934 3818 2141 3881 ’γράφειν
2182 3818 2237 3867 ἐν
2276 3817 2412 3879 πάσῃ
2454 3815 2708 3878 ἐπιστολῇ,

1560 3898 1689 3948 ὥστε
1724 3902 1892 3960 μηδενὶ
1912 3896 2085 3959 ἐξεῖναι
2114 3902 2402 3960 παραποιεΐν
2434 3897 2595 3960 αὐτάς,
2631 3918 2716 3959 της

1562 3979 1847 4044 ὑπογραφῆς
1866 3979 2029 4043 ὥσπερ
2059 3983 2315 4043 τεκμηρίου
2335 3983 2548 4041 κειμένου
2570 3983 2714 4045 μεγά·

2784 1109 2813 1175 5

2753 1755 2827 1802 10

1559 4066 1664 4114 λου.
1724 4066 1904 4115 Thdt.:
1971 4065 2118 4114 τοῦτο
2158 4066 2209 4114 δὲ
2256 4067 2594 4123 προστέθεικεν
2637 4068 2718 4116 διὸ,
2755 4076 2770 4088 ·

1559 4150 1670 4197 τοὺς
1711 4147 2057 4205 πεπλασμένας
2098 4144 2360 4197 ἐπιστολὰς
2401 4150 2720 4211 περιγράφειν

1559 4230 1840 4288 τολμῶντας
1887 4225 1950 4292 (c.
1996 4227 2049 4277 ii.
2088 4228 2154 4287 α),
2202 4228 2437 4277 διδάσκων
2473 4225 2716 4293 ε’πιζητεΐν

1561 4307 1708 4357 αὑτοῦ
1757 4308 1847 4369 τὴν
1890 4308 2197 4371 ὑπογραφὴν.
2282 4309 2527 4360 lanfranc
2578 4311 2718 4375 gives

1560 4392 1648 4441 the
1685 4407 1828 4441 sense
1857 4390 1916 4440 of
1944 4391 2087 4440 Thes
2115 4392 2308 4441 remark
2355 4392 2406 4440 in
2442 4408 2506 4440 an
2540 4393 2717 4441 abbre-

1562 4471 1727 4520 viated
1753 4471 1898 4519 form.

2510 4580 2539 4647 5
