3221 5116
512 417 634 481 232
1182 413 1638 468 THEoDonus
1686 412 2173 467 MOPSUESTEN
2185 414 2273 466 us
2471 399 2620 484 [IV.
2656 415 2933 466 20—22.

657 585 1075 670 Trophimum
1107 587 1324 652 autem
1357 589 1595 672 reliqui
1619 589 1801 674 apud
1821 589 2133 653 Miletum
2166 589 2526 675 itfirmum.

645 705 1086 789 Trophimum
1132 729 1289 773 uero
1330 711 1513 793 quod
1560 711 1703 795 ipse
1745 709 2191 775 infirmantem
2236 709 2571 794 reliquerit
2621 708 2934 775 Miletum

516 809 890 874 insinuauit.
981 812 1222 894 quibus
1253 812 1457 877 adicit
1486 834 1502 878 ε

627 965 887 1049 ‚festina
915 976 1065 1030 ante
1091 966 1360 1032 hiemem
1390 968 1625 1032 uenire.

644 1087 890 1151 deinde
919 1085 1249 1170 significat
1288 1088 1581 1152 scribens
1618 1087 1679 1152 ei
1709 1087 2024 1171 quoniam
2057 1099 2125 1154 et
2157 1087 2389 1154 fratres
2427 1088 2723 1154 salutant
2759 1107 2934 1164 eum,

515 1189 742 1254 dicens
771 1211 787 1255 ε

641 1348 939 1415 salutant
965 1359 1023 1415 te
1051 1349 1357 1416 Eubulus
1392 1360 1455 1415 et
1480 1351 1789 1416 Prudens
1825 1360 1889 1415 et
1919 1349 2139 1414 Linus
2165 1359 2229 1415 et
2260 1348 2554 1429 Claudia,
2583 1359 2650 1413 et
2669 1348 2937 1432 fratres

514 1473 744 1517 omnes.

628 1572 890 1654 fratres
950 1571 1218 1658 (inquit)
1278 1594 1493 1638 omnes
1512 1597 1540 1648 ,·
1616 1595 1733 1638 eos
1804 1574 1965 1639 dicit
2024 1575 2137 1657 qui
2211 1573 2440 1657 utique
2496 1594 2579 1638 eo
2629 1580 2936 1656 tempore

410 1693 491 1740 10
518 1675 778 1739 Romae
829 1684 1035 1740 erant.
1125 1686 1193 1740 et
1251 1676 1400 1740 illos
1459 1677 1730 1760 quidem
1784 1698 1954 1760 quos
2005 1678 2248 1743 affectu
2298 1679 2558 1742 iunctos
2607 1677 2733 1741 sibi
2786 1698 2935 1747 esse

408 2277 478 2344 15

514 1778 829 1844 cernebat
872 1781 1267 1845 nominatim
1313 1780 1594 1846 credidit
1638 1785 2144 1862 memorand0s;
2191 1791 2447 1847 ceteros
2494 1803 2652 1846 uero
2700 1780 2933 1844 fratres

517 1885 585 1947 in
616 1888 956 1949 communi
1000 1886 1404 1951 salutatione
1448 1888 1970 1971 comprehendit.
2060 1898 2129 1952 et
2172 1887 2462 1971 primum
2507 1886 2779 1970 quidem
2810 1906 2936 1968 pro

514 1989 662 2072 ipso
693 1989 1055 2054 Timotheo
1085 2009 1299 2066 oram,
1328 1991 1556 2055 dicens
1585 2011 1602 2054 ε
2370 2013 2377 2021 ·

643 2142 945 2206 dominus
972 2143 1155 2206 Iesus
1188 2140 1490 2208 Christus
1515 2163 1662 2207 cum
1690 2142 1929 2226 spiritu
1961 2152 2085 2207 tuo,

642 2271 797 2347 post
826 2261 954 2325 hoc
984 2282 1146 2326 uero
1176 2270 1497 2326 consueto
1526 2260 1661 2325 fine
1690 2261 1943 2326 claudit
1973 2260 2324 2345 epistolam
2354 2286 2369 2325 ε

632 2416 866 2500 gratia
900 2415 1046 2501 (ait)
1080 2417 1421 2481 nobiscum.
1510 2438 1715 2481 amen.

641 2536 709 2601 in
756 2535 888 2600 fine
931 2545 1250 2602 consueta
1293 2535 1700 2601 salutatione
1741 2535 1945 2601 etiam
1992 2535 2283 2621 seipsum
2328 2535 2458 2601 illis
2488 2535 2745 2602 censuit
2774 2555 2931 2601 con-

514 2643 1016 2707 numerandum.

2640 2825 2667 2876 7
2701 2818 2754 2862 et
2775 2811 2934 2861 Linus

2719 2908 2778 2957 ¹3
2809 2893 2935 2944 dicit

647 2829 674 2864 α
710 2814 998 2880 relinquerit
1024 2832 1058 2865 r
1238 2832 1267 2881 3
1302 2815 1480 2867 cecidit
1515 2815 1641 2879 (sor
1659 2812 1834 2875 adicit)
1855 2814 1923 2864 H

512 2912 590 2945 om
613 2896 676 2945 H
700 2895 709 2961 Ι
737 2895 922 2947 Cludia
948 2894 1016 2947 C*
1157 2911 1218 2949 10
1251 2897 1448 2948 uinctos
1479 2897 1597 2961 (for
1614 2897 1831 2958 iunctos)
1847 2896 1914 2945 H

520 2980 564 3029 C
584 2981 733 3041 (corr)
757 2996 790 3030 r
987 2978 1048 3031 16
1079 2979 1150 3030 ait
1171 2996 1251 3030 om
1272 2996 1305 3029 r
1332 2978 1341 3044 Ι
1368 2981 1629 3030 uobiscum
1651 2996 1685 3029 r

2113 2828 2142 2877 5
2177 2813 2395 2864 salutent
2415 2814 2483 2863 H

2034 2909 2088 2946 11
2125 2896 2337 2946 cenabat
2362 2895 2465 2957 (sic)
2496 2895 2541 2944 C
2553 2893 2583 2918 ¹*

586 3141 629 3174 1.
698 3125 840 3190 apud
866 3126 943 3175 M.
983 3126 1271 3190 infirmum]
1334 3126 1509 3192 Vulg.‚
1549 3132 1582 3155 ‘⁴
1598 3126 1674 3176 in-

515 3204 713 3255 firmum
738 3204 955 3256 Mileti.'’
998 3207 1099 3257 For
1119 3207 1677 3271 ἱκῄνπιαηίεπιεάσθε·

517 3287 693 3334 νοῦντα
715 3286 770 3348 (l.
792 3286 839 3350 2)
862 3287 925 3337 cf.
953 3287 1173 3349 Rbnsch,
1192 3291 1347 3351 Itala,
1366 3305 1419 3354 p.
1440 3303 1552 3355 370,
1572 3290 1673 3340 and

517 3380 555 3417 1.
585 3383 670 3433 pp.
701 3371 811 3429 228,
841 3369 875 3418 1.
909 3370 985 3427 18,
1012 3383 1124 3434 229,
1149 3370 1182 3421 1.
1210 3374 1256 3420 8.

584 3461 630 3511 7.
684 3450 917 3499 salutant
942 3457 1000 3510 te,
1028 3450 1147 3513 δια]
1211 3452 1451 3501 Salutant
1502 3451 1546 3502 is
1589 3452 1677 3502 the

515 3530 725 3595 reading
758 3528 816 3579 of
849 3529 1144 3595 Vulg.⁰¹⁹¹¹¹·;
1181 3534 1325 3590 Am„
1361 3533 1531 3594 Falci„
1573 3535 1676 3583 and

516 3626 643 3662 even
666 3612 795 3661 Cod.
820 3613 975 3678 Aug„
1002 3613 1246 3678 although
1270 3613 1335 3664 its
1365 3613 1536 3665 Greek
1569 3623 1676 3666 text

514 3692 654 3757 gives
711 3690 1025 3754 ἀσπάζονται,
1083 3695 1241 3745 retain
1296 3695 1383 3745 the
1435 3695 1670 3760 singular.

514 3776 563 3824 T
564 3775 613 3824 h.
643 3776 890 3841 probably
914 3775 1018 3825 had
1049 3773 1325 3841 ἀσπάζεται
1354 3776 1408 3827 in
1440 3792 1676 3827 common
1709 3766 1710 3769 Ἴ

515 3855 638 3906 with
661 3857 747 3907 the
769 3857 915 3907 other
934 3857 1035 3907 Gk.
1064 3856 1397 3922 interpreters,
1446 3859 1678 3907 Prudens

516 3937 592 3987 for
614 3938 814 3988 Pudens
843 3952 1015 3988 occurs
1044 3936 1098 3988 in
1132 3939 1264 3987 Rab.
1298 3953 1356 3988 as
1387 3939 1502 3989 well
1535 3954 1590 3988 as
1623 3939 1676 3988 in

1775 3122 1901 3176 both
1940 3141 2031 3176 our
2070 3126 2261 3185 Mss.;
2306 3126 2393 3176 the
2428 3142 2565 3177 error
2600 3126 2643 3177 is
2677 3127 2936 3177 doubtless

1776 3209 1874 3259 due
1892 3216 1944 3258 to
1965 3223 2032 3258 an
2054 3207 2190 3271 early
2211 3207 2385 3258 scribe.

1846 3308 1922 3353 14.
1981 3290 2032 3338 d.
2070 3290 2210 3338 Iesus
2241 3289 2490 3352 Christus]
2557 3289 2629 3340 So
2662 3289 2748 3339 the
2783 3291 2934 3340 Latin

1777 3373 2014 3434 versionS,
2041 3373 2140 3422 and
2174 3371 2260 3422 the
2294 3371 2395 3423 Gk.
2432 3379 2537 3422 text
2569 3387 2625 3422 as
2658 3371 2846 3421 known
2878 3378 2934 3422 to

1778 3452 1957 3516 Chrys.
1981 3452 2081 3502 and
2104 3452 2260 3501 Thdt.

1849 3532 1921 3583 16.
2023 3532 2293 3595 nobiscum]
2404 3534 2475 3584 So
2539 3536 2677 3591 Am„
2743 3533 2934 3593 Fam„-

1775 3614 2070 3680 valg.c10m·‚
2109 3614 2469 3666 “uobiscum-'³
2534 3617 2647 3666 The
2678 3632 2932 3667 commen-

1776 3697 1926 3746 taries
1975 3696 2035 3747 of
2077 3696 2256 3760 Chrys.
2300 3696 2399 3747 and
2445 3697 2599 3746 Thdt.
2644 3697 2782 3747 shew
2825 3697 2936 3748 that

1778 3780 1898 3844 they
1940 3780 2058 3830 read
2103 3778 2210 3839 μεθ’
2253 3780 2402 3839 ἡμῶν.
2487 3780 2566 3830 cf.
2609 3779 2809 3845 Chrys:
2854 3783 2937 3830 καὶ

1776 3856 1933 3921 ἑαυτῷ
1952 3855 2124 3908 λοιτὸν
2146 3858 2424 3920 ἐπεύχεται.
2472 3859 2652 3908 Thdt.:
2674 3861 2934 3920 συνέταξεν

1779 3941 1860 3990 καὶ
1881 3938 2050 3990 ἑαυτόν
2073 3942 2144 3991 εἰς
2165 3942 2257 4001 τὴν
2276 3941 2533 4000 μετουσίαν
2555 3935 2641 4001 τῆς
2661 3937 2875 4004 χάριτος.
