3221 5116
320 415 412 478 10,
455 400 575 486 11.]

1059 417 1141 467 IN
1192 417 1296 469 ΕΡ.
1342 418 1445 468 AD
1494 416 2019 469 PHILEMONEM.

2603 419 2730 486 277

433 595 764 661 sufficiens
794 606 935 661 erat
965 605 1035 661 et
1062 596 1190 661 hoe
1220 598 1621 681 persuadere
1658 597 2136 676 Philemonem,
2170 616 2253 661 eo
2289 596 2471 679 quod
2516 594 2726 661 filium

306 719 500 763 suum
565 721 710 764 esse
766 701 1015 766 dixerit
1078 700 1267 764 illum
1321 721 1443 784 pro
1491 721 1628 783 quo
1682 699 1839 763 fecit
1896 699 2448 764 obsecrationem.

2540 707 2607 762 et
2653 707 2730 763 ut

305 823 390 866 ne
422 804 757 868 uideretur
795 805 1102 869 absolute
1148 803 1409 869 ‘filium’
1452 805 1849 883 nominasse,
1898 803 2080 869 nulla
2126 803 2463 868 existente
2506 821 2726 878 causa,

306 904 510 971 adicit
530 931 544 970 :

431 1077 617 1139 quem
636 1059 855 1141 genui.

432 1194 502 1250 et
531 1186 737 1270 ipsius
766 1189 1215 1271 generationis
1247 1190 1523 1255 modum
1554 1187 1942 1271 explicans:

434 1337 505 1400 in
535 1337 815 1402 uinculis
854 1340 1029 1403 meis.

432 1460 511 1522 ‘si
565 1460 741 1522 enim
793 1480 908 1523 eos
960 1460 1074 1542 qui
1127 1480 1280 1523 cum
1336 1458 1564 1523 dolore
1618 1468 1850 1541 partus
1899 1457 2231 1541 progeniti
2275 1467 2432 1522 sunt
2477 1461 2722 1524 amoris

300 1562 540 1646 dignos
594 1563 872 1628 exhibet
915 1565 1087 1627 ratio
1131 1565 1470 1641 naturali5‚
1503 1563 1818 1645 intellege
1861 1563 2273 1626 uinculorum
2305 1563 2604 1627 dolorem
2654 1565 2719 1627 in

300 1669 540 1750 quibus
571 1669 827 1752 positus
858 1670 1145 1733 eundem
1179 1670 1431 1753 pietate
1460 1667 1825 1752 progenui.'
2756 1685 2835 1733 10

437 1816 829 1885 Onesimum.

427 1946 598 2011 bene
628 1949 915 2031 primum
948 1950 1123 2015 dixit
1164 1952 1487 2035 propositi
1520 1951 1662 2015 eius
1701 1949 2239 2024 mutabilitatem,
2271 1955 2341 2011 et
2371 1945 2464 2011 sic
2496 1945 2720 2030 posuit

299 2068 559 2127 nomen,
606 2072 688 2115 eo
746 2055 927 2135 quod
988 2055 1184 2117 sciret
1244 2074 1377 2118 non
1440 2054 1609 2118 bene
1670 2054 1913 2119 habere
1973 2054 2059 2117 de
2118 2073 2200 2116 eo
2257 2051 2717 2116 Philemonem

298 2163 571 2236 propter
614 2156 959 2237 pristinam
1006 2158 1331 2240 propositi
1377 2158 1518 2220 eius
1564 2160 1985 2240 prauitatem.
2076 2168 2147 2220 et
2190 2176 2344 2219 cum
2392 2178 2718 2222 memora·

299 2256 480 2320 tione
510 2257 651 2322 eius
695 2259 924 2323 statim
955 2260 1096 2323 eius
1125 2259 1399 2342 copulat
1447 2260 1980 2337 mutabilitatem,
2014 2260 2355 2343 inquiens:
2753 2275 2823 2340 15

426 2410 547 2492 qui
577 2409 827 2474 dudum
861 2410 987 2475 tibi
1026 2410 1289 2475 inutz'lzk
1312 2411 1488 2494 suit.

425 2556 580 2602 nam
613 2538 898 2604 adiectio
932 2539 1183 2605 dudum
1226 2541 1508 2606 alterum
1551 2562 1697 2605 esse
1738 2539 1915 2605 hunc
1958 2541 2260 2606 ostendit
2304 2541 2393 2606 ab
2436 2540 2552 2607 illo
2598 2542 2713 2625 qui

292 2640 548 2705 dudum
584 2640 817 2706 suerat.
896 2642 1140 2706 deinde
1169 2650 1239 2708 et
1271 2644 1684 2707 manifestius
1714 2642 1842 2707 hoc
1874 2644 2052 2708 idem
2084 2644 2286 2708 dicit:

425 2805 598 2849 nunc
622 2796 837 2852 autem
864 2798 929 2852 et
949 2788 1074 2853 tibi
1110 2800 1174 2854 et
1217 2789 1388 2854 mihi
1419 2790 1626 2856 utilis.

426 2906 863 2972 demiratione
892 2909 1169 2993 dignum
1193 2920 1297 2976 est
1317 2912 1634 2994 quoniam
1660 2910 1962 2994 inprimis
1985 2909 2233 2975 dixerit
2255 2906 2451 2991 †tz·bi‚
2473 2907 2716 2972 deinde
2744 2926 2829 2975 20

400 3084 459 3131 14
492 3067 878 3119 mutabilitatem
916 3068 1029 3134 (sor
1062 3071 1228 3135 prau.)
1266 3071 1290 3121 1
1315 3068 1883 3136 {commemorationem
1928 3069 1999 3120 C*
2100 3077 2215 3135 post
2254 3084 2437 3120 comm.
2487 3069 2532 3118 C
2561 3069 2714 3129 (corr)

302 3146 360 3199 16
394 3148 667 3213 aliquando
691 3148 808 3215 (sor
826 3149 1039 3215 dudum)
1063 3151 1089 3200 l

362 3293 410 3342 5.
488 3294 627 3345 quem
662 3280 839 3344 genui]
910 3280 992 3331 Cf.
1028 3292 1066 3330 1.
1103 3297 1153 3347 p.
1193 3280 1274 3348 69,
1319 3283 1354 3331 1.
1396 3281 1455 3332 16

294 3374 369 3424 sq.

364 3455 410 3505 7.
498 3440 555 3492 in
594 3442 817 3491 uinculis
855 3442 995 3505 meis]
1076 3443 1206 3493 Meis
1243 3440 1370 3507 (μου)
1410 3444 1453 3494 is

292 3526 503 3575 omitted
526 3527 594 3591 by
616 3527 701 3577 the
726 3527 874 3576 Latin
896 3527 1135 3578 versione..

365 3623 440 3659 ιο.
496 3610 611 3659 bene
624 3611 1251 3676 primum...prauitatcm]
1318 3611 1450 3662 Lan·

292 3689 465 3752 franc3
498 3707 580 3742 see
603 3707 682 3741 vv.
699 3692 753 3741 11.

357 3772 426 3820 sic
450 3773 621 3836 posuit
654 3773 850 3836 nomen]
898 3775 1102 3839 Chrysa
1132 3774 1214 3825 καὶ
1245 3774 1358 3824 τότε
1390 3776 1450 3825 τὸ

293 3851 460 3911 ὄνομα·
507 3855 560 3902 οὐ
595 3855 739 3914 μόνον
775 3857 873 3919 γὰρ
912 3856 995 3905 τὸν
1034 3857 1182 3916 θυμὸν
1222 3857 1447 3919 ἔσβεσεν,

295 3935 428 3983 ἀλλὰ
449 3935 531 3983 καὶ
563 3935 767 3995 ἡσθῆναι
801 3939 1079 3997 πεποίηκεν.
1147 3938 1298 3989 Oec.=
1334 3955 1449 4000 rpo-

293 4016 615 4066 καταστείλας
634 4017 719 4065 τὸν
744 4018 890 4076 θυμὸν
919 4020 1078 4077 αὑτοῦ,
1113 4017 1261 4069 οὕτως
1291 4020 1448 4080 {fovo-

291 4102 432 4165 μάζῃ
454 4101 510 4149 τὸ
532 4100 698 4160 ὄνομα..

364 4197 439 4245 13.
499 4197 599 4232 non
633 4181 747 4231 bene
772 4180 948 4231 habere
973 4182 1031 4231 de
1060 4181 1133 4244 co]
1203 4180 1258 4232 οὗ
1292 4185 1450 4234 καλῶς

291 4266 471 4326 ἔχοντα
492 4266 605 4326 περὶ
626 4264 804 4313 ἐκείνου
827 4264 962 4326 (πρὸς
984 4265 1197 4326 ἐκεῖνον).

363 4362 437 4410 ¹4·
492 4363 606 4396 cum
651 4346 1008 4403 memoratebne,
1054 4347 1171 4409 &c.]
1262 4346 1445 4398 Thdt.:

290 4430 550 4489 ἀνέμνησεν
569 4429 666 4477 τῶν
686 4426 926 4485 παλαιῶν,
952 4425 1064 4476 ἀλλ’
1089 4424 1221 4477 choos
1245 4431 1325 4476 καὶ
1356 4429 1445 4487 τὴν

287 4511 566 4576 μεταβολὴν
589 4511 785 4570 ἔδειξεν.

1625 3282 1697 3333 16.
1756 3281 2173 3343 ᾱηιίτιηι];·τοτέ.
2247 3281 2325 3332 Cf.
2368 3281 2500 3347 Eph.
2536 3281 2588 3332 ii.
2632 3297 2704 3334 n.

1550 3364 1664 3414 The
1688 3363 1836 3414 Latin
1861 3364 2081 3414 versions
2101 3364 2231 3414 have
2260 3365 2580 3429 “aliquando
2596 3363 2624 3387 ’⁹
2652 3381 2712 3415 or

1555 3449 1591 3473 ‘⁸
1606 3447 1878 3513 quondam.
1888 3445 1917 3468 ’'

1622 3541 1698 3589 17.
1754 3544 1875 3577 nam
1897 3527 2097 3577 adiectio
2125 3527 2377 3588 ‘durham’
2401 3528 2518 3589 δια]
2577 3528 2708 3577 Lan-

1550 3608 1723 3660 franc:
1782 3608 2033 3658 “adiecto
2088 3609 2325 3671 [adiectio
2339 3609 2384 3670 Ρ]
2438 3610 2709 3673 aliquando

1548 3689 1703 3738 alium
1727 3704 1835 3738 esse
1856 3688 1992 3738 hunc
2023 3687 2244 3738 ostendit
2277 3688 2343 3737 ab
2376 3687 2465 3737 illo
2499 3687 2583 3752 qui
2618 3688 2708 3738 du-

1547 3769 1723 3821 dum.”
1797 3770 2053 3835 Similarly
2088 3771 2153 3820 R.
2188 3770 2248 3819 of
2281 3770 2340 3818 Β.
2407 3771 2700 3820 Alterum...

1546 3855 1608 3904 ab
1631 3855 1947 3916 ίῖἰοεέτερον
1969 3851 2215 3917 (ἑτεροῖον)
2242 3852 2437 3902 ἐκείνου.

1613 3950 1694 3987 ¹20.
1730 3934 2268 3999 1'nprim225...pr0positi
2285 3931 2408 3994 eius]
2434 3932 2699 3992 Lansranc,

1548 4018 1613 4068 R.
1632 4017 1692 4066 of
1708 4018 1762 4066 B.
1781 4031 1793 4074 ;
1818 4032 1900 4066 see
1917 4032 1996 4066 vv.
2014 4017 2069 4065 11.
2106 4015 2250 4065 with
2267 4013 2414 4065 Th.’s
2431 4015 2703 4064 character·

1546 4100 1657 4150 istic
1674 4106 1940 4149 treatment
1957 4098 2014 4148 os
2026 4098 2125 4148 this
2142 4099 2281 4163 point
2302 4097 2361 4147 of
2369 4098 2517 4147 order
2532 4113 2696 4162 comp.

1545 4181 1631 4231 the
1667 4188 1945 4230 comments
1983 4179 2041 4228 os
2074 4179 2251 4243 Chrys.
2293 4177 2357 4244 (εἰ
2392 4181 2491 4242 γὰρ
2523 4180 2704 4241 Παύλῳ

1544 4256 2018 4323 χρήσιμος...πολλῷ
2068 4260 2260 4319 μᾶλλον
2319 4255 2394 4319 τῷ
2446 4259 2699 4321 δεσπότῃ),

1543 4344 1698 4393 Thdt.
1731 4339 1805 4402 (οὐ
1826 4343 1925 4404 γὰρ
1946 4341 2089 4403 μόνον
2119 4341 2210 4398 σοί,
2244 4342 2408 4403 φησίν,
2439 4342 2700 4403 εὔχρηστος

1544 4429 1638 4487 νῦν,
1669 4427 1802 4475 ἀλλὰ
1825 4426 1903 4474 καὶ
1933 4425 2078 4486 ἐμοί),
2106 4423 2356 4473 Ambrstr.
2387 4422 2698 4484 (“id0neum

1543 4528 1602 4560 ex
1629 4507 1791 4558 inutili
1823 4506 2009 4558 sactum
2044 4514 2146 4556 tam
2181 4505 2513 4556 saecularibus
2547 4519 2697 4568 quam
