3221 5116
315 400 571 487 111.2.]
1031 412 1115 465 m
1163 411 1269 464 ΕΡ.
1314 413 1418 464 An
1464 411 1932 465 ‘rmo‘rHEuM
1979 412 2024 464 1.
2617 412 2731 461 101

310 608 429 654 eos
471 587 826 653 indiscrete
853 586 1252 671 producunt,
1284 596 1352 653 et
1382 586 1657 672 quidem
1688 606 1841 653 cum
1885 587 1953 651 in
1995 588 2231 653 ceteris
2276 588 2345 653 id
2384 588 2740 654 obseruare

310 694 824 772 existimentur;
890 694 1082 777 quasi
1143 693 1301 777 quia
1358 691 1702 776 baptisma
1761 691 1966 757 faciat
2019 713 2174 758 eum
2228 714 2364 758 non
2423 693 2738 757 habuisse

315 798 486 862 duas
532 818 794 863 uxores
886 798 1265 882 frequenter
1309 807 1535 862 autem
1581 798 1711 862 hoc
1756 798 1935 862 idem
1982 806 2194 882 agunt
2233 808 2301 864 et
2336 798 2422 862 de
2465 796 2595 861 illis
2625 795 2740 879 qui

313 912 473 968 sunt
518 902 707 987 praui
738 902 1014 981 arbitrii,
1046 902 1515 966 existimantes
1545 921 1620 965 se
1663 901 1919 984 optime
1960 901 2177 966 facere
2221 902 2275 965 si
2321 900 2741 985 baptizantes

316 1006 505 1071 illum
555 1007 669 1090 qui
721 1007 862 1071 uita
921 1007 1097 1071 uixit
1155 1005 1503 1070 luxuriosa
1563 1005 1652 1070 ad
1713 1005 2126 1070 functionem
2189 1006 2534 1070 clericatus
2587 1020 2741 1086 pro·
2814 1015 2846 1085 5

315 1112 652 1191 duxerint,
684 1113 798 1196 qui
831 1110 1016 1176 nulla
1046 1131 1170 1176 nec
1202 1111 1526 1176 uirtutum
1562 1131 1685 1175 nec
1717 1111 1990 1195 pietatis
2021 1110 2370 1194 diligentia
2400 1107 2743 1194 praeditus

317 1235 641 1299 umquam
680 1215 882 1279 fuisse
921 1214 1202 1281 uidetur.
1294 1223 1370 1279 ut
1400 1223 1628 1279 autem
1672 1214 1939 1279 silentio
1970 1225 2384 1299 praeteream
2425 1211 2741 1296 baptismi

320 1340 595 1383 causam
654 1319 744 1384 ob
819 1339 1022 1402 quam
1099 1319 1317 1396 datur,
1376 1320 1463 1383 ad
1524 1339 1731 1404 quam
1792 1321 2119 1385 rationem
2195 1318 2464 1404 plurimi
2526 1336 2743 1400 neque

321 1424 644 1509 inspicere
714 1422 971 1502 uolunt,
1032 1422 1200 1486 illud
1276 1443 1437 1487 uero
1498 1422 1944 1488 conueniebat
2014 1423 2110 1488 eis
2178 1423 2361 1500 scire,
2422 1421 2740 1505 quoniam

323 1528 562 1592 beatus
607 1527 853 1591 Paulus
907 1526 995 1591 de
1039 1527 1180 1590 uita
1227 1526 1343 1591 illa
1390 1526 1693 1610 disputat
1744 1526 2113 1591 secundum
2162 1547 2365 1611 quam
2415 1523 2517 1609 (ut
2561 1522 2741 1588 idem
2776 1538 2856 1587 10

323 1628 660 1715 opinatur)
693 1638 962 1714 oportet
1002 1630 1256 1694 uixisse
1303 1629 1720 1714 episcopum,
1754 1650 1889 1695 non
1926 1631 2014 1695 de
2050 1633 2480 1697 concessione
2508 1651 2743 1716 pecea-

324 1744 544 1800 torum
606 1734 906 1817 disputat
966 1754 1138 1817 quae
1198 1752 1319 1817 per
1376 1733 1665 1816 gratiam
1713 1733 2014 1818 gignitur
2060 1734 2191 1799 illis
2239 1737 2352 1820 qui
2404 1736 2746 1821 baptisma

325 1845 783 1922 perceperunt.
873 1838 931 1900 si
979 1846 1205 1901 autem
1248 1835 1376 1901 hoc
1420 1836 1515 1901 ita
1561 1835 1703 1900 fieri
1752 1839 2084 1921 optimum
2137 1860 2284 1903 esse
2334 1841 2746 1921 existimant,

324 1940 659 2024 superflua
688 1947 792 2004 est
822 1938 1041 2003 omnis
1070 1938 1405 2022 legislatio
1449 1937 1660 2020 Pauli,
1692 1939 1854 2004 dum
1898 1960 2003 2005 res
2047 1940 2370 2008 admittat
2407 1943 2593 2009 illum
2631 1948 2747 2030 qui

322 2045 896 2131 qualitercumque
951 2043 1127 2109 uixit
1168 2044 1495 2128 baptizari
1544 2053 1614 2109 et
1658 2046 1965 2129 protinus
2012 2045 2081 2109 in
2129 2044 2379 2112 clerum
2429 2048 2855 2141 produci315

325 2212 750 2302 παράγουσιν
778 2209 996 2292 άδεῶς,
1027 2211 1245 2279 καίτοι
1273 2239 1351 2296 γε
1379 2211 1494 2278 ἐπὶ
1521 2215 1653 2280 τῶν
1680 2215 1939 2280 λοιπῶν
1969 2210 2126 2280 αὐτὸ
2158 2211 2616 2299 φυλάττεσθαι
2646 2209 2752 2278 δο·

327 2321 607 2396 κοῦντες,
669 2314 754 2387 ὥς
813 2314 895 2382 ἂν
950 2320 1070 2383 τοῦ
1119 2315 1592 2399 βαπτίσματος
1650 2319 2000 2387 ποιοῦντος
2058 2314 2256 2383 αὐτὸν
2313 2314 2530 2383 οὐκέτι
2589 2313 2753 2382 εἶναι

328 2419 753 2506 συνῳκηκότα
776 2418 968 2485 δυσὶν
988 2419 1313 2503 γυναιξίν·
1357 2416 1693 2490 πολλάκις
1717 2418 1786 2486 δὲ
1815 2422 2009 2486 τοῦτο
2033 2417 2146 2486 καὶ
2169 2418 2282 2486 ἐπὶ
2305 2421 2438 2487 τῶν
2461 2418 2754 2485 καθόλου

327 2523 685 2615 μοχθηρῶν
735 2519 1307 2610 διαπραττόμενοι,
1361 2522 1607 2590 οἴονται
1661 2522 2004 2599 κάλλιστα
2052 2527 2281 2604 ποιεῖν,
2327 2521 2387 2590 εἶ
2437 2521 2516 2605 δὴ
2567 2524 2754 2603 βαπ-

329 2629 614 2711 τίζοντες
657 2625 772 2693 τὸν
802 2622 984 2699 ὅπως
1013 2624 1180 2692 ποτὲ
1224 2625 1504 2708 ἐζηκότα
1547 2625 1662 2692 ἐπὶ
1705 2624 1827 2710 τὴν
1877 2630 1997 2692 τοῦ
2041 2624 2289 2713 κλήρου
2330 2627 2755 2714 λειτουργίαν
2781 2647 2868 2697 20

329 2727 711 2817 παράγοιεν,
759 2726 963 2812 μηδὲν
1015 2727 1248 2813 ἀρετῆς
1298 2726 1410 2794 καὶ
1456 2730 1575 2809 τῆς
1620 2725 1774 2815 περὶ
1817 2726 1939 2810 τὴν
1980 2723 2327 2807 εὐσέβειαν
2379 2726 2756 2811 ἐπιμελείας

330 2830 677 2919 γνώρισμα
720 2829 1146 2914 ἐπαγόμενον.
1266 2828 1374 2898 ἵνα
1415 2828 1545 2917 γὰρ
1591 2827 1921 2911 σιωπήσω
1966 2834 2086 2897 τοῦ
2128 2829 2600 2913 βαπτίσματος
2634 2829 2757 2911 τὴν

332 2935 571 3015 αἰτίαν,
616 2933 720 3022 ἐφ’
765 2932 807 3020 ᾗ
854 2933 1125 3012 δίδοται,
1168 2932 1335 3021 πρὸς
1378 2931 1462 3015 ἣν
1498 2931 1648 3001 οὐδὲ
1677 2931 1941 3023 άφορᾷν
1983 2930 2328 2999 ἐθέλουσιν
2372 2931 2438 2997 οἱ
2475 2931 2758 2999 πολλοί·

334 3039 541 3105 ἐκεῖνο
591 3041 752 3121 γοῦν
803 3034 1039 3104 εἰδέναι
1091 3035 1323 3108 αὐτοὺς
1375 3038 1594 3128 ἐχρῆν,
1649 3032 1757 3102 ὅτι
1806 3034 1841 3103 ὁ
1894 3034 2219 3124 μακάριος
2271 3036 2542 3106 Παῦλος
2600 3036 2759 3122 περὶ

333 3146 495 3231 βίου
539 3146 890 3233 νομοθετεῖ,
933 3146 1082 3214 καθ’
1128 3144 1206 3215 ὃν
1253 3146 1496 3231 νομίζει
1549 3144 1684 3212 δεῖν
1735 3143 2030 3227 ἐζηκέναι
2081 3142 2196 3210 τὸν
2246 3144 2755 3224 ἐπίσκοπον,ὀῦ
2785 3162 2863 3232 25

336 3251 491 3340 περὶ
521 3250 1013 3340 συγχωρήσεως
1038 3248 1412 3333 διαλέγεται
1435 3253 1552 3332 τῆς
1578 3248 1739 3334 [διὰ]
1766 3250 2039 3339 χάριτος
2068 3247 2594 3338 προσγινομένης
2624 3254 2760 3321 τοῖς

332 3355 411 3422 τὸ
454 3356 817 3438 βάπτισμα
860 3354 1242 3440 εἰληφόσιν·
1311 3352 1370 3420 εἶ
1404 3353 1532 3441 γὰρ
1575 3352 1653 3435 δὴ
1701 3357 1893 3419 τοῦτο
1934 3353 2245 3438 γίνεσθαι
2286 3354 2494 3425 οὕτως
2535 3353 2760 3430 καλόν,

336 3455 613 3542 περιττὴ
651 3459 850 3521 πᾶσα
892 3454 935 3537 ἡ
983 3453 1337 3537 νομοθεσία
1382 3456 1496 3518 τοῦ
1542 3451 1842 3531 Παύλου,
1883 3453 2447 3542 συγχωρήσαντος
2490 3453 2603 3521 καὶ
2647 3452 2763 3522 τὸν

337 3557 698 3626 όπώσποτε
743 3557 1098 3639 βιώσαντα
1157 3558 1573 3639 βαπτίζοντα
1620 3555 1812 3628 εὐθὺς
1857 3556 1946 3627 εἰς
1991 3561 2242 3644 κλῆρον
2290 3558 2492 3639 ἄγειν.
2598 3556 2760 3645 ὅπερ

438 3723 467 3759 2
503 3708 847 3758 existimantur
880 3707 946 3773 νΙ
975 3724 1102 3774 quae
1127 3707 1241 3773 (sor
1259 3706 1395 3773 quia)
1427 3708 1549 3758 CH
1703 3706 1735 3758 6
1767 3707 1974 3769 nullam,
2003 3706 2318 3772 diligentiam
2342 3708 2410 3757 H
2574 3719 2602 3771 7
2636 3710 2762 3775 bap·

338 3790 490 3840 tisma
527 3790 572 3840 C
582 3789 611 3816 ⁴*
847 3805 880 3856 9
923 3805 1011 3839 eos
1043 3790 1110 3840 H
1302 3805 1361 3840 10
1393 3790 1597 3840 ciuitate
1626 3791 1669 3839 C
1679 3791 1747 3839 H
1803 3789 2043 3839 ciuilitate
2065 3805 2129 3838 r:
2162 3805 2234 3838 sce
2254 3796 2364 3839 note
2562 3804 2616 3839 11
2654 3791 2764 3856 opi-

339 3878 524 3921 nantur
550 3868 763 3934 C(corr)
1004 3884 1061 3934 ¹3
1095 3870 1223 3920 sicut
1257 3870 1371 3935 (Jbr
1400 3871 1464 3931 si)
1504 3869 1719 3921 C*Hr
1745 3869 1755 3935 Ι
1781 3879 1856 3920 est
1892 3869 2008 3934 (sor
2037 3871 2165 3931 esse)
2206 3870 2292 3920 C*
2359 3878 2433 3920 est
2467 3878 2522 3921 ut
2562 3871 2764 3937 C(corr)

347 3966 405 4017 15
440 3952 694 4017 baptizare
717 3952 787 4001 H
976 3965 1035 4015 19
1066 3952 1396 4015 βαπτίζοντας
1426 3952 1542 4012 Cr.;
1575 3959 1690 4012 txt.,
1717 3952 1831 4002 cod.
1859 3951 1944 4001 Fr.
1972 3949 2107 4016 (who
2133 3951 2366 4001 however
2388 3961 2614 4018 suggests
2634 3956 2764 4018 βαπ·

339 4036 584 4097 τίσαντις)
751 4031 814 4084 26
849 4034 928 4084 διὰ
949 4049 1051 4085 om.
1076 4035 1188 4085 cod.
1218 4035 1333 4087 edd.
1368 4032 1377 4101 Ι
1408 4036 1754 4100 προγινομένης
1776 4036 1866 4087 Cr.
2034 4049 2097 4100 29
2127 4036 2467 4099 βαπτισθέντα
2489 4036 2574 4085 Fr.

409 4185 455 4237 7.
526 4171 759 4238 bapttkmi
776 4187 977 4222 causam
999 4173 1071 4233 ob,
1089 4173 1204 4236 δια]
1241 4172 1326 4223 On
1358 4173 1506 4224 Th.’s
1605 4173 1812 4224 distorts
1835 4174 1943 4224 into
1966 4173 2074 4223 “de
2097 4171 2390 4224 civilitate.”
2449 4175 2561 4225 The
2586 4175 2708 4236 Gk„
2739 4177 2766 4227 1

342 4254 1502 4323 doctriueofbaptismalgracesee1.p.1xxxiii‚
1610 4253 1774 4315 think,
1813 4254 1981 4304 leaves
2023 4269 2091 4303 no
2136 4254 2296 4304 doubt
2339 4255 2451 4305 that
2492 4256 2693 4306 ciuitate
2725 4258 2769 4308 is

343 4337 446 4389 and
468 4338 626 4403 insta,
655 4353 704 4403 p.
740 4349 848 4401 107.
1608 4350 1640 4385 a
1673 4335 1962 4399 corruption
1995 4334 2054 4385 of
2072 4336 2213 4393 uitem
2248 4351 2411 4402 comp.
2448 4353 2515 4388 an
2547 4337 2770 4389 instance

417 4434 494 4472 xo.
561 4419 764 4481 deuito]
779 4420 892 4470 The
905 4420 1061 4472 MSS.
1077 4420 1191 4486 give
1208 4420 1293 4472 the
1310 4427 1510 4486 strange
1609 4417 1669 4469 of
1694 4417 1780 4468 the
1812 4418 2045 4484 opposite
2078 4434 2216 4470 error
2238 4419 2292 4470 in
2313 4419 2412 4471 vol.
2444 4432 2480 4470 1.
2509 4435 2558 4486 p.
2597 4418 2704 4479 116,
2729 4420 2764 4472 1.

348 4503 556 4569 rading
569 4502 630 4554 de
648 4501 867 4560 ciuitate,
884 4502 1050 4554 which
1068 4503 1307 4555 Rabanus
1323 4502 1511 4554 further
1614 4516 1643 4565 3
1666 4500 1768 4563 (vv.
1796 4500 1894 4563 n.).
