3221 5116
1026 400 1109 451 IN
1159 400 1267 454 ΕΡ,
1310 401 1411 451 AD
1460 400 1989 452 PHILEMONEM.

2603 391 2724 470 265

309 573 704 655 specialibus
750 574 1010 655 scriptis
1052 573 1288 637 similis
1332 572 1546 636 honor
1586 594 1626 635 a
1674 573 1883 637 Paulo
1920 581 1987 636 et
2028 573 2186 636 uiris
2232 581 2298 636 et
2347 573 2732 638 mulieribus

312 677 723 759 praebeatur,
773 675 926 739 licet
985 677 1051 738 in
1107 678 1444 740 communi
1491 677 1809 740 ecclesiae
1854 677 2084 740 ordine
2132 697 2252 757 pro
2305 677 2450 758 ipsa
2494 675 2734 740 hones-

313 789 452 842 tate
505 789 573 843 et
619 781 850 843 ordine
898 781 1159 844 decenti
1206 783 1500 844 secundo
1555 783 1619 844 in
1677 780 1823 844 loco
1876 780 2037 843 uelit
2092 801 2205 843 eas
2265 801 2409 844 esse
2470 789 2536 843 et
2600 799 2731 841 non

312 886 556 949 debere
615 903 933 965 usurpare
994 882 1140 946 illas
1201 904 1397 965 agere
1445 883 1819 947 functiones
1872 902 2038 964 quas
2084 884 2205 945 uiri
2260 904 2457 964 agere
2502 883 2733 945 uiden-

312 997 436 1052 tur.

555 987 933 1068 specialiter
990 1007 1150 1049 uero
1224 988 1516 1051 scribens
1591 997 1926 1070 exaequat
1986 1008 2099 1050 eas
2161 988 2226 1049 in
2288 987 2540 1050 honore
2599 987 2734 1049 suis

315 1093 515 1166 uiris;
564 1091 744 1173 quod
778 1098 845 1152 et
880 1088 1241 1152 Corinthiis
1289 1111 1491 1172 super
1536 1090 1662 1153 hoc
1709 1091 1997 1153 scribens
2052 1090 2283 1154 fecisse
2329 1091 2608 1166 uidetur,
2643 1090 2736 1152 ita

314 1204 390 1258 ut
432 1215 563 1257 non
611 1194 920 1256 uideatur
964 1194 1531 1274 contemplatione
1577 1194 1824 1255 ordinis
1861 1192 1996 1275 [eas
2030 1193 2506 1276 exaequasse];
2552 1195 2737 1257 deni-

315 1318 447 1380 que
477 1299 721 1361 adiecit
747 1321 760 1360 :
806 1306 1249 1359 uerumtamen
1281 1318 1475 1379 neque
1504 1298 1623 1362 uir.
1652 1298 1794 1361 sine
1821 1298 2085 1361 muliere
2114 1318 2308 1378 neque
2339 1299 2577 1361 mulier
2600 1297 2740 1360 sine

316 1422 359 1464 u
365 1400 463 1464 iro
517 1401 584 1462 in
638 1400 939 1463 Domino,

1027 1399 1153 1462 hoc
1199 1419 1358 1462 uero
1404 1401 1470 1461 in
1519 1399 1666 1462 loco
1711 1402 1859 1482 quis
1907 1400 2142 1463 melius
2189 1400 2353 1464 haec
2403 1404 2546 1484 ipsa
2581 1423 2736 1485 cog-

317 1526 585 1568 noscere
617 1505 880 1586 poterit‚
912 1524 1063 1566 cum
1097 1504 1471 1566 consideret
1517 1503 1790 1568 beatum
1838 1504 2118 1567 Paulum
2161 1526 2313 1568 cum
2350 1506 2737 1569 Philemone
2774 1532 2853 1580 10

316 1611 519 1673 etiarn
554 1611 693 1672 eius
724 1629 1007 1672 uxorem
1042 1609 1106 1670 in
1139 1609 1275 1671 suis
1313 1608 1573 1689 scriptis
1623 1608 1688 1670 in
1722 1609 2131 1690 praefatione
2174 1611 2490 1692 posuisse.

450 1713 603 1776 licet
634 1733 793 1775 uero
824 1710 1204 1774 uolentibus
1246 1709 1694 1773 humilitatem
1727 1711 2012 1792 apostoli
2046 1715 2461 1795 praespicere
2492 1737 2581 1785 ex
2613 1715 2739 1779 hac

316 1817 463 1899 ipsa
495 1815 797 1898 epistola,
830 1817 1003 1879 sicut
1047 1835 1180 1878 non
1213 1816 1347 1878 cito
1379 1815 1537 1879 alibi
1572 1818 2007 1898 praespicitur
2028 1838 2043 1894 3
2093 1838 2244 1880 narn
2291 1820 2356 1881 in
2407 1821 2738 1902 praesenti

320 1921 602 2002 epistola
632 1921 779 2002 quis
811 1921 903 1982 sic
946 1919 1363 1983 insuadibilis
1403 1930 1520 1983 aut
1562 1921 1860 1985 animum
1899 1921 2152 1985 habens
2196 1923 2576 1987 induratum
2623 1923 2738 2006 qui

319 2044 452 2085 non
496 2025 873 2097 demiretur,
910 2015 1190 2087 Paulum
1238 2034 1377 2088 tam
1424 2046 1744 2108 magnum
1792 2036 1858 2089 et
1905 2029 2325 2109 perspicuum
2360 2048 2478 2109 per
2514 2028 2739 2090 omnia
2777 2050 2846 2117 ¹5

317 2139 665 2191 extantem
713 2136 780 2190 et
821 2128 1181 2189 uirtutibus
1229 2128 1502 2209 pietatis
1551 2129 1862 2190 omnibus
1916 2131 2401 2211 propemodum
2456 2129 2740 2193 homini-

318 2232 443 2294 bus
491 2230 1001 2313 praecellentem
1045 2233 1278 2295 uidens
1320 2231 1648 2313 discipulo
1678 2253 1800 2295 suo
1837 2252 1987 2294 cum
2028 2242 2219 2295 tanta
2259 2234 2542 2296 scribere
2583 2256 2739 2317 sup-

320 2336 675 2418 plicatione
728 2336 817 2397 ob
868 2335 1319 2416 praebendam
1368 2354 1562 2396 seruo
1607 2335 1921 2397 ueniam?
1975 2343 2043 2397 et
2095 2335 2220 2397 hoc
2259 2356 2390 2398 non
2433 2336 2740 2418 apostolo

317 2444 649 2505 existente
695 2439 811 2500 sed
874 2439 1019 2499 uiro
1077 2436 1257 2499 fideli
1316 2446 1388 2498 et
1449 2435 1741 2498 moribus
1790 2445 2045 2510 ornat0‚
2094 2457 2517 2502 communem
2567 2439 2740 2503 hanc

318 2552 697 2627 exequente
729 2543 960 2618 uitam,
993 2541 1163 2604 sicut
1203 2551 1302 2604 est
1344 2541 1410 2604 id
1457 2539 1772 2623 colligere
1812 2561 1902 2603 ex
1946 2539 2074 2604 illis
2119 2540 2360 2623 quibus
2404 2545 2631 2610 scribit
2663 2546 2741 2623 ei,
2771 2573 2855 2620 20

320 2670 472 2712 cum
525 2667 737 2709 uxore
785 2655 853 2707 et
908 2643 1204 2708 filio—et
1250 2646 1521 2727 quidem
1576 2654 1644 2708 ct
1685 2645 1813 2707 hoc
1861 2646 1946 2708 de
1994 2667 2228 2725 seruo;
2292 2667 2578 2729 namque
2626 2650 2739 2730 qui

320 2752 557 2815 eodem
620 2759 921 2829 tempore
982 2756 1172 2810 erant
1247 2747 1519 2828 perfecti
1589 2748 1676 2810 ab
1736 2747 1840 2810 his
1907 2749 2217 2812 omnibus
2277 2758 2466 2812 erant
2527 2749 2740 2815 alieni.

420 2937 447 2970 α
484 2919 599 2969 licet
634 2919 685 2967 in
712 2935 755 2967 c.
788 2918 910 2968 eccl.
946 2917 1210 2981 [÷ordine
1234 2916 1318 2978 H]
1342 2933 1448 2966 esse
1479 2924 1529 2966 et
1552 2933 1654 2965 non
1677 2916 1861 2966 debere
1883 2932 1976 2981 pro
1998 2917 2030 2967 i.
2059 2918 2110 2965 h.
2137 2926 2185 2967 et
2209 2934 2256 2966 o.
2282 2918 2333 2967 d.
2358 2934 2457 2967 sec.
2482 2918 2534 2968 in
2558 2918 2591 2968 l.
2621 2920 2744 2970 uelit

319 3018 405 3051 eas
430 3001 542 3067 (χόν
563 3001 948 3062 licet...debere)
979 3002 1023 3050 C
1042 3001 1110 3049 H

320 3100 397 3133 om
427 3084 470 3133 C
493 3083 558 3131 H
835 3098 894 3132 10
930 3082 1273 3131 Philemonem
1302 3083 1365 3131 H

329 3182 383 3229 17
420 3176 525 3217 tota
550 3167 666 3231 (Jbr
686 3167 845 3225 tanta)
871 3182 903 3214 r

392 3315 452 3354 1.,
504 3298 685 3347 similis
705 3296 1009 3357 honor‚&c.]
1045 3296 1124 3345 Cs-
1151 3307 1209 3345 11.
1239 3312 1325 3360 pp.
1352 3311 1410 3360 91
1427 3323 1482 3331 —

323 3391 416 3443 973
461 3392 547 3439 153
570 3392 676 3439 sq.;
711 3374 870 3437 infra,
900 3390 949 3438 p.
980 3373 1087 3439 269,
1120 3373 1149 3422 l.
1186 3388 1198 3420 ι
1225 3390 1301 3436 sq.

389 3475 435 3509 2.
493 3460 600 3507 licet
621 3459 679 3506 in
700 3456 973 3513 communi,
997 3455 1110 3516 Sec-J
1148 3455 1280 3504 Pitra
1305 3472 1319 3503 ε
1355 3458 1386 3480 “
1404 3453 1478 3502 in·

318 3543 595 3591 terturbata
657 3540 887 3589 nonnihil
944 3540 1040 3588 ista
1095 3539 1202 3587 uisa
1257 3544 1371 3586 sunt
1428 3537 1483 3585 in

322 3623 545 3673 codice.'’
614 3623 726 3672 The
764 3622 930 3670 words
973 3637 1067 3669 esse
1101 3627 1144 3667 et
1182 3635 1284 3667 nem
1322 3619 1483 3667 debere

321 3707 447 3755 have
484 3708 609 3755 been
649 3707 752 3755 first
788 3706 1012 3760 omitted,
1050 3705 1149 3753 and
1190 3704 1481 3752 afterwards

323 3790 552 3854 replaced
576 3789 627 3838 in
652 3790 735 3838 the
760 3805 932 3852 wrong
956 3789 1054 3837 line
1074 3804 1090 3848 ς
1124 3787 1187 3837 cf.
1220 3800 1254 3835 1.
1284 3803 1334 3851 p.
1367 3785 1478 3843 216.

322 3869 359 3917 l.
394 3884 464 3931 14,
495 3879 629 3917 note.

391 3963 437 4011 7.
492 3949 792 4012 exaequasse]
844 3949 995 3998 Some
1021 3949 1141 3998 such
1168 3949 1285 3998 verb
1322 3948 1361 3996 is
1395 3964 1479 3996 ne-

323 4046 517 4093 cessary
541 4040 593 4079 to
623 4030 872 4093 complete
896 4030 981 4079 the
1004 4046 1159 4080 sense.
1231 4030 1256 4078 I
1289 4031 1482 4079 believe

324 4111 555 4158 however
578 4110 684 4157 that
706 4125 736 4157 a
760 4109 923 4158 whole
954 4110 1054 4157 line
1088 4109 1177 4156 has
1201 4109 1349 4157 fallen
1374 4117 1477 4164 out,

322 4192 423 4240 and
450 4191 613 4239 would
638 4198 863 4255 suggest:
906 4192 941 4214 ‘⁴
958 4190 1025 4238 ita
1049 4200 1101 4239 ut
1124 4206 1225 4239 non
1253 4190 1480 4239 uideatur

322 4274 746 4338 contemplatione
784 4272 973 4322 ordinis
1006 4272 1111 4333 [eas
1156 4286 1479 4335 exaequasse3

322 4362 589 4419 postquam
624 4352 757 4402 enim
792 4353 981 4401 dixerat
1016 4368 1076 4400 ea
1109 4367 1237 4415 quae
1270 4352 1482 4399 dicenda

324 4437 747 4501 contemplatione
793 4436 1018 4495 ordinisJ,
1076 4432 1344 4497 deniqne,’'
1388 4434 1480 4482 ἃς.

331 4526 345 4547 ‘
363 4524 495 4572 Even
522 4522 571 4568 in
604 4537 621 4570 1
643 4521 760 4569 Cor.
780 4518 865 4577 xi.,
882 4518 1045 4567 where
1067 4518 1152 4567 the
1178 4517 1278 4580 Ap.
1300 4517 1405 4580 lays
1423 4532 1481 4564 so

1351 3020 1382 3063 4
1414 3016 1560 3064 agere
1597 2999 1691 3048 uiri
1713 2999 1781 3047 H

1099 3180 1162 3214 ἰο
1183 3171 1510 3229 exequentem
1539 3163 1583 3212 C
1603 3162 1669 3212 ll
1683 3178 1714 3209 r

2042 3013 2067 3062 7
2103 2999 2300 3048 uidetur
2321 3001 2384 3048 H
2405 3000 2413 3064 Ι
2444 3017 2743 3065 exaequasse

1649 3096 1704 3142 ¹4
1739 3080 1802 3129 sit
1829 3076 1926 3145 (ast
1946 3079 2159 3142 insuad.)
2185 3081 2292 3129 add
2312 3082 2355 3131 C
2376 3083 2523 3143 (corr)
2615 3090 2690 3133 est
2713 3100 2745 3131 r

1910 3174 1964 3209 αι
2004 3177 2119 3210 nam
2143 3163 2212 3210 H

1582 3292 1730 3341 much
1757 3301 1906 3343 stress
1926 3310 1990 3342 on
2016 3295 2103 3344 the
2117 3294 2269 3345 social
2292 3296 2667 3347 subordination
2692 3300 2750 3349 os

1581 3393 1795 3436 woman,
1837 3377 1900 3425 he
1932 3376 2058 3425 adds
2091 3391 2121 3424 a
2153 3377 2328 3440 saving
2360 3377 2540 3436 clause,
2576 3379 2740 3429 which

1581 3459 1766 3507 affirms
1784 3458 1872 3507 her
1885 3457 2106 3521 spiritual
2126 3457 2383 3522 equality.'
2428 3459 2506 3508 Cf.
2531 3460 2739 3523 Chrys.:

1581 3538 1753 3597 ἐπειδὴ
1789 3540 1889 3599 γὰρ
1931 3536 2121 3596 πολλὴν
2168 3535 2411 3600 ὑπεροχὴν
2455 3540 2631 3587 ἔδωκεν
2672 3537 2742 3602 τῷ

1581 3617 1729 3681 ἀνδρί,
1771 3617 1920 3667 εἰπὼν
1953 3617 2030 3667 ὅτι
2062 3623 2114 3678 ἐξ
2147 3617 2291 3668 αὑτοῦ
2324 3618 2356 3679 ἠ
2387 3618 2526 3679 γυνή,
2557 3622 2636 3668 καὶ
2663 3619 2741 3672 ὅτι

1584 3700 1644 3748 δι’
1691 3697 1835 3748 αὑτὸν
1882 3702 1960 3748 καὶ
2008 3697 2088 3748 ὑπ’
2132 3699 2298 3748 αὐτόν·
2347 3701 2423 3748 ἵνα
2465 3699 2591 3760 μήτε
2634 3706 2742 3754 τοὺς

1579 3778 1747 3843 ἄνδρας
1807 3784 1966 3844 ἐπάρῃ
2027 3782 2180 3830 πλέον’
2237 3780 2324 3830 τοῦ
2369 3784 2568 3843 δέοντος,
2616 3782 2742 3844 μήτε

1581 3864 1763 3913 ἐκείνας
1814 3861 2112 3923 ταπεινώσῃ,
2158 3861 2245 3925 ὅρα
2290 3863 2388 3913 πῶς
2432 3866 2609 3927 ἐνάγει
2654 3865 2742 3925 τὴν

1584 3944 1849 4009 διόρθωσιν,
1901 3947 2062 4004 λέγων
2100 3945 2254 4005 ιπλὴν
2296 3946 2406 3994 οὔτε
2443 3945 2565 4010 ἀνὴρ
2596 3950 2741 4011 χωρὶς

1580 4024 1864 4088 γυναικός,”
1888 4031 2034 4076 rra-A.

1647 4111 1694 4157 8.
1777 4109 2143 4169 uerumlamen]
2185 4126 2199 4157 ι
2240 4110 2358 4158 Cor.
2387 4112 2448 4157 xi.
2481 4125 2556 4165 ιι,
2583 4110 2733 4174 Vulg.

1650 4206 1727 4240 πο.
1784 4207 1847 4239 ex
1869 4191 1968 4239 illis
1988 4191 2164 4254 quibus
2185 4192 2370 4253 scribit]
2417 4192 2496 4241 Cf.
2522 4193 2740 4253 Ronsch,

1582 4272 1734 4329 Itala,
1763 4288 1814 4336 p.
1839 4288 1934 4335 443
1957 4288 2032 4336 sq.

1650 4367 1729 4402 αα.
1780 4353 2003 4416 peaejecli]
2040 4352 2174 4402 ‘The
2197 4353 2456 4415 educated,
2477 4354 2563 4403 the
2586 4372 2744 4419 upper

1582 4434 1782 4494 classes,
1810 4434 1869 4481 os
1896 4436 1949 4483 S.
1976 4434 2144 4484 Paul's
2173 4435 2271 4498 day
2293 4436 2408 4484 held
2446 4437 2743 4486 themselves

1583 4517 1860 4579 altogether
1881 4515 2022 4566 aloof
2039 4516 2164 4566 from
2189 4518 2315 4566 their
2337 4518 2515 4573 slaves,
2530 4517 2651 4566 took
2676 4535 2744 4567 no
