3221 5116
566 400 688 478 338
997 455 1003 459 .
1517 412 1898 462 APPENDIX
1944 414 2007 462 A.

1467 732 1612 791 VII.
1674 733 2065 792 LETTERS.

659 890 708 939 A
732 888 996 940 collection
1027 887 1085 938 os
1108 888 1247 940 these
1270 888 1321 939 in
1345 904 1376 937 a
1400 889 1571 953 Syriae
1595 888 1722 940 form
1745 889 1936 941 existed
1960 906 2145 954 among
2168 889 2254 940 the
2277 890 2572 940 Nestorians
2600 889 2659 940 os
2684 888 2995 955 Ebedjesu's

560 1016 697 1073 time,
733 1017 940 1081 bearing
972 1016 1056 1066 the
1090 1015 1199 1066 title
1232 1016 1290 1065 of
1326 1016 1426 1065 The
1457 1015 1592 1066 Book
1624 1016 1686 1081 οβ’
1716 1016 1891 1066 Pearls
1933 984 2240 1130 GM«
2270 981 2293 1009 ν
2322 1029 2348 1090 2
2388 983 2644 1092 ὶὲΔΞ),
2737 1014 2900 1063 Some
2939 1013 3003 1062 os

561 1139 698 1188 them
731 1155 861 1188 were
891 1138 1105 1204 perhaps
1134 1137 1321 1188 known
1352 1145 1406 1186 to
1440 1137 1647 1187 Photius
1676 1134 1804 1197 (cod.
1841 1148 1960 1199 177:
1995 1133 2019 1184 ὁ
2054 1137 2398 1198 Μοψουεστίας
2428 1136 2574 1197 ἐστίν,
2612 1137 2674 1187 ὡς
2707 1137 2809 1186 ἀπὸ
2838 1154 2993 1186 τινων

560 1222 834 1270 ἐπιστολῶν
864 1221 1255 1281 ἐμάθομεν-δαὶ
1287 1221 1372 1270 the
1395 1221 1558 1269 words
1581 1236 1730 1270 occur
1751 1219 1871 1282 only
1894 1219 1945 1268 in
1970 1220 2054 1269 the
2077 1219 2270 1284 margin
2293 1218 2350 1269 os
2371 1235 2467 1270 one
2491 1220 2549 1270 os
2570 1220 2650 1270 his
2673 1219 2854 1278 MSS.‚
2884 1218 2994 1267 and

496 1299 526 1359 5
560 1317 644 1352 are
667 1303 890 1369 possibly
911 1304 1054 1353 those
1077 1301 1134 1352 of
1149 1318 1212 1352 an
1238 1301 1374 1365 early
1397 1301 1632 1366 copyist).

864 1539 909 1577 1.
997 1521 1096 1578 To
1138 1521 1492 1592 ARTEMIUS‚
1540 1536 1760 1578 PRIEST
1799 1536 1879 1578 oF
1922 1521 2347 1578 ALEXANDmA
2391 1518 2526 1599 (Ep.
2561 1517 2664 1597 ii.).

562 1665 721 1748 [Fac.
766 1665 842 1726 iii.
890 1684 920 1745 5
965 1666 1028 1747 (“
1047 1666 1210 1727 idem
1248 1667 1605 1727 Theodorus
1643 1666 1705 1727 in
1744 1666 2000 1745 epistola
2036 1668 2115 1728 ad
2143 1668 2475 1729 Artemium
2506 1664 2987 1747 Alexandrinum

1367 1765 1776 1841 presbyterum
1805 1762 2178 1845 secunda'')].

680 1927 850 2001 Quos
904 1922 1166 2001 oportuit
1220 1922 1368 1983 scire
1414 1922 1555 2000 quia
1599 1925 1837 1983 Patrem
1883 1935 1943 1985 et
1989 1924 2206 1984 Filium
2256 1936 2316 1986 et
2362 1923 2644 2002 Spiritum
2699 1936 2982 1984 sanctum

556 2024 892 2095 adoramuS,
925 2021 987 2081 in
1016 2020 1141 2081 istis
1178 2020 1445 2080 diuinam
1486 2033 1544 2081 et
1586 2031 1891 2081 aeternam
1930 2032 1990 2081 et
2027 2021 2350 2082 increatam
2384 2020 2670 2099 compleri
2704 2020 2983 2082 dicentes

556 2120 890 2180 trinitatem.
980 2117 1263 2195 quoniam
1307 2117 1574 2178 eiusdem
1609 2119 1902 2179 essentiae
1944 2130 2034 2179 est
2071 2119 2546 2197 unumquodque
2583 2119 2815 2191 horum,
2857 2119 2982 2179 hoc

556 2228 660 2291 est,
691 2228 967 2276 aeternae
1003 2214 1272 2275 omnium
1310 2215 1599 2274 factorum
1628 2234 1843 2275 causae
1872 2226 1931 2275 et
1972 2236 2178 2277 reuera
2211 2215 2465 2276 diuinae.
2552 2227 2611 2276 et
2640 2218 2817 2276 Pater
2851 2235 2986 2276 non

452 2335 524 2373 10
553 2324 794 2393 propter
820 2313 1000 2386 aliud,
1032 2312 1137 2372 sed
1167 2321 1407 2388 propter
1432 2310 1730 2388 propriam
1760 2313 2074 2371 essentiam
2101 2312 2442 2373 adorandus
2480 2323 2586 2372 est.
2672 2312 2754 2372 ita
2792 2311 2980 2371 etiam

474 2486 479 2491 .
555 2424 615 2474 et
644 2412 846 2484 Filius,
876 2430 1000 2470 non
1029 2430 1137 2487 pro
1166 2409 1284 2469 alio
1322 2409 1440 2469 hoc
1476 2408 1792 2485 accipien8‚
1826 2410 1932 2469 sed
1961 2408 2102 2486 quia
2129 2408 2286 2469 illius
2316 2420 2375 2469 et
2403 2409 2534 2470 talis
2562 2408 2855 2470 essentiae
2885 2420 2984 2470 est

554 2510 711 2571 circa
739 2527 919 2587 quam
946 2507 1313 2585 congruebat
1350 2506 1499 2566 haec
1535 2504 1782 2583 impleri.
1870 2505 2139 2566 similiter
2173 2507 2354 2568 etiam
2394 2517 2455 2567 et
2489 2505 2768 2584 Spiritum
2805 2526 2983 2567 sanc-

553 2620 680 2668 tum
712 2607 978 2667 eiusdem
1014 2604 1305 2665 essentiae
1334 2614 1784 2682 cognoscenteS,
1811 2616 2052 2683 propter
2083 2605 2381 2682 propriam
2414 2603 2734 2666 essentiam
2773 2606 2984 2666 adora·

554 2725 702 2764 mus,
791 2703 878 2763 sic
907 2713 966 2763 et
994 2713 1111 2762 tres
1140 2720 1425 2779 personas
1455 2701 1729 2774 dicimus
1752 2721 2240 2779 unamquamque
2267 2704 2590 2781 perfectam
2622 2713 2682 2762 et
2702 2702 2981 2764 eiusdem

455 2816 521 2876 15
555 2799 847 2861 essentiae
897 2810 1173 2858 aeternae
1216 2817 1286 2857 ac
1328 2796 1572 2858 diuinae
1616 2807 1677 2856 et
1719 2816 1924 2857 eorum
1968 2817 2123 2874 quae
2165 2800 2322 2857 sacta
2365 2809 2502 2857 sunt
2543 2816 2783 2857 causam
2827 2797 2986 2858 arbi-

556 2909 775 2958 trantes
819 2915 948 2957 esse
960 2918 977 2971 ;
1019 2906 1079 2956 et
1117 2906 1234 2955 tres
1271 2894 1589 2954 adoramus
1632 2913 1933 2970 ρει-501135,
1979 2894 2156 2954 unius
2194 2914 2295 2956 eas
2330 2894 2621 2955 essentiae
2662 2896 2982 2956 credentes

554 3015 760 3057 reuera
788 2993 1044 3054 diuinae.
1130 2992 1440 3069 quomodo
1468 2991 1668 3067 itaque
1697 2991 1979 3068 possibile
2014 3002 2102 3051 est
2143 3003 2409 3069 quartam
2448 3012 2762 3070 personam
2801 3014 2986 3072 super

555 3095 665 3152 has
698 3093 920 3152 addere
964 3091 1124 3149 illam
1162 3110 1316 3166 quae
1354 3090 1673 3166 adsumpta
1700 3101 1790 3150 est
1819 3089 1973 3150 serui
2003 3093 2299 3151 formam?
2381 3111 2560 3167 quam
2597 3111 2795 3169 neque
2830 3092 2983 3153 eius-

558 3192 695 3251 dem
742 3186 1032 3248 essentiae
1074 3187 1424 3247 arbitramur
1464 3206 1635 3262 esse;
1689 3186 1788 3246 cui
1836 3207 2036 3264 neque
2082 3200 2324 3265 propter
2364 3207 2429 3248 se
2471 3190 2663 3249 cultus
2706 3191 2980 3264 debetur,

454 3312 529 3351 20
560 3303 754 3360 neque
783 3293 1024 3360 propter
1050 3281 1347 3359 propriam
1385 3282 1700 3342 essentiam
1741 3283 1961 3344 debere
1999 3284 2296 3362 suscipere
2334 3284 2742 3345 adorationem
2771 3305 2984 3362 agnos-

559 3382 768 3455 cimu5‚
796 3400 993 3458 neque
1022 3379 1212 3456 ipsam
1252 3381 1439 3440 solam
1482 3382 1646 3457 apud
1685 3401 1748 3442 se
1784 3381 1974 3443 diuise
2003 3382 2063 3441 in
2094 3381 2331 3460 propria
2359 3402 2612 3460 persona
2639 3384 2981 3458 adoramuS,

561 3480 735 3542 sicuti
765 3478 953 3541 diuidi
984 3498 1116 3538 eam
1146 3488 1372 3555 putant.

1490 3735 1537 3772 2.
1630 3718 1726 3774 To
1771 3716 2068 3774 Domus

567 3861 807 3944 [Leont.
869 3868 961 3935 ap.
1027 3857 1156 3918 Mai
1214 3855 1309 3930 vii.
1371 3860 1469 3933 69.
1571 3854 1922 3915 Anastasius
1974 3856 2063 3932 (cf
2116 3854 2407 3916 Sirmond.
2460 3865 2550 3932 ap.
2606 3857 2741 3914 Fae.
2791 3854 2864 3914 ix.
2918 3856 2990 3936 3)

745 3959 903 4033 eclog.
990 3953 1305 4035 (Θεοδώρου
1333 3954 1742 4032 Μοψουεστίας
1772 3958 1833 4014 ἐκ
1862 3958 1962 4030 τῆς
1989 3951 2130 4031 πρὸς
2157 3951 2385 4030 Δόμνον
2415 3949 2798 4032 ἐπιστολῆς-Π.

691 4108 765 4167 Ἡ
801 4106 921 4168 κατ’
956 4095 1216 4168 ιεὐδοκίαν
1248 4113 1360 4167 τῶν
1400 4105 1635 4183 φύσεων
1677 4105 1875 4168 ἔνωσις
1909 4104 2044 4181 μίαν
2069 4100 2410 4180 ἀμφοτέρων
2437 4103 2513 4180 τῷ
2539 4104 2640 4177 τῆς
2666 4099 2995 4179 ὁμωνυμίας

571 4205 724 4286 λόγῳ
755 4203 1043 4285 ἐργάζεται
1071 4200 1176 4280 τήν
1202 4204 1612 4285 προσηγορίαν,
1645 4202 1748 4279 τήν
1786 4202 2044 4276 θέλησιν,
2075 4199 2179 4276 τὴν
2208 4198 2506 4281 ἐνέργειαν,
2537 4199 2642 4274 τὴν
2666 4198 2992 4273 αὖθεντίαν,

470 4330 537 4388 ²5
571 4303 675 4378 τήν
719 4300 1066 4374 δυναστείαν,
1118 4300 1223 4376 τήν
1270 4301 1624 4371 δεσποτείαν,
1671 4298 1775 4375 τὴν
1821 4296 2001 4370 (ἰξίαν,
2059 4296 2164 4373 τήν
2220 4296 2494 4370 ἐξουσίαν,
2543 4294 2740 4374 μηδενὶ
2793 4295 2997 4377 τρόπῳ

572 4395 987 4473 λιαιρουμένην·
1055 4396 1175 4459 ἐνὸς
1227 4394 1564 4473 ἀμφοτέρων
1621 4393 1739 4455 κατ’
1794 4393 1966 4470 αὐτὴν
2025 4391 2335 4472 προσώπου
2392 4393 2486 4452 καὶ
2536 4391 2842 4474 γενομένου
2899 4394 3004 4453 καὶ

575 4492 889 4573 δεγομένου.
1032 4494 1067 4529 ⁴*
1233 4494 1270 4527 '¹'
1436 4494 1472 4526 ἱ·
1639 4494 1675 4526 *
1841 4493 1876 4528 ‘¹¹'
2042 4493 2079 4526 ¹*
2232 4491 2325 4549 καὶ
2354 4489 2413 4549 τί
2435 4488 2522 4548 δεῖ
2543 4490 2739 4547 πολλὰ
2764 4488 2999 4570 λέγειν;
