3221 5116
261 372 377 438 IV.
400 372 661 458 9—12.]

854 384 938 437 IN
985 385 1095 438 ΕΡ.
1141 385 1245 437 AD
1290 382 2045 437 THESSALONICENSES
2092 385 2139 436 1.
2589 378 2668 446 25

388 560 651 644 ‘itaque
693 559 809 643 qui
855 559 1022 624 haec
1066 560 1224 643 agit,
1269 558 1491 643 ipsum
1539 558 1794 642 spernit
1841 559 2084 635 Deum,
2126 556 2290 622 dum
2327 557 2414 621 ad
2466 554 2675 620 altera

261 670 538 725 uocatus
569 661 779 725 altera
818 660 993 743 agit?
1077 660 1449 726 necessaria
1491 669 1594 725 est
1638 667 1865 723 autem
1906 660 2035 723 hoc
2083 659 2151 722 in
2191 658 2341 722 loco
2386 656 2675 721 adiectio

260 783 464 847 quam
518 764 760 828 adiecit
806 765 894 828 de
942 764 1193 847 Spiritu
1255 765 1433 840 dat0,
1495 784 1576 827 eo
1637 764 1816 846 quod
1879 763 1965 827 ab
2025 762 2141 826 illo
2201 761 2393 827 nobis
2453 760 2676 823 futura

258 866 633 930 tribuentur
660 867 877 945 bona;
920 867 1287 931 seminatur
1321 866 1591 951 (inquit)
1625 879 1849 950 corpus
1875 867 2178 943 animale,
2208 864 2436 949 surgit
2457 873 2679 945 corpus

256 968 567 1050 spiritale.
633 969 1034 1052 accipientes
1065 990 1224 1053 ergo
1252 968 1675 1056 hanc-arram
1707 970 2095 1046 futurorum,
2118 968 2187 1033 id
2218 977 2319 1033 est
2350 966 2677 1051 primitias
2750 968 2781 1037 5

262 1068 567 1153 Spiritus„
618 1073 673 1135 si
727 1072 1077 1137 fecerimus
1129 1072 1261 1136 alia
1322 1082 1584 1155 praeter
1637 1072 1749 1135 illa
1802 1072 1869 1135 in
1925 1092 2207 1154 quorum
2268 1092 2388 1154 spe
2448 1090 2679 1134 sumus

260 1175 501 1252 uocati,
531 1177 780 1259 spretio
810 1187 913 1242 est
941 1178 1217 1242 euidens
1259 1177 1405 1254 Dei,
1437 1178 1551 1260 qui
1595 1177 1788 1241 nobis
1828 1196 2045 1240 arram
2087 1175 2354 1240 dedisse
2397 1174 2678 1238 uidetur.

261 1275 429 1341 haec
458 1278 544 1342 de
576 1279 987 1343 naturalibus
1016 1280 1576 1362 permixtionibus
1605 1281 1956 1363 disputans
1986 1279 2222 1343 transit
2253 1278 2339 1342 ad
2371 1278 2550 1342 aliud
2578 1301 2593 1342 ε

399 1453 478 1518 de
522 1454 793 1520 caritate
837 1466 1055 1520 autem
1090 1454 1557 1539 fraternitatis
1606 1476 1735 1519 non
1772 1473 2008 1518 necesse
2056 1451 2364 1518 habemus
2410 1451 2682 1517 scribere

262 1554 457 1633 uobis,
508 1556 636 1639 ipsi
676 1557 849 1621 enim
901 1578 944 1620 a
995 1557 1132 1620 Deo
1181 1557 1354 1621 docti
1401 1556 1568 1633 estis,
1617 1565 1694 1619 ut
1727 1555 2031 1640 diligatis
2069 1556 2342 1620 inuicem
2365 1578 2397 1631 ,·
2449 1555 2679 1620 etenim
2712 1574 2792 1623 10

245 1657 489 1739 facitis
531 1658 706 1721 illud
738 1659 811 1723 in
849 1679 1063 1723 omnes
1087 1659 1352 1741 fratres
1388 1658 1506 1741 qui
1547 1657 1622 1722 in
1660 1668 1794 1723 tota
1828 1668 1988 1723 sunt
2020 1658 2427 1723 Macedonia.
2513 1657 2679 1721 obse-

257 1779 519 1823 cramus
561 1769 778 1824 autem
825 1781 952 1838 uos,
984 1761 1263 1843 fratres,
1317 1758 1653 1824 abundare
1698 1760 1930 1843 magis,
1991 1770 2055 1823 et
2109 1759 2405 1823 studium
2451 1759 2682 1825 habere

263 1860 507 1942 quietos
550 1882 692 1940 esse,
737 1872 801 1926 et
840 1883 1030 1946 agere
1060 1861 1339 1945 propria
1375 1873 1440 1927 et
1481 1863 1740 1946 operari
1777 1860 2079 1926 manibus
2114 1861 2363 1939 uestriS,
2410 1861 2579 1925 sicut
2618 1871 2685 1926 et

250 1963 691 2046 praecepimus
741 1965 934 2042 uobis,
990 1976 1066 2029 ut
1112 1966 1457 2030 ambuletis
1503 1965 1755 2030 honeste
1802 1965 1902 2028 ad
1932 1985 2034 2030 eos
2071 1965 2190 2049 qui
2205 1965 2392 2049 soris
2418 1976 2588 2045 sunt,
2619 1975 2684 2030 et

267 2069 517 2132 nullius
545 2089 780 2132 necesse
803 2068 1111 2134 habeatis.

394 2229 710 2310 cognouit
761 2231 1090 2311 quosdam
1143 2248 1288 2293 esse
1340 2237 1410 2293 et
1454 2229 1635 2312 apud
1675 2228 1840 2305 illos,
1884 2229 1998 2311 qui
2047 2227 2247 2292 ualde
2282 2228 2681 2292 uidebantur

266 2350 410 2394 esse
454 2330 945 2413 indisciplinati,
977 2331 1090 2414 qui
1137 2330 1300 2394 nihil
1346 2340 1702 2413 operantes
1747 2351 1836 2395 ex
1882 2331 2011 2394 illis
2055 2352 2229 2414 quae
2268 2331 2352 2395 ad
2397 2331 2678 2395 aliorum

264 2434 699 2516 pertinebant·
729 2433 1103 2509 utilitatem,
1135 2434 1404 2516 insuper
1437 2434 1651 2496 otiose
1696 2433 2001 2496 uiuentes
2045 2433 2326 2496 aliorum
2369 2432 2680 2496 discutie-

266 2536 432 2601 bant
470 2537 678 2601 uitam
719 2545 786 2602 et
829 2535 1120 2601 turbelas
1173 2536 1499 2620 quasdam
1537 2556 1629 2600 ex
1676 2536 1795 2600 tali
1842 2537 2361 2601 commonebant
2405 2537 2677 2601 ratione.

264 2637 350 2700 de
389 2637 632 2720 quibus
668 2647 737 2702 et
776 2639 1072 2721 apertius
1112 2638 1179 2701 in
1223 2637 1519 2702 secunda
1558 2638 1929 2720 disputauit
1967 2638 2251 2721 epistola
2272 2658 2289 2718 ;
2337 2647 2406 2703 et
2445 2637 2573 2703 hoc
2609 2638 2675 2701 in
2704 2650 2791 2701 20

366 2876 387 2911 1
424 2861 492 2911 ad
518 2877 597 2913 om
627 2863 696 2912 H

267 2942 312 2994 C
331 2941 478 3007 (corr)
544 2943 826 2994 tribuuntur
848 2960 881 2992 r
903 2941 913 3008 Ι
942 2951 1107 3007 surget
1135 2943 1181 2993 C
1198 2941 1345 3008 (corr)

268 3037 345 3090 13,ι
359 3031 581 3074 uestrum
602 3023 856 3089 negotium
882 3023 997 3088 (sor
1014 3022 1237 3090 propria)
1260 3040 1295 3073 r

265 3232 388 3296 (“in
421 3231 593 3296 uos”).
664 3234 778 3285 ΤΙιε
811 3234 964 3286 MSS.
1005 3234 1066 3285 of
1093 3234 1271 3299 Chrys.
1314 3234 1415 3283 and

261 3315 418 3365 Thdt.
441 3330 609 3365 waver
638 3316 863 3366 between
888 3316 1033 3365 δόντα
1061 3316 1163 3365 and
1205 3315 1415 3372 διδόντα,

260 3397 382 3457 ἡμᾶς
403 3399 504 3447 and
529 3398 667 3458 ὖμᾶςς
690 3399 792 3447 and
815 3398 943 3448 their
963 3406 1240 3448 comments
1256 3397 1419 3447 throw

260 3495 328 3529 no
348 3479 477 3544 light
499 3494 634 3544 upon
656 3479 785 3529 their
805 3479 1013 3544 reading
1034 3479 1090 3528 of
1106 3479 1192 3529 the
1214 3484 1337 3528 text.

324 3580 373 3624 4.
438 3561 738 3618 seminatur,
754 3560 871 3622 δια]
899 3577 919 3611 1
944 3561 1059 3612 Cor.
1083 3576 1162 3610 xv.
1182 3578 1263 3623 44,
1283 3560 1417 3610 cited

260 3642 461 3706 already
482 3642 550 3707 by
573 3642 672 3692 Th.
704 3658 772 3693 on
803 3642 938 3708 Eph.
973 3642 1005 3692 i.
1046 3660 1078 3705 4
1114 3639 1172 3706 (1.
1201 3658 1250 3707 p.
1287 3639 1415 3705 122),

258 3723 423 3773 where
456 3723 690 3774 however
723 3740 816 3774 our
855 3723 1011 3775 MSS.
1058 3723 1172 3788 give
1214 3731 1381 3788 surget
1395 3742 1416 3781 ,-

257 3804 323 3852 ef.
358 3820 438 3855 vv.
481 3805 535 3854 ll.
573 3805 751 3855 above.
826 3805 911 3855 On
950 3804 1038 3854 the
1078 3805 1221 3868 Holy
1260 3804 1417 3869 Spirit

258 3900 314 3934 as
335 3885 421 3935 the
444 3886 685 3949 ἀρραβών,
713 3901 796 3936 see
821 3897 856 3935 1.
881 3902 933 3951 p.
953 3901 1031 3948 43,
1057 3885 1091 3934 l.
1122 3900 1197 3945 η,
1224 3893 1361 3935 note.

327 3975 372 4027 7.
437 3966 634 4030 spretio]
700 3966 923 4025 Ronsch‚
983 3965 1136 4025 Itala,
1210 3981 1262 4030 p.
1333 3976 1413 4027 77.

259 4048 409 4105 Rab„
431 4049 703 4112 according
716 4057 769 4099 to
789 4048 868 4098 his
883 4063 986 4109 use,
1007 4048 1099 4099 has
1115 4049 1416 4098 substituted

259 4145 323 4182 an
340 4133 499 4180 easier
520 4131 659 4179 word
672 4146 688 4189 3
722 4146 806 4180 see
827 4146 908 4179 vv.
931 4130 988 4179 11.

322 4226 369 4280 9.
441 4210 694 4270 habemus]
778 4209 847 4259 So
892 4209 959 4259 Ο.
1005 4208 1064 4258 L.
1116 4209 1218 4259 and
1260 4208 1411 4274 Vulg.

252 4287 467 4352 ‘Exouer
523 4292 566 4340 is
622 4291 777 4341 found
834 4290 887 4340 in
946 4290 1157 4354 Chrys.;
1210 4290 1302 4340 but
1360 4304 1416 4339 as

258 4374 416 4425 Thdt.
452 4389 666 4440 appears
701 4381 756 4423 to
799 4373 927 4425 have
971 4373 1090 4423 read
1125 4373 1280 4434 ἔχετε,
1324 4387 1418 4422 our

259 4453 480 4505 author’s
502 4462 605 4505 text
636 4462 769 4506 must
792 4455 984 4506 remain
1007 4453 1285 4505 uncertain.
1354 4453 1417 4503 In

914 2876 943 2911 a
983 2870 1060 2912 est
1091 2860 1192 2925 (ast
1217 2860 1427 2926 necess.)
1456 2877 1535 2911 om
1564 2860 1754 2924 r·(add
1773 2861 1854 2925 afl
1881 2859 2116 2922 adiectio)

2336 2878 2368 2923 4
2400 2860 2679 2910 tribuantur

1948 2952 1976 3004 7
2008 2940 2265 3007 despectio
2289 2941 2403 3005 (sor
2420 2941 2626 3007 spretio)
2647 2957 2682 2990 r

1488 3037 1549 3087 19
1581 3023 1808 3074 turbasr

1518 3233 1785 3299 rendering
1843 3235 2140 3284 θεοδίδακτοι
2182 3250 2216 3284 a
2257 3235 2340 3284 deo
2387 3234 2529 3290 docti,
2586 3249 2679 3284 our

1516 3317 1784 3366 translator
1798 3331 1970 3380 agrees
1984 3316 2106 3366 with
2122 3315 2208 3367 the
2223 3316 2389 3376 O.L.;
2410 3332 2469 3366 so
2489 3323 2575 3365 too
2592 3317 2679 3366 the

1517 3404 1617 3446 καί.
1663 3398 1873 3462 interpr.
1919 3399 1980 3448 os
2004 3399 2278 3455 Barnabas,
2323 3400 2351 3459 5
2395 3398 2498 3448 xxi.
2565 3399 2678 3448 The

1518 3477 1671 3542 Vulg.
1690 3478 1782 3528 has
1806 3484 1837 3507 ‘⁸
1855 3496 1903 3529 a.
1920 3480 1971 3529 d.
1991 3478 2288 3530 didicistis-'³
2327 3481 2430 3541 Qui
2446 3485 2679 3528 ...sunt=

1518 3561 1627 3608 τοὺς
1652 3561 1705 3608 ἐν
1726 3557 1837 3622 ὅλῃ,
1863 3562 2011 3610 κ.τ.λ.
2084 3559 2679 3610 Obsecramm...habeatis

1516 3639 1713 3689 follows
1736 3640 1820 3690 the
1845 3641 1908 3691 Ο.
1940 3642 2001 3690 Ι...
2024 3642 2077 3690 in
2100 3641 2187 3690 the
2207 3641 2345 3690 main
2358 3658 2375 3701 ς
2406 3655 2550 3704 agere
2557 3647 2676 3704 pro·

1506 3721 1635 3784 pria
1657 3720 1701 3769 is
1731 3719 1887 3770 found
1917 3721 1969 3770 in
2007 3721 2137 3771 Cod.
2171 3722 2418 3775 Clarom.;
2451 3720 2677 3768 studium

1514 3800 1691 3849 habere
1723 3799 2142 3864 (φιλοτιμεῖσθαι),
2176 3807 2236 3848 ut
2266 3798 2459 3847 nullius
2501 3814 2678 3849 necesse

1517 3881 1735 3930 habeatis
1770 3879 2130 3945 (Ζνα...μηδένος
2170 3882 2340 3943 χρείαν
2372 3881 2544 3943 ἔχητε)
2591 3897 2675 3931 are

1518 3961 1810 4026 renderings
1827 3962 2047 4026 peculiar
2064 3969 2118 4010 to
2140 3977 2232 4011 our
2248 3962 2528 4012 translator.
2563 3962 2675 4011 The

1517 4048 1859 4099 construction
1916 4051 1948 4075 ‘⁸
1968 4060 2169 4094 necesse
2223 4043 2410 4094 habere
2461 4044 2673 4094 alicuius

1518 4129 1589 4179 rei
1607 4127 1639 4150 ’⁹
1679 4144 1838 4178 seems
1878 4134 1930 4178 to
1973 4126 2102 4177 have
2143 4127 2273 4177 been
2311 4127 2579 4191 purposely
2622 4141 2672 4175 a·

1518 4210 1701 4260 voided
1724 4210 1793 4273 by
1809 4209 1894 4259 the
1918 4208 2067 4258 Latin
2089 4209 2329 4259 versions.

1590 4301 1669 4352 17.
1735 4288 2123 4353 indisciplinati]
2160 4288 2381 4348 Ronsch‚
2428 4287 2582 4345 Itala,
2618 4303 2671 4351 p.

1524 4387 1646 4436 1433
1668 4371 1899 4434 turbelas,
1925 4371 1994 4423 ib.
2022 4387 2077 4436 p.
2101 4384 2194 4435 473
2225 4370 2443 4423 otiositas
2465 4369 2673 4433 (cl-mla).

1519 4452 1590 4503 ib.
1614 4469 1667 4518 p.
1696 4465 1775 4516 52.
1969 4479 1982 4487 ·

2713 2072 2783 2141 15
