3221 5116
280 353 327 417 1.
358 352 447 438 4]
996 367 1079 416 m
1128 368 1233 417 ΕΡ.
1280 367 1382 417 AD
1429 363 1894 417 TIMOTHEUM
1945 364 1989 414 1.
2616 360 2697 429 73

273 539 471 603 huius
523 538 742 603 dicere
790 539 1192 622 progeniem,
1247 559 1419 603 nunc
1473 560 1633 604 uero
1674 538 1965 615 alteriuS,
2014 546 2083 603 et
2130 538 2370 603 iterum
2423 538 2510 601 ab
2572 535 2702 600 isto

276 642 556 705 transire
603 643 689 705 ad
738 641 1039 718 alterum,
1086 641 1281 725 quod·
1315 642 1381 706 in
1419 640 1828 725 genealogiis
1870 640 2011 705 fieri
2058 642 2229 707 solet
2272 638 2700 718 necessaria*

275 745 547 827 quando
578 745 726 827 quis
766 746 1153 828 progeniem
1194 767 1284 809 ex
1332 747 1558 810 multis
1605 746 2124 811 descendentem
2169 745 2453 810 uoluerit
2501 746 2702 809 inter-

277 850 519 929 pretari
545 868 559 925 3
609 848 935 912 ‘infinitas
956 849 971 874 '
1011 851 1362 913 nominans
1393 871 1475 914 eo
1504 850 1686 932 quod
1720 849 1977 913 nullum
2011 849 2211 913 finem
2243 849 2555 924 habeant,
2581 847 2698 912 sed

277 971 398 1014 nec
439 950 720 1015 deficere
751 953 1008 1034 possint
1039 953 1422 1016 occasiones
1451 952 1805 1018 uerborum
1853 952 1921 1015 in
1965 952 2211 1016 talibus
2254 952 2360 1015 uel
2400 953 2701 1017 maxime
2775 960 2806 1026 5

275 1056 792 1137 quaestionibuS,
825 1077 991 1144 quas
1036 1057 1240 1119 etiam
1282 1057 1664 1120 occasiones
1702 1057 2155 1120 narrationum
2198 1065 2268 1121 et
2310 1053 2698 1137 †‘sabulas’

275 1177 420 1220 esse
440 1157 632 1232 dixit,
653 1178 733 1222 eo
752 1159 931 1241 quod
954 1179 1074 1222 nec
1094 1158 1346 1241 aliquid
1370 1158 1664 1223 habeant
1683 1160 1749 1222 in
1770 1180 1842 1222 se
1863 1160 2328 1233 necessarium,
2348 1159 2465 1221 sed
2484 1158 2697 1222 solam

276 1263 725 1325 narrationem
758 1261 1195 1327 contineant*
1228 1282 1476 1327 uanam
1509 1265 1853 1346 quandam
1878 1273 1948 1327 et
1968 1263 2360 1339 fabulosam,
2381 1263 2697 1345 quoniam

275 1363 421 1426 ‘ille
470 1363 657 1427 illum
698 1385 788 1428 ex
830 1363 945 1428 illa
984 1365 1249 1448 genuit.'
1340 1375 1408 1432 et
1440 1367 1882 1447 interpretans
1914 1366 2075 1448 quid
2109 1363 2481 1429 ‘infinitum
2507 1363 2521 1388 '
2554 1385 2698 1430 esse

275 1468 456 1545 dicit,
518 1471 771 1550 optime
830 1469 1113 1535 adiecit:
1184 1491 1347 1553 quae
1404 1469 1799 1550 quaestiones
1841 1478 2187 1553 praestant
2236 1468 2451 1551 magis
2498 1489 2696 1550 quam
2735 1491 2812 1539 10

273 1570 804 1653 dispensationem
834 1572 971 1636 Dei
997 1575 1066 1637 in
1079 1574 1239 1657 fide.
1328 1573 1406 1656 †‘
1435 1573 1668 1637 talium
1705 1573 1974 1656 (inquit)
2006 1575 2316 1649 narratio,
2357 1582 2426 1637 et
2457 1572 2697 1637 sollici·

274 1676 444 1738 tudo
473 1696 645 1757 quae
675 1678 761 1740 de
791 1677 1034 1742 talibus
1064 1687 1182 1755 est,
1225 1679 1652 1762 quaestiones
1699 1678 1971 1762 quidem
2017 1679 2321 1760 copiosas
2366 1677 2694 1761 quasdam

273 1787 344 1841 et
373 1777 667 1842 infinitas
695 1788 1031 1862 praestare
1061 1781 1365 1859 uidetur;
1413 1779 1722 1863 prohibet
1752 1801 1911 1844 uero
1955 1780 2251 1844 diuinam
2290 1800 2696 1863 cognoscere

275 1883 865 1965 dispensationem,
918 1886 1286 1949 secundum
1347 1906 1551 1967 quam
1616 1885 1802 1948 Deus
1879 1893 2177 1949 nostram
2238 1884 2525 1948 salutem
2578 1903 2698 1966 per

280 1985 620 2050 Christum
671 1988 928 2069 operari
978 1987 1292 2069 dignatus
1345 1996 1464 2061 est,
1512 1987 1618 2050 cui
1665 1985 1773 2050 uel
1823 1987 2121 2050 maxime
2163 2007 2313 2050 cum
2347 1987 2530 2049 omni
2564 1986 2697 2051 fide
2734 2003 2805 2072 15

277 2089 621 2153 intendere
650 2090 964 2153 conuenit
1009 2091 1157 2153 illos
1199 2090 1312 2173 qui
1354 2090 1656 2163 audiunt,
1690 2090 1805 2172 qui
1843 2099 1912 2153 et
1958 2090 2118 2171 ipsis
2155 2089 2351 2152 rebus
2390 2090 2695 2153 ueritatis

275 2193 524 2257 habere
576 2204 855 2276 possunt
893 2190 1419 2276 probationem.*
1510 2213 1794 2276 quorum
1843 2193 2146 2256 doctrina
2193 2193 2467 2256 minime
2507 2213 2697 2275 prae-

277 2301 600 2376 termissa,
651 2300 1098 2362 successiones
1146 2317 1280 2361 non
1342 2297 1658 2360 conuenit
1718 2295 2046 2359 discutere
2089 2294 2446 2377 generum?
2536 2316 2695 2358 nam

277 2405 438 2486 quia
485 2413 646 2468 tunc
706 2403 884 2466 mala
942 2412 1133 2466 erant
1179 2403 1266 2465 de
1318 2402 1499 2464 hisce
1547 2399 1773 2476 uerba,
1824 2397 2079 2481 liquido
2122 2398 2189 2461 id
2236 2397 2556 2480 probatur
2606 2420 2695 2462 ex

283 2506 614 2573 Matthaei
664 2517 732 2572 et
786 2507 1011 2571 Lucae
1053 2506 1610 2588 euangelistarum
1659 2504 2053 2570 narratione.
2139 2504 2401 2586 utrique
2448 2504 2695 2568 etenim
2726 2522 2812 2573 20

277 2613 784 2694 explicauerunt
823 2609 1393 2694 quemadmodum
1435 2606 1683 2671 Christi
1727 2607 2069 2688 generatio
2115 2626 2204 2669 ex
2249 2607 2528 2690 antiquo
2582 2607 2698 2671 de-

280 2776 376 2861 τῷ
420 2773 622 2866 λόγῳ·
682 2772 849 2861 ὅπερ
902 2775 973 2840 ἐν
1023 2780 1168 2846 ταῖς
1217 2773 1676 2857 γενεαλογίαις
1731 2770 2040 2856 γίνεσθαι
2091 2764 2361 2849 ἀνάγκη,
2416 2766 2529 2831 νῦν
2576 2763 2697 2849 μὲν

278 2871 515 2938 τούτου
558 2871 889 2956 λεγόντων
947 2872 1023 2939 τὸ
1081 2872 1280 2956 γένος,
1334 2871 1521 2943 αὖθις
1581 2870 1649 2937 δὲ
1702 2869 1778 2936 τὸ
1831 2867 2070 2955 ἑτέρον,
2120 2863 2232 2930 καὶ
2290 2862 2505 2931 πάλιν
2563 2862 2695 2927 ἀπὸ

278 2970 513 3038 τούτου
539 2969 1037 3055 μεθισταμένων
1068 2972 1157 3042 εἰς
1190 2972 1426 3060 ἕτερον.

412 3068 702 3154 ’μύθονς’
736 3068 804 3136 δὲ
828 3067 1061 3140 αὐτοὺς
1091 3068 1431 3152 ὠνόμασεν
1460 3067 1547 3140 ὥς
1567 3065 1658 3151 μὴ
1680 3067 1959 3158 ἔχοντας
1982 3062 2349 3149 ἀναγκαίαν
2375 3058 2695 3144 διήγησιν.
2725 3083 2762 3130 2
2772 3078 2803 3146 5

410 3173 453 3255 ἦ
495 3175 623 3260 γὰρ
661 3171 816 3259 περὶ
857 3175 1071 3238 ταῦτα
1110 3171 1336 3262 σχολὴ
1378 3171 1492 3238 καὶ
1537 3170 1804 3253 ζήτησις
1840 3168 1958 3235 οὐκ
1998 3169 2074 3258 ἐᾷ
2110 3170 2358 3250 γνῶναι
2402 3166 2517 3231 τοῦ
2550 3163 2698 3230 θεοῦ

280 3275 401 3359 τὴν
459 3274 853 3359 οἰκονομίαν,
904 3273 1052 3341 καθ’
1109 3271 1190 3358 ἢν
1233 3272 1355 3358 τὴν
1412 3272 1735 3361 ἡμετέραν
1807 3272 1917 3339 διὰ
1939 3289 1949 3297 ”
1973 3273 2271 3359 Χριστοῦ
2338 3266 2696 3356 εἰργάσατο

280 3376 635 3464 σωτηρίαν·
752 3375 794 3461 ᾗ
849 3378 1115 3459 μᾶλλον
1172 3376 1535 3466 προσέχειν
1593 3376 1723 3443 ἔδει
1786 3373 1957 3459 μετὰ
2012 3375 2320 3454 πίστεως,
2371 3370 2506 3437 ἀπὸ
2566 3372 2699 3436 τῶν

280 3478 689 3569 πραγμάτων
732 3478 1008 3569 ἔχοντας
1051 3481 1167 3560 τῆς
1211 3476 1530 3560 ἀληθείας
1574 3478 1694 3562 τὴν
1739 3476 2091 3559 ἀπόδειξιν.

379 3672 408 3707 ο
445 3656 677 3707 transisse
711 3671 743 3704 r
767 3654 775 3720 Ι
805 3655 1083 3706 necessario
1115 3672 1149 3704 r
1349 3674 1381 3719 4
1414 3655 1600 3705 habent
1626 3672 1658 3704 r
1877 3668 1934 3719 ¹3
1969 3652 2237 3719 prohibent
2260 3669 2293 3701 r
2499 3664 2557 3717 19
2589 3664 2698 3700 uer·

280 3737 361 3787 bis
378 3754 411 3786 r
637 3750 702 3785 ἰο
734 3745 830 3787 utr.
857 3736 988 3801 expl.
1019 3736 1153 3786 enim
1178 3753 1211 3785 r
1435 3734 1498 3785 26
1533 3735 1688 3786 Coisl.
1719 3749 1830 3796 204,
1858 3735 1892 3785 l.
1914 3750 1957 3786 c.

351 3908 400 3951 ⁴·
465 3904 518 3938 eo
543 3889 676 3952 quod
702 3888 903 3938 nullum
917 3889 1083 3954 finem
1116 3888 1191 3950 Ιι.]
1231 3888 1441 3952 Chrys.=
1542 3888 1629 3939 the
1653 3886 1892 3949 Mishnal.

282 3972 334 4021 τί
368 3972 503 4021 ἐστὶν
535 3968 917 4031 &raptim-otu
955 3969 1065 4031 ἤτοι
1088 3967 1260 4033 πέρας
1282 3967 1445 4019 οὐδὲν
1615 3984 1688 4035 ¹9·
1756 3966 1945 4033 liquiab
1966 3963 2290 4029 t'dprobatam
2318 3961 2433 4025 &c.]
2468 3962 2518 4013 It
2538 3978 2699 4012 seems

284 4054 573 4116 ἐχούσαις,
615 4049 647 4112 ἢ
683 4049 819 4103 οὐδὲν
855 4054 1108 4115 χρήσιμον,
1139 4050 1173 4112 ἥ
1208 4049 1441 4102 &vetar-d·
1542 4052 1652 4102 that
1676 4049 1820 4100 Th.'s
1840 4053 2053 4099 account
2075 4045 2136 4095 os
2163 4044 2249 4095 the
2284 4059 2500 4109 purpose
2532 4043 2699 4094 aimed

282 4141 477 4197 ληίτου
500 4135 629 4196 ἡμῖν.
1541 4140 1592 4181 at
1620 4132 1686 4195 by
1709 4130 1794 4180 the
1815 4125 2150 4194 genealogists
2171 4124 2213 4174 is
2235 4140 2267 4174 a
2287 4139 2423 4174 mere
2451 4123 2700 4172 inserence

350 4215 399 4267 6.
476 4219 491 4243 ‘
501 4215 741 4282 fabulas’
786 4232 884 4266 esse
919 4216 1066 4277 dixit,
1111 4215 1228 4278 &c.]
1277 4214 1434 4266 Thdt.
1540 4208 1747 4259 derived
1779 4206 1909 4257 from
1938 4223 1970 4256 a
2001 4207 2316 4272 comparison
2346 4205 2404 4256 of
2435 4205 2523 4255 the
2549 4220 2699 4269 gene-

280 4297 478 4363 hssigns
512 4313 544 4347 a
564 4313 704 4348 more
731 4297 937 4348 definite
972 4312 1114 4347 sense
1152 4305 1205 4347 to
1235 4298 1439 4356 μύθονςε
1541 4288 1732 4353 alogia
1775 4287 1834 4337 os
1867 4288 1963 4339 SS.
2008 4287 2158 4338 Matt-
2213 4288 2315 4337 and
2366 4286 2525 4336 Luke.
2600 4284 2701 4335 His

283 4399 336 4440 μ.
367 4372 749 4437 ἐκάλεσεν...τήιν
776 4375 1043 4436 ’Ῑουδαῢεὴν
1068 4377 1320 4441 ἑρμηνείαν
1350 4372 1441 4436 τήν
1541 4375 1822 4421 comments
1842 4384 1910 4420 on
1934 4369 1988 4421 S.
2015 4368 2165 4419 Matt.
2189 4367 2220 4418 i.
2252 4368 2353 4417 and
2377 4367 2431 4418 S.
2459 4365 2603 4418 Luke
2624 4365 2694 4417 iii.

288 4460 370 4509 ὑπ’
405 4457 563 4509 αὐτῶν
596 4455 894 4526 καλουμένην
928 4458 1274 4518 &cvr-&pmcn
1310 4454 1366 4518 [i.
1391 4470 1435 4505 e.
1545 4467 1606 4516 ²3
1630 4467 1723 4517 sq„
1751 4464 1837 4500 are
1856 4447 2225 4513 unfortunately
2246 4447 2371 4498 both
2392 4447 2618 4513 missing.
2666 4488 2682 4501 .
