3221 5116
320 404 449 473 VI.
492 402 615 490 17.]‘
1040 415 1129 467 JN
1177 416 1286 468 ΕΡ.
1332 415 1437 467 AD
1480 414 1949 470 τιΜοτΗΕυΜ
1991 416 2042 469 1.
2614 403 2735 485 185

323 592 516 656 deret
573 612 664 656 ex
720 588 852 655 hoc
907 589 1226 675 quoniam
1287 609 1523 654 omnes
1580 587 1898 673 subiugat
1956 596 2028 654 et
2072 596 2316 673 potens
2373 596 2478 654 est
2534 587 2740 653 etiam

325 694 690 758 daemones
718 692 1075 776 subiugare
1105 700 1174 756 et
1204 701 1489 757 mortem
1527 691 1825 756 adimere
1854 698 1923 755 et
1953 693 2179 756 omnia
2209 690 2324 756 illa
2353 690 2746 774 intercipere

323 819 498 883 quae
527 817 650 861 nos
681 796 768 860 ad
814 815 1128 877 praesens
1171 793 1519 878 adfligunt.
1607 794 1762 858 ideo
1809 801 1886 858 et·
1910 792 2163 859 ‘solum
2188 794 2204 822 '
2235 793 2414 859 dixit
2457 791 2744 858 ‘habere

325 900 912 977 inmortalitatem,’
944 920 1026 963 eo
1056 900 1239 983 quod
1282 897 1613 963 sufficiens
1651 898 1737 961 sit
1780 898 1972 962 nobis
2010 896 2141 963 hoc
2178 906 2520 982 praestare
2559 895 2743 981 quod

324 1004 469 1088 ipse
513 1004 694 1069 solus
728 1004 1028 1087 possidet
1072 1004 1140 1067 in
1181 1011 1436 1081 natura,
1486 1023 1528 1067 a
1575 1001 1762 1066 nullo
1807 1001 1939 1066 alio
1985 1003 2358 1069 adsecutus,
2445 1009 2518 1067 et
2560 999 2742 1085 quod
2815 1012 2850 1080 5

325 1108 505 1171 dixit
565 1106 828 1171 ‘lumen
886 1105 1200 1170 habitans
1259 1101 1750 1183 inaccessibile‚'
1819 1102 2396 1170 confirmationem
2468 1104 2744 1182 habens,

322 1209 506 1293 quod
556 1209 623 1273 in
668 1209 976 1273 inmenso
1018 1208 1317 1292 quodam
1360 1207 1614 1272 lumine
1660 1214 1730 1271 et
1776 1206 2215 1273 inaccessibili
2259 1207 2592 1292 persistat,
2625 1210 2740 1293 qui

325 1312 529 1377 etiam
567 1321 636 1376 et
680 1332 842 1377 uera
883 1312 1140 1377 ratione
1175 1313 1498 1377 iustorum
1542 1330 1824 1393 corpora
1867 1301 2119 1376 lumine
2163 1311 2361 1377 saciet
2392 1310 2743 1379 inlustrari.

323 1414 447 1479 sed
483 1423 553 1479 et
592 1412 756 1478 illud
789 1413 971 1498 quod
1012 1414 1189 1478 dixit
1215 1435 1239 1479 ε
1297 1434 1483 1497 quem
1517 1412 1701 1477 uidet
1742 1411 2080 1477 hominum
2127 1434 2310 1479 nemo
2366 1434 2480 1479 nec
2525 1414 2745 1481 uidere

306 1528 535 1605 potest,
563 1528 640 1583 ut
679 1520 993 1584 ostendat
1032 1519 1350 1602 quoniam
1380 1517 1583 1581 ‘nihil
1614 1517 2054 1583 demiratione
2098 1518 2378 1601 dignum
2410 1525 2513 1583 est
2541 1518 2599 1582 si
2629 1517 2743 1584 illa
2776 1532 2858 1582 10

323 1644 498 1707 quae
528 1632 688 1686 tunc
718 1641 876 1706 erga
905 1643 1027 1686 uos
1068 1630 1261 1686 erunt
1298 1620 1384 1684 ad
1429 1640 1752 1703 praesens
1784 1640 1922 1684 non
1967 1621 2326 1685 uideantur
2345 1641 2363 1701 3
2409 1621 2742 1704 siquidem

325 1737 397 1792 et
428 1728 569 1811 ipse
598 1728 713 1810 qui
744 1727 937 1791 nobis
984 1727 1113 1790 ista
1152 1724 1534 1789 conlaturus
1574 1733 1677 1789 est
1718 1724 2069 1790 inuisibilis
2109 1724 2306 1789 nobis
2345 1726 2599 1790 existat
2622 1746 2745 1810 per

324 1828 710 1896 naturaml*
775 1831 1000 1913 sicque
1022 1848 1216 1893 suum
1239 1848 1615 1893 sermonem
1640 1828 2010 1893 futurorum
2034 1828 2539 1895 confirmatione
2561 1831 2745 1897 uisus

326 1943 429 1999 est
458 1954 977 2011 consummasse,
1009 1943 1085 1999 ut
1115 1934 1329 2017 magis
1370 1933 1684 1998 suaderet
1726 1931 2091 1998 Timotheo
2126 1931 2473 2016 inuigilare
2513 1934 2600 1999 de
2639 1932 2744 1999 his

325 2057 501 2119 quae
529 2037 657 2102 sibi
702 2047 859 2103 sunt
894 2038 1159 2122 scripta.
1246 2036 1490 2102 adiecit
1529 2058 1690 2102 uero
1731 2045 1801 2102 et
1832 2037 1919 2102 de
1959 2036 2298 2116 diuitibus,
2330 2037 2744 2121 perspiciens
2778 2047 2852 2117 15

328 2142 647 2224 quoniam
679 2142 807 2207 hoc
838 2143 905 2206 in
953 2141 1176 2206 media
1204 2150 1396 2225 parte
1437 2139 1765 2225 epistolae
1809 2141 2029 2206 dicere
2058 2140 2599 2226 praetermiserat
2628 2140 2745 2207 ubi

327 2245 417 2310 de
446 2247 684 2311 ceteris
714 2247 1176 2331 disputauerat
1206 2245 1294 2310 ad
1326 2264 1518 2311 eum:

454 2372 779 2439 diuitibus
807 2374 885 2438 in
912 2371 1072 2458 [hoc]
1104 2373 1350 2437 saeculo
1362 2373 1660 2459 praecipe
1687 2395 1814 2439 non
1843 2375 2056 2440 altum
2083 2389 2315 2461 sapere.

331 2540 551 2610 ἱκανὸν
591 2545 785 2610 τοῦτο
830 2542 983 2629 ἡμῖν
1025 2552 1430 2638 παρασχεῖν·
1476 2547 1583 2615 καὶ
1625 2547 1702 2615 τὸ
1732 2551 1878 2630 ᾠῶε
1909 2547 1979 2616 δὲ
2015 2546 2208 2616 οἷκῶκ
2249 2548 2595 2637 ἀπρόοπτοκ,
2628 2541 2746 2615 σῦ-

328 2671 574 2713 στασιν
594 2645 753 2736 ἔχον
773 2650 893 2714 τοῦ
910 2649 980 2714 ἐν
1000 2647 1231 2737 ἀφάτφ
1250 2649 1383 2717 τινὶ
1404 2650 1514 2717 καὶ
1535 2650 1884 2740 ἅπροσίτφ
1906 2653 2326 2744 τυγχάνοντα
2349 2652 2520 2738 φωτὶ
2542 2651 2744 2723 ὅντως
2770 2673 2859 2724 20

329 2748 408 2832 δὴ
442 2748 728 2837 φωτεινὰ
755 2749 867 2816 καὶ
894 2752 1025 2818 τῶν
1053 2750 1323 2819 δικαίων
1348 2752 1660 2836 ποιήσειν
1687 2754 1775 2821 vd
1811 2756 2110 2841 σώματα·
2154 2753 2357 2825 οὕτως
2396 2754 2513 2822 καὶ
2546 2754 2623 2823 τὸ
2661 2756 2740 2824 ὄΝ

328 2847 487 2919 einen
544 2851 740 2929 οῩΔεὶε
798 2854 1159 2942 ἇκθρώπωκ
1223 2855 1368 2932 οῩΔε
1421 2855 1570 2923 ibt-:in
1628 2862 1886 2936 ΔΫΝΔτω,
1939 2857 2114 2924 ὥστε
2162 2857 2371 2941 δεῖξαι
2408 2854 2514 2924 ὅτι
2557 2855 2746 2925 οὐδὲν

326 2953 711 3038 θαυμαστὸν
754 2953 845 3039 μὴ
900 2957 1253 3043 φαίνεσθαι
1303 2961 1417 3025 νῦν
1465 2957 1549 3023 τὰ
1595 2960 1747 3026 τότε
1793 2959 1949 3048 περὶ
1999 2960 2173 3043 ἡμᾶς
2226 2957 2522 3044 ἐσόμενα,
2574 2957 2745 3026 ὅπου

325 3083 405 3143 «γε
434 3056 546 3123 καὶ
580 3055 774 3128 αὐτὸς
802 3056 838 3124 ὅ
868 3057 1116 3126 τούτων
1144 3060 1352 3130 αἴτιος
1381 3057 1662 3148 ἀόρατος
1691 3060 1849 3146 ἡμῖν
1876 3061 2099 3144 πάντη
2128 3060 2250 3144 τὴν
2278 3060 2488 3150 φύσιν
2519 3061 2719 3133 ἐστίν.

424 3219 779 3281 4nobissitr
1021 3221 1961 3290 7inomCrlinaccaesibileC‘H'

328 3299 467 3362 quod
485 3315 565 3349 om
592 3301 637 3351 C
654 3318 688 3351 r
918 3317 979 3354 10
1008 3304 1148 3355 nulla
1171 3303 1286 3369 (fin-
1302 3303 1450 3366 nihil)
1478 3305 1523 3355 C
1541 3322 1575 3355 r

331 3390 384 3434 et
405 3383 476 3434 ait
501 3380 940 3450 (afleum)addr
1135 3388 1196 3438 18
1228 3385 1427 3438 hocom
1455 3386 1587 3438 CH

2190 3226 2462 3277 δείνων
2711 3240 2747 3294 9

1771 3318 1829 3372 15
1864 3302 2498 3379 suntomHladicit'Cr
2686 3318 2744 3371 17

401 3531 447 3584 7.
554 3523 613 3573 iu
644 3522 867 3574 inmenso
897 3525 1109 3591 quodam
1141 3525 1348 3585 hmine,
1371 3525 1488 3590 δια]
1585 3527 1758 3595 cupies
1778 3545 1836 3581 so
1858 3528 2130 3595 important
2150 3543 2183 3579 a
2204 3527 2366 3594 place.

333 3603 518 3668 Comp.
542 3605 641 3655 Th.
663 3622 732 3655 on
753 3606 839 3656 Ps.
861 3607 981 3657 xvii.
1012 3622 1069 3657 η
1103 3605 1316 3673 (lingue,
1341 3607 1486 3673 664):
1660 3625 1735 3661 ιι.
1778 3607 2216 3675 π’φιίιίιηιαῄῥεε]
2248 3608 2433 3672 Comp.
2450 3605 2539 3657 the
2559 3621 2744 3657 comm.

331 3688 444 3746 περὶ
487 3684 632 3736 αὐτὸν
676 3688 729 3737 δὲ
782 3684 815 3748 ἢ
859 3686 1043 3748 σκηνή
1092 3688 1274 3738 αὐτοῦ·
1313 3687 1388 3749 ἦν·
1433 3685 1490 3738 ἵν’
1588 3706 1658 3741 on
1689 3690 1805 3742 Col.
1827 3690 1899 3741 iii.
1924 3705 1954 3754 3
1989 3691 2051 3755 (1.
2073 3706 2127 3755 p.
2151 3689 2287 3755 ²99)·
2353 3688 2430 3738 As
2462 3694 2517 3739 to
2548 3687 2636 3739 the
2667 3687 2743 3738 in·

332 3767 466 3830 arv,
487 3766 546 3817 τὸ
566 3767 682 3829 φῶς.
749 3767 810 3819 ὥς
837 3770 918 3819 καὶ
946 3767 977 3817 ὀ
1003 3786 1119 3830 mee.
1152 3767 1347 3820 Παῦλος
1379 3771 1490 3833 περὶ
1587 3770 1831 3836 visibility
1850 3771 1912 3822 of
1936 3771 2053 3822 God
2075 3786 2159 3821 sce
2190 3769 2279 3820 the
2309 3783 2495 3819 comm·
2528 3783 2598 3818 on
2630 3769 2745 3820 Col.

333 3850 483 3899 αιή-οΰ
507 3854 672 3913 φησίν,
711 3852 727 3877 ‘
740 3848 840 3912 φῶς
867 3850 1010 3903 clx&
1041 3850 1339 3916 ἀπρόσιτον)
1404 3855 1492 3914 τῆς

328 3928 436 3995 ’γὰρ
478 3928 627 3991 αὐτῆς
667 3935 851 3984 ἐννοίας
892 3935 1059 3997 ἔχεται
1097 3932 1366 3998 ἀμφότερα·
1401 3932 1489 3984 ὥσ-

335 4030 429 4077 περ
470 4011 565 4077 γὰρ
606 4014 709 4076 φῶς
750 4017 896 4066 οἰκεῖν
945 4018 1165 4078 λέγεται,
1209 4015 1358 4068 οὕτως
1409 4018 1491 4067 καὶ

337 4093 371 4155 ἦ
415 4093 573 4157 σκηνὴ
613 4095 701 4146 τοῦ
744 4095 857 4147 θεοῦ
897 4098 1093 4159 λέγοιτο
1135 4096 1194 4148 ἂν
1236 4094 1403 4163 amplas
1432 4099 1493 4149 τδ

338 4173 459 4238 φῶς.
531 4175 644 4227 The
697 4192 876 4228 reason
928 4178 1078 4243 given
1134 4179 1186 4228 in
1241 4180 1327 4230 the
1379 4195 1491 4244 pre·

337 4265 449 4308 sent
484 4266 738 4309 comment
775 4258 853 4309 for
885 4259 972 4310 the
1006 4260 1229 4311 mention
1267 4261 1328 4312 of
1365 4261 1492 4327 light

338 4339 393 4389 in
433 4339 715 4390 connexion
757 4341 880 4391 with
927 4341 1046 4392 God
1087 4341 1132 4392 is
1172 4342 1395 4406 peculiar
1437 4349 1494 4392 to

337 4421 438 4471 Th.
472 4421 574 4471 and
605 4422 975 4474 characteristic
1011 4423 1071 4473 of
1094 4423 1175 4475 his
1206 4432 1407 4489 system,
1438 4424 1494 4475 in

340 4501 505 4553 which
538 4503 625 4554 the
656 4504 983 4556 resurrection
1022 4504 1081 4555 of
1118 4506 1205 4556 the
1236 4506 1374 4570 body
1410 4521 1492 4557 oc·

1588 3850 1625 3900 i.
1654 3866 1730 3916 15,
1752 3853 1853 3902 and
1875 3860 2037 3902 notes.

1661 3935 1737 3982 18.
1793 3932 1852 3981 in
1885 3932 1973 3982 hoc
2006 3929 2217 3993 saeculo]
2278 3930 2332 3980 ἐν
2365 3925 2438 3993 τῷ
2473 3927 2558 3979 νῦν
2590 3926 2745 3980 affin.

1589 4014 1705 4064 The
1725 4015 1964 4065 omission
1986 4013 2045 4064 of
2059 4014 2144 4064 hoc
2163 4013 2216 4063 in
2237 4012 2324 4063 the
2349 4019 2455 4064 text
2486 4013 2530 4064 is
2560 4012 2747 4080 clearly

1591 4097 1896 4156 accidenta13
1926 4112 2010 4146 see
2026 4103 2144 4147 next
2160 4095 2281 4146 line.
2335 4096 2488 4147 Latin
2500 4096 2741 4160 versions,

1598 4176 1794 4226 “huius
1815 4176 1989 4227 mundi
2008 4193 2050 4226 s.
2067 4176 2251 4227 saeculi
2266 4176 2295 4199 '’
2318 4173 2424 4240 (τοῦ
2442 4175 2525 4227 νῦν
2541 4174 2746 4241 albos).

1591 4258 1774 4308 Altum
1795 4266 1988 4324 saper&
2017 4259 2165 4309 Latin
2194 4258 2432 4320 versions,
2471 4260 2743 4325 “superbe,

1592 4338 1808 4390 sublime
1849 4337 2077 4405 sapere.”
2163 4339 2243 4391 ef.
2286 4339 2458 4390 Tisch.
2500 4340 2576 4389 ad
2608 4339 2663 4388 h.
2678 4339 2746 4389 1..-

1594 4425 1862 4472 “ceterum
1908 4421 2060 4471 Rom.
2099 4421 2165 4473 xi.
2211 4437 2276 4474 20
2315 4420 2486 4472 Latini
2522 4412 2766 4488 plerique'

1593 4504 1755 4554 altum
1775 4509 1941 4570 sapere
1957 4502 2194 4554 habent.”
