3221 5116
479 302 603 377 318
689 347 693 352 .
1149 350 1177 399 ·.
1366 292 1369 297 ⁴
1440 315 1827 367 APPENDIX
1874 307 1939 367 Ἀ.

474 484 842 569 inmutabilis
870 486 1122 549 omnino
1151 499 1211 550 et
1238 489 1316 549 ad
1346 490 1656 551 dexteram
1693 492 1912 552 sedens
1949 489 2087 565 Dei,
2116 489 2297 552 iudex
2326 501 2418 553 est
2443 488 2706 553 uniuersi
2733 486 2898 551 orbis

475 594 775 657 terrarum,
807 595 1016 662 utpote
1038 585 1101 645 in
1128 605 1204 647 eo
1231 585 1436 647 diuina
1464 598 1674 649 natura
1699 587 1955 650 faciente
1982 588 2288 650 iudicium.
2879 588 2880 591 ’

710 743 800 782 11.
888 719 1045 805 [Act.
1081 724 1267 785 Conc.
1301 726 1422 787 CP.
1454 723 1510 785 ii.
1547 744 1625 787 ιν.
1663 747 1734 786 12
1769 726 1911 805 (“et
1938 738 2077 805 post
2106 725 2303 805 alia'').
2380 727 2517 806 Vig.
2554 725 2671 810 12].

596 834 695 896 Sic
728 834 903 913 igitur
939 845 1001 896 et
1036 836 1153 910 hic,
1185 836 1621 915 sapientissime
1660 838 1950 912 omnium,
1980 840 2202 900 habere
2232 859 2343 900 nos
2372 840 2557 901 doces
2588 840 2895 903 Christum

472 952 716 994 sensum
744 946 809 995 ut
839 946 1110 994 sanctum
1133 935 1420 1014 Spiritum
1449 937 1774 997 habentem
1799 937 1962 996 illum
1994 936 2095 1014 qui
2124 956 2334 998 sensus
2363 938 2606 999 Christo
2633 937 2898 1014 aliquam

412 1049 444 1108 5
475 1029 754 1091 uirtutem
798 1030 1184 1107 adimplebat,
1232 1033 1612 1109 prudentiam
1646 1034 1702 1093 ei
1737 1044 2045 1111 praestans
2090 1032 2168 1092 ad
2217 1032 2421 1093 omnia
2463 1052 2618 1109 quae
2660 1032 2901 1109 agenda

477 1141 662 1201 erant,
690 1127 844 1189 sicut
870 1138 932 1188 et
958 1127 1022 1187 in
1048 1129 1542 1204 praecedentibus
1570 1129 2130 1202 demonstrauimuS,
2161 1132 2325 1207 quod
2353 1131 2431 1190 ab
2475 1130 2607 1207 ipso
2649 1128 2900 1207 quidem

474 1227 539 1287 in
567 1247 841 1288 eremum
860 1230 940 1289 ad
968 1229 1291 1289 certamina
1318 1248 1472 1305 quae
1494 1239 1703 1289 contra
1720 1228 2030 1289 diabolum
2054 1238 2222 1288 erant
2242 1229 2589 1301 ducebatur,
2610 1225 2900 1286 unctione

476 1336 679 1386 autem
724 1324 877 1385 illius
926 1324 1234 1387 scientiam
1278 1338 1340 1388 et
1387 1327 1510 1387 uim
1543 1346 1747 1388 eorum
1788 1346 1943 1404 quae
1979 1328 2214 1403 agenda
2249 1338 2418 1387 erant
2457 1325 2806 1404 accipiebat,
2835 1335 2902 1385 et

474 1421 634 1483 illius
673 1423 969 1500 particeps
1009 1424 1202 1483 sactus
1240 1441 1364 1481 non
1392 1424 1587 1483 solum
1617 1423 1904 1483 miracula
1930 1421 2204 1495 faciebat,
2235 1423 2346 1482 sed
2375 1420 2553 1481 etiarn
2584 1420 2900 1497 quomodo

379 1544 452 1583 10
478 1518 565 1578 uti
593 1522 910 1597 oportebat
938 1518 1235 1580 miraculis
1262 1519 1489 1580 sciebat
1517 1520 1827 1593 subtiliter,
1859 1532 1922 1581 ut
1951 1532 2158 1581 notam
2188 1519 2436 1597 quidem
2466 1522 2687 1580 faceret
2713 1515 2903 1595 genti-

478 1617 592 1677 bus
628 1616 931 1694 pietatem,
965 1629 1267 1695 pateretur
1301 1628 1503 1677 autem
1546 1616 1942 1678 laborantium
1983 1616 2370 1691 infirmitateS,
2402 1628 2463 1678 et
2495 1617 2583 1677 sic
2623 1617 2701 1677 ad
2729 1617 2905 1695 effec-

470 1725 605 1775 tum
656 1734 824 1774 suam
869 1716 1244 1775 uoluntatem
1286 1715 1567 1775 educeret
1578 1736 1596 1789 3
1640 1728 1700 1774 et
1741 1714 2168 1775 iustificabatur
2210 1713 2353 1775 inde
2391 1727 2452 1775 et
2480 1713 2902 1775 immaculatus

477 1813 921 1887 ostendebatur,
973 1811 1099 1872 siue
1153 1811 1528 1889 separatione
1584 1811 1858 1889 peiorum
1905 1811 2034 1873 siue
2078 1810 2354 1872 custodia
2402 1812 2717 1873 meliorum
2767 1810 2902 1873 siue

476 1909 660 1973 etiam
688 1910 978 1987 paulatim
1006 1909 1086 1969 ad
1115 1908 1363 1969 meliora
1388 1909 1773 1986 profectibus

654 2058 740 2097 12.
831 2034 907 2118 [F
909 2058 994 2098 ac.
1025 2034 1103 2096 iii.
1139 2058 1169 2097 2
1206 2033 1357 2118 (“in
1397 2056 1580 2115 opere
1622 2038 1789 2113 quod
1829 2050 2041 2099 contra
2077 2036 2491 2116 Apollinarem
2531 2038 2721 2100 edidit

1452 2134 1628 2196 tertio
1654 2135 1809 2196 libro
1820 2133 1922 2217 '’)].

378 2269 445 2329 15
603 2244 993 2306 Manifestum
1038 2256 1132 2306 est
1164 2245 1325 2307 enim
1367 2248 1535 2324 quod
1573 2249 2000 2309 Samosatenus
2039 2250 2260 2310 Paulus
2298 2250 2617 2327 episcopus
2647 2247 2900 2326 quidem

478 2346 587 2406 suit
625 2344 1037 2406 Antiochenae
1065 2344 1352 2406 ecclesiae
1381 2345 1614 2407 domini
1645 2345 1779 2418 Dei,
1809 2358 1870 2407 et
1898 2345 2204 2407 Theodoti
2233 2359 2436 2407 autem
2466 2358 2527 2407 et
2556 2347 2900 2408 Artemonis

480 2462 675 2503 errore
718 2455 1048 2521 aegrotanS,
1079 2443 1183 2521 qui
1216 2463 1431 2521 purum
1481 2443 1789 2505 hominem
1834 2442 2110 2505 dixerunt
2154 2464 2285 2505 esse
2329 2444 2646 2506 dominum
2692 2446 2899 2506 Iesum

479 2538 803 2614 Christum,
849 2560 974 2602 non
1022 2561 1160 2602 eum
1206 2553 1705 2619 recognoscentes
1750 2543 1950 2604 Deum
1999 2542 2270 2603 Verbum
2326 2552 2386 2604 et
2445 2540 2508 2603 in
2564 2541 2901 2605 substantia

477 2638 717 2717 propria
746 2637 962 2699 Filium
995 2637 1112 2699 Dei
1140 2650 1280 2699 ante
1308 2641 1548 2700 saecula
1573 2659 1651 2700 ex
1678 2641 1816 2700 Deo
1846 2642 2021 2700 Patre
2047 2650 2294 2700 aeterno
2329 2650 2649 2701 extantem.

1531 2818 1713 2877 Boot<
1758 2833 1837 2876 ιν.

688 2960 737 3000 1.
826 2937 904 3022 [F
904 2960 990 3000 ac.
1021 2937 1095 2998 ix.
1128 2958 1167 3012 4
1197 2938 1261 3019 (“
1283 2935 1347 2997 in
1370 2948 1603 3015 <quarto
1644 2937 1927 2998 adversus
1966 2935 2378 3016 Apollinarem
2419 2937 2573 2999 libro
2591 2935 2691 3020 ”)].

376 3078 452 3117 20
603 3054 909 3131 Quoniam
942 3064 1147 3114 autern
1184 3063 1245 3113 et
1278 3052 1439 3113 iuxta
1466 3072 1578 3113 nos
1608 3054 1793 3113 homo
1821 3051 2038 3113 dicitur
2065 3071 2138 3111 ex
2164 3051 2366 3112 anima
2394 3063 2455 3113 et
2482 3072 2733 3131 corpore
2760 3072 2902 3113 con-

479 3167 652 3229 stare,
702 3166 762 3215 et
805 3154 956 3213 duas
1000 3151 1245 3229 quidem
1290 3153 1398 3210 has
1441 3149 1697 3211 dicimus
1736 3159 1992 3221 naturas,
2032 3149 2294 3208 animam
2339 3161 2397 3210 et
2436 3169 2675 3227 corpus,
2709 3170 2896 3211 unum

480 3272 622 3314 uero
667 3250 974 3312 hominem
1015 3270 1089 3310 ex
1123 3249 1422 3309 ambobus
1469 3247 1906 3325 compositum;
1947 3257 2013 3307 ut
2055 3265 2481 3308 conseruemus
2529 3267 2716 3318 unum
2765 3268 2899 3310 esse

479 3362 814 3428 utrumque,
854 3357 1092 3426 oportet
1119 3346 1490 3407 confundere
1518 3359 1759 3406 naturas
1788 3355 1848 3405 et
1876 3355 2358 3405 reconuertentes
2385 3346 2584 3405 dicere
2613 3345 2895 3423 quoniam

480 3447 682 3509 anima
708 3466 846 3508 caro
876 3455 967 3506 est
994 3454 1054 3505 et
1081 3463 1219 3504 caro
1247 3443 1481 3505 anima?
1519 3453 1580 3504 et
1608 3440 1894 3519 quoniam
1923 3442 2024 3503 illa
2050 3442 2295 3520 quidem
2334 3441 2663 3503 inmortalis
2705 3456 2796 3505 est
2838 3457 2899 3507 et

379 3569 449 3628 25
480 3545 798 3624 rationaIiS,
854 3563 992 3605 caro
1041 3561 1183 3602 uero
1238 3540 1504 3602 mortalis
1553 3553 1615 3601 et
1669 3539 2055 3615 inrationali5‚
2101 3552 2583 3602 reconuertentes
2627 3541 2899 3604 dicamus

481 3643 624 3721 quia
670 3640 1001 3703 inmortalis
1047 3648 1138 3700 est
1184 3638 1447 3700 mortalis
1497 3649 1558 3699 et
1600 3637 1968 3699 inrationalis
2016 3636 2364 3698 rationalis?
2425 3638 2533 3698 sed
2582 3659 2776 3717 neque
2823 3659 2901 3700 ex

480 3739 686 3802 diuina
712 3738 998 3816 scriptura
1023 3739 1141 3798 hoc
1169 3734 1370 3797 edocti
1407 3754 1625 3810 sumus,
1660 3753 1699 3795 o
1728 3732 2163 3811 sapientissime
2196 3731 2483 3807 omnium,
2515 3753 2711 3811 neque
2743 3729 2897 3797 alius

480 3836 795 3916 quisquam
825 3836 941 3894 hoc
970 3832 1113 3894 dicit
1140 3851 1337 3910 neque
1365 3831 1426 3891 in
1458 3831 1816 3891 hodiernum
1855 3830 2016 3891 diem
2055 3848 2262 3890 eorum
2302 3829 2405 3907 qui
2443 3850 2652 3890 sanam
2691 3832 2899 3891 huma-

482 3954 622 3995 nam
663 3934 888 3993 habent
929 3943 1210 4003 mentem,
1254 3941 1487 4008 praeter
1528 3947 1639 3988 uos
1681 3928 1785 4005 qui
1824 3947 1933 4005 per
1973 3926 2176 3987 omnia
2217 3926 2359 3987 estis
2398 3927 2708 3989 dementes
2727 3950 2746 4002 3
2791 3929 2895 4007 qui

378 4057 456 4113 30
482 4023 990 4108 dispensationem
1018 4046 1173 4104 quae
1201 4037 1446 4104 propter
1473 4043 1585 4085 nos
1613 4026 1769 4084 sacta
1795 4036 1887 4084 est
1913 4025 2249 4084 auferentes
2275 4024 2581 4084 ablatione
2608 4026 2893 4104 adsump-

483 4127 662 4189 tionis
699 4124 937 4197 mentiS,
968 4123 1030 4184 in
1069 4122 1262 4201 ipsam
1306 4133 1570 4182 mentem
1614 4120 1901 4182 iudicium
1943 4119 2268 4198 recepistiS,
2301 4120 2480 4181 totius
2517 4120 2896 4200 insipientiae

580 4274 608 4322 3
643 4255 1060 4321 sapientissimum
1097 4254 1147 4303 V
1166 4251 1174 4318 Ι
1203 4252 1388 4304 Christi
1417 4253 1523 4302 CV
1642 4270 1674 4314 4
1696 4251 1939 4302 habentes
1967 4252 2012 4300 C
2033 4249 2042 4316 1
2072 4251 2236 4301 sensui
2259 4250 2447 4301 Christi
2480 4252 2532 4300 V
2654 4265 2681 4315 5
2715 4252 2822 4303 eius
2856 4254 2903 4302 V

484 4353 510 4405 7
546 4338 834 4389 unctionem
869 4337 921 4385 V
1070 4352 1089 4387 ι
1101 4350 1130 4398 3
1164 4334 1474 4400 reparatione
1508 4335 1560 4383 V
1697 4349 1724 4383 2
1730 4349 1758 4398 5
1793 4334 2072 4383 diceremus
2093 4333 2196 4383 edd.
2360 4347 2421 4396 30
2443 4333 2509 4382 ab
2532 4333 2757 4384 oratione
2781 4335 2897 4400 (sor

480 4422 581 4474 auf.
606 4420 731 4480 abl.)
754 4418 861 4467 edd.
