3221 5116
1232 131 1259 156 .,

473 359 563 426 94
1144 357 1600 412 THEoDoRus
1649 333 2234 413 MOPSU'ESTENUS
2642 351 2760 437 [11.
2803 371 2826 417 1
2842 369 2899 433 3.

475 541 611 590 non
643 526 977 591 modicam
1009 527 1273 593 dicendi
1304 529 1619 595 fiduciam
1662 532 1727 596 in
1776 552 2132 598 commune
2162 533 2439 618 adsequi
2479 534 2899 600 uidebantur.

473 627 655 693 unde
694 638 762 694 et
792 630 1289 696 instruebantur
1317 635 1686 698 necessario
1719 644 1794 700 ut
1825 657 1958 700 non
1991 636 2077 700 ad
2118 637 2654 702 deturbationem
2687 639 2899 703 eccle·

471 730 610 793 siae
649 733 1017 815 spiritalem
1062 738 1348 819 gratiam
1395 740 1844 818 abuterentur,
1889 763 2062 824 quae
2109 743 2282 806 intra
2322 743 2728 806 domesticos
2773 763 2899 824 pa-

471 837 670 901 rietes
728 838 892 902 illud
953 842 1306 906 ostendere
1365 843 1452 906 ad
1514 844 1800 911 aliorum
1860 845 2219 909 utilitatem
2291 845 2647 909 debebant.
2752 842 2897 927 †de

406 942 839 1024 5d0mestica
883 944 1062 1006 enim
1104 947 1608 1010 conuersatione
1655 967 1882 1010 earum
1924 947 2088 1011 haec
2131 957 2421 1012 statuere
2468 968 2896 1030 nequaquam

468 1046 849 1129 patiebatur
901 1046 1189 1126 Paulus;
1259 1069 1475 1133 neque
1529 1051 1804 1114 uetabat
1858 1050 2163 1115 mulieres
2211 1061 2284 1115 ut
2329 1052 2570 1135 impios
2615 1057 2895 1119 maritos

466 1170 623 1214 suos
659 1152 745 1215 ad
785 1150 1105 1234 pietatem
1148 1152 1254 1215 uel
1297 1152 1657 1216 inuitarent
1702 1154 1808 1216 uel
1855 1153 2185 1230 docerent,
2233 1162 2349 1218 aut
2392 1156 2539 1237 pios
2574 1156 2890 1220 inconue-

468 1252 728 1318 nienter
770 1264 1241 1319 conuersantes
1290 1255 1378 1317 ad
1424 1276 1629 1338 opera
1689 1256 2049 1320 inuitarent
2099 1256 2480 1321 uirtutum!
2568 1279 2726 1322 nam
2774 1261 2893 1323 ubi

468 1359 591 1423 erit
644 1358 824 1443 quod
873 1358 1127 1422 dictum
1176 1367 1294 1435 est,
1342 1358 1511 1421 unde
1552 1358 1724 1421 enim
1767 1359 1909 1436 πίε,
1955 1359 2205 1436 mulier,
2248 1360 2316 1423 si
2353 1360 2578 1423 uirum
2622 1362 2889 1425 saluum

362 1477 442 1525 10
447 1463 733 1546 facias?
820 1464 981 1527 dicit
1022 1483 1181 1546 ergo
1225 1462 1342 1527 illa
1386 1464 1471 1528 ad
1511 1484 1955 1541 communem,
2002 1475 2078 1529 ut
2123 1464 2283 1542 dixi,
2328 1475 2677 1544 ornatum;
2727 1488 2884 1531 nam

406 1597 411 1603 ·
466 1567 553 1631 ad
585 1567 856 1651 plenum
889 1567 1004 1630 illa
1034 1588 1206 1651 quae
1238 1568 1304 1630 in
1336 1589 1696 1632 commune
1727 1569 2134 1633 conueniunt
2159 1568 2444 1651 plurima
2475 1570 2543 1632 in
2563 1570 2890 1652 epistolae

465 1681 656 1753 parte
716 1673 896 1736 uisus
955 1681 1058 1736 est
1132 1672 1401 1737 dixisse.
1491 1673 1671 1737 unde
1731 1683 1799 1737 et
1859 1675 2128 1755 copiose
2181 1672 2534 1751 intendens
2587 1672 2767 1756 quod
2817 1675 2887 1736 in
2939 1727 2945 1732 .

465 1776 804 1841 communi
849 1777 1369 1858 congregatione
1415 1796 1549 1838 non
1594 1777 1834 1840 deceat
1879 1776 2189 1839 mulieres
2228 1776 2455 1852 docere,
2490 1775 2609 1838 sed
2642 1797 2769 1839 esse
2815 1777 2888 1839 in

462 1879 732 1955 silentia,
783 1889 851 1943 et
890 1878 1194 1961 'primam
1247 1879 1518 1964 quidem
1573 1881 2038 1962 probationem
2100 1880 2259 1945 facit
2321 1901 2412 1945 ex
2465 1889 2718 1956 natura,
2763 1881 2887 1944 ad-

360 1991 433 2060 15
464 2003 688 2048 serens
713 2006 729 2047 :

594 2118 822 2183 Adam
850 2119 1022 2184 enim
1037 2119 1306 2203 primus
1320 2122 1694 2205 plasmatus
1721 2131 1831 2199 est,
1861 2122 2086 2187 deinde
2114 2122 2183 2185 E
2185 2143 2289 2186 ua.

594 2239 891 2305 secundo
923 2238 1008 2303 de
1038 2237 1168 2302 illis
1197 2260 1370 2323 quae
1400 2240 1815 2303 acciderant:

593 2402 749 2491 περὶ
796 2401 927 2487 «γάρ
973 2431 1077 2471 τοι
1125 2408 1240 2487 τῆς
1290 2403 1431 2471 κατ’
1487 2401 1669 2471 οἷκον
1712 2402 2134 2491 ἀναστροφῆς
2177 2403 2392 2470 αὐτῶν
2443 2405 2650 2469 ταῦτα
2694 2429 2882 2486 νομο-

466 2504 736 2587 θετῆσαι
772 2504 891 2575 οὐκ
934 2505 1017 2574 ἄν
1055 2533 1222 2574 ποτε
1252 2505 1547 2598 ἠνείχετο
1580 2510 1870 2586 Παῦλος,
1902 2505 2033 2573 οὐδ’
2079 2507 2158 2572 ἂν
2199 2504 2532 2573 ἐκώλυσεν
2568 2510 2881 2590 «γυναῖκας

352 2624 439 2672 20
462 2609 503 2692 ἢ
547 2607 957 2690 ἀσεβοῦντας
997 2610 1140 2682 τοὺς
1180 2609 1416 2696 ἄνδρας
1457 2608 1793 2677 παιδεύειν
1833 2608 1953 2693 τὴν
1992 2608 2356 2689 εὐσέβειαν,
2389 2607 2430 2691 ἦ
2473 2608 2565 2693 μὴ
2608 2607 2878 2679 δεόντως

464 2714 1007 2798 πολιτευομένους
1053 2714 1162 2780 ἐπὶ
1207 2711 1294 2780 τὰ
1333 2712 1451 2796 τῆς
1494 2710 1732 2799 α’ρετῆς
1777 2711 1936 2799 ἔργα
1981 2711 2313 2799 προάγειν.

560 2871 588 2906 2
624 2857 1023 2922 deturpationem
1053 2859 1096 2908 C
1402 2872 1430 2921 3
1465 2856 1740 2922 spiritalem
1769 2861 2040 2921 gratiarum
2077 2857 2160 2907 C*
2216 2857 2438 2922 spiritale
2459 2857 2619 2921 gratia
2659 2857 2702 2906 C
2726 2857 2877 2917 (corr)

462 2938 674 3005 spiritali
711 2939 872 3004 gratia
906 2957 971 2990 r:
1021 2946 1103 2990 txt
1139 2940 1207 2990 H
1224 2937 1233 3004 Ι
1262 2938 1391 2991 infra
1418 2939 1705 2989 domesticis
1745 2939 2016 3004 parietibus
2058 2939 2224 2989 C*H
2253 2939 2438 3004 [paries
2479 2938 2707 3000 C(corr)]
2751 2937 2880 2986 infra

461 3022 762 3073 domesticos
785 3023 988 3089 parietis
1011 3038 1043 3072 r
1172 3036 1199 3085 5
1235 3038 1407 3072 eorum
1437 3022 1480 3071 C
1489 3021 1557 3070 H
1562 3037 1625 3069 r:
1658 3020 1720 3085 qs]
1742 3036 1786 3085 g
1911 3022 1942 3069 8
1975 3021 2187 3072 inuitare
2213 3023 2260 3071 C
2276 3022 2345 3071 H
2364 3039 2377 3071 ι
2411 3028 2538 3070 txtr
2678 3035 2710 3086 9
2744 3020 2876 3068 enim

459 3120 538 3153 om
560 3105 630 3154 H
818 3119 878 3154 10
911 3105 978 3154 ob
1003 3102 1114 3168 (for
1134 3104 1220 3167 ad)
1250 3105 1340 3154 Cr
1536 3104 1592 3152 18
1629 3102 1785 3152 Coisl.
1816 3119 1927 3164 204,
1950 3104 1986 3153 l.
2014 3121 2051 3153 c.

528 3250 571 3299 3.
644 3237 783 3285 intra
825 3236 953 3285 dom.
984 3234 1215 3300 parietes]
1286 3234 1383 3284 See
1433 3250 1514 3281 vv.
1560 3232 1615 3281 11.
1723 3232 1809 3282 vii.
1840 3231 1913 3294 16,
1943 3234 2075 3283 cited
2099 3234 2205 3283 also
2227 3234 2295 3297 by
2312 3233 2466 3283 Thdt.
2490 3232 2679 3281 acilas.

458 3316 613 3381 Infra
651 3332 745 3366 can
778 3317 899 3383 only
931 3317 995 3366 be
1029 3332 1060 3365 a
1090 3313 1325 3380 copyist’s
1364 3316 1476 3379 slip.
1550 3315 1628 3365 of

1791 3332 1864 3366 10.
1935 3318 2009 3366 ad
2023 3332 2326 3365 communem
2343 3323 2403 3364 ut
2417 3316 2466 3364 d.
2487 3315 2745 3376 ornatum]
2775 3317 2788 3341 ‘
2803 3316 2877 3365 As
2951 3338 2968 3357 ο

458 3398 546 3446 the
568 3398 667 3447 abl.
697 3398 823 3448 aster
845 3399 987 3449 intra
1009 3398 1034 3447 1
1057 3398 1185 3447 have
1216 3412 1282 3445 no
1313 3396 1542 3460 example
1565 3403 1619 3445 to

456 3478 603 3543 give3
652 3479 857 3529 Ronsch
893 3479 1062 3539 (Itala,
1105 3493 1153 3543 p.
1201 3476 1316 3541 407)
1364 3484 1509 3526 notes
1552 3477 1617 3526 its

457 3576 758 3611 occurrence
780 3561 905 3611 aster
926 3561 1084 3626 infra.

521 3637 569 3689 6.
658 3655 814 3703 neque
872 3640 1067 3690 uetabat
1130 3639 1272 3699 mul„
1332 3638 1449 3699 δια]
1537 3636 1614 3687 Cf.

459 3720 662 3786 Pelag.:
732 3720 986 3785 “publice
1035 3736 1137 3770 non
1183 3718 1424 3784 permittit
1438 3736 1453 3779 ς
1496 3734 1616 3768 nam

456 3800 615 3851 filium
632 3808 717 3851 aut
739 3801 941 3851 fratrem
959 3802 1110 3850 debet
1130 3801 1312 3850 docere
1328 3797 1615 3865 priuatim.”

454 3882 681 3947 Thpht.:
717 3881 809 3944 οὐχ
839 3884 1009 3933 ἅπλῶς
1043 3881 1281 3931 διδάσκειν
1321 3884 1492 3930 κωλύει
1524 3879 1616 3940 τὴν

453 3967 681 4027 γυναῖκα,
729 3962 846 4015 ἀλλ’
892 3967 945 4015 ἐν
991 3965 1239 4026 ἐκκλησίᾳ·
1297 3964 1392 4025 ἰδίᾳ
1425 3961 1517 4026 ’γὰρ
1560 3966 1616 4012 οὐ

454 4040 736 4103 κεκῶλυται,
751 4047 858 4095 ἐπεὶ
874 4047 953 4095 καὶ
977 4047 1251 4108 Πρίσκιλλα
1273 4046 1359 4093 τὸν
1383 4043 1617 4093 Ἀπολλὼ

455 4129 751 4190 κατήχησεν,
797 4128 879 4177 καὶ
914 4125 947 4187 ἡ
987 4125 1141 4186 πιστὴ
1181 4124 1307 4187 ’γυνὴ
1348 4127 1431 4175 τὸν
1468 4127 1617 4190 ἄνδρα

455 4210 679 4271 κατηχεῖ.

521 4304 569 4355 7.
636 4290 720 4341 uel
737 4289 1019 4341 inuitarent
1050 4291 1135 4341 uel
1157 4289 1398 4352 docet-eni]
1464 4290 1541 4342 Cf.
1573 4303 1610 4340 1.

452 4391 501 4439 p.
529 4372 694 4423 xxxvi.

518 4458 564 4505 8.
659 4454 748 4504 ubi
781 4454 878 4507 erit
909 4455 1043 4518 quod
1069 4455 1197 4515 d.e.,
1243 4454 1356 4515 δια]
1428 4470 1447 4503 1
1490 4455 1609 4505 Cor.

1719 3411 1750 3445 a
1787 3404 1966 3446 matter
2002 3398 2062 3445 os
2089 3412 2321 3446 common
2357 3396 2503 3459 order
2522 3395 2559 3457 3’
2585 3396 2659 3463 cs.
2697 3404 2868 3459 supra,

1719 3492 1804 3541 pp.
1844 3491 1923 3539 93,
1962 3477 2016 3525 11.
2059 3476 2131 3537 16,
2173 3492 2265 3535 τος
2315 3476 2413 3525 and
2463 3476 2541 3535 68,
2578 3477 2612 3524 1.
2644 3479 2690 3527 8.
2764 3476 2875 3525 The

1717 3560 1925 3624 reading
1957 3560 2016 3608 os
2044 3562 2088 3610 C
2108 3577 2139 3608 r
2169 3560 2260 3609 has
2294 3559 2571 3623 originated
2609 3559 2659 3608 in
2694 3575 2726 3608 a
2757 3559 2873 3608 mis·

1717 3639 2080 3704 apprehension
2103 3639 2162 3689 os
2178 3639 2263 3689 the
2285 3655 2443 3688 sense.

1789 3736 1861 3781 14.
1924 3720 2152 3782 primam
2174 3718 2467 3779 ...soeuudoJ
2536 3720 2607 3769 So
2658 3719 2871 3785 Onrysa

1718 3801 1906 3861 πρῶτον
1949 3796 2336 3857 ἐπλάσθη...αἷπὸ
2371 3800 2553 3846 τούτων
2599 3801 2757 3861 ἐχέτω
2808 3796 2873 3847 τὰ

1716 3882 1943 3942 πρωτεῖα,
1969 3882 2132 3940 φησίν·
2170 3881 2387 3941 δεύτερον
2412 3880 2482 3940 δέ,
2519 3877 2618 3928 ἀπὸ
2652 3881 2746 3930 τῶν
2781 3878 2873 3940 ἤδη

1713 3960 1997 4024 γενομένων.
2076 3962 2200 4011 And
2256 3962 2423 4025 Pelag.
2488 3962 2742 4027 (repeated
2806 3963 2872 4026 by

1718 4043 1986 4092 Primasius
2008 4044 2109 4092 and
2141 4043 2419 4106 Sedulius):
2457 4048 2489 4071 ‘⁴
2505 4044 2668 4095 reddit
2698 4059 2871 4093 causas

1715 4140 1867 4189 quare
1905 4140 1990 4174 eas
2026 4124 2150 4174 uelit
2186 4140 2294 4174 esse
2332 4125 2579 4174 subiectas
2593 4144 2608 4186 ς
2662 4125 2866 4185 scilicet,

1714 4205 1832 4271 quia
1874 4214 1925 4256 et
1969 4207 2266 4271 posteriores
2309 4207 2362 4257 in
2409 4206 2600 4257 factura
2653 4216 2767 4259 sunt
2814 4217 2872 4260 et

1714 4289 1903 4354 priores
1927 4289 1978 4338 in
2001 4287 2199 4354 culpa.'’
2303 4318 2312 4323 -

1784 4369 1859 4420 16.
1884 4370 2168 4434 plasmatus
2200 4369 2287 4431 est]
2320 4365 2556 4429 ἐπλάσθη.
2591 4370 2702 4419 The
2721 4370 2867 4420 Latin

1714 4452 2003 4502 authorities
2059 4467 2178 4516 vary
2230 4452 2458 4501 between
2534 4450 2819 4502 “formatus
2840 4451 2867 4474 ’'
