3221 5116
375 432 829 484 FRAGMENTS
876 433 969 484 OF
1016 433 1172 483 THE
1218 434 1609 485 DOGMATIC
1656 435 1918 485 WORKS
1964 433 2057 485 OF
2105 434 2533 485 THEODORE.
2608 436 2732 501 293

313 605 681 668 adunatione
721 627 1027 686 personae,
1059 606 1121 667 in
1149 627 1269 667 una
1308 606 1712 684 adpellatione
1753 605 1937 667 totius
1979 606 2359 666 considerata
2398 605 2526 665 siue
2564 605 2736 664 adsu-

313 702 532 764 mentis
559 703 686 764 siue
715 702 895 765 etiam
932 704 1234 782 adsumpti
1262 715 1487 764 natura.
1556 715 1617 764 et
1648 703 1857 784 (ueluti
1885 703 1971 764 sic
2000 701 2222 781 dicam)
2254 701 2316 762 in
2343 701 2448 762 filii
2474 702 2736 778 adpella-

313 797 478 860 tione
533 799 710 861 simul
765 812 826 862 et
882 804 1081 863 Deum
1136 804 1404 862 Verbum
1460 802 1851 879 adpellamuS,
1908 811 1969 861 et
2023 803 2408 879 adsumptam
2462 812 2734 861 naturam

313 897 758 978 (quaecumque
798 899 900 960 illa
939 897 1040 978 sit)
1082 899 1604 977 consignificamus
1647 910 1890 977 propter
1934 898 2368 959 adunationem
2423 916 2606 975 quam
2653 898 2733 957 ad

311 994 481 1057 illum
510 998 711 1058 habet.
2803 1018 2835 1078 5

1376 1124 1556 1181 Boot<
1599 1140 1680 1181 vi.

310 1222 473 1306 [Fac.
506 1229 545 1288 l.
565 1246 606 1286 c.
641 1227 705 1305 (“
716 1238 887 1289 sexto
916 1226 1185 1289 eiusdem
1216 1228 1413 1306 operis
1444 1228 1616 1301 libro,
1636 1227 1904 1306 capitulo
1921 1226 2086 1308 liv'').
2135 1229 2226 1290 Cf.
2253 1226 2505 1299 Sachau‚
2525 1245 2581 1303 p.
2607 1222 2732 1306 55].

432 1338 494 1400 Si
532 1360 672 1418 ergo
708 1340 1016 1400 hominem
1059 1340 1327 1401 dicentes
1367 1341 1671 1402 Christum
1717 1340 2183 1402 ‘hominicolae'
2220 1341 2420 1402 uocari
2465 1341 2619 1404 iuste
2647 1341 2732 1403 eis

310 1432 603 1510 uidemur,
633 1440 751 1497 hoc
777 1450 1101 1515 antequam
1132 1458 1244 1499 nos
1272 1437 1606 1499 diceremus
1636 1439 1926 1517 scriptura
1952 1440 2160 1501 docuit
2188 1459 2400 1500 omnes
2437 1440 2730 1514 homineS,

310 1549 420 1607 per
446 1551 519 1592 ea
546 1532 763 1610 quibus
801 1533 1111 1595 hominem
1147 1554 1364 1595 uocare
1394 1556 1516 1596 non
1544 1546 1776 1596 recusat
1795 1559 1813 1610 ;
1854 1536 2010 1595 sicut
2046 1535 2315 1613 superius
2343 1535 2405 1595 in
2432 1535 2732 1614 plerisque

310 1627 459 1688 locis
486 1629 688 1690 uocari
715 1631 833 1692 hoc
860 1631 1105 1692 nomine
1127 1632 1431 1694 Christum
1459 1634 1849 1695 ostendimus.
1906 1637 1922 1665 ‘
1940 1634 2048 1694 sed
2068 1633 2375 1694 hominem
2398 1632 2729 1713 (inquiunt)

310 1745 522 1803 purum
561 1725 828 1790 dicentes
870 1749 1002 1790 esse
1041 1729 1366 1805 Christum,
1395 1729 1792 1791 hominicolas
1833 1742 2068 1808 oportet
2110 1729 2313 1790 uocari
2331 1733 2365 1789 ⁹.
2450 1732 2567 1790 hoc
2609 1731 2728 1790 iam
2761 1754 2833 1794 10

308 1840 582 1905 apertum
617 1832 1000 1892 mendacium
1038 1844 1143 1907 est,
1177 1831 1474 1910 siquidem
1513 1834 1634 1894 hoc
1671 1833 1871 1894 dicere
1909 1832 2241 1893 uoluerunt.
2329 1832 2529 1892 nullus
2566 1815 2727 1891 enim

309 1923 636 2000 aliquando
663 1926 812 1986 haec
838 1946 952 1987 nos
979 1928 1176 1989 dicere
1204 1927 1435 1989 audiuit
1453 1949 1471 2003 3
1512 1939 1574 1988 et
1605 1939 1756 2007 puto
1793 1948 1991 2006 neque
2028 1927 2175 1990 istos
2213 1928 2513 2006 suscipere
2551 1946 2729 2004 posse

310 2023 546 2084 mentiri
577 2024 958 2085 mendacium
996 2038 1119 2085 tam
1153 2036 1442 2103 apertum,
1475 2044 1599 2085 non
1630 2024 1770 2102 quia
1806 2043 1931 2085 non
1971 2024 2211 2102 cognite
2250 2043 2314 2084 se
2355 2023 2617 2084 habeant
2648 2023 2729 2083 ad

310 2121 708 2194 mendacium,
739 2124 848 2183 sed
875 2121 1016 2199 quia
1053 2121 1321 2200 redargui
1350 2142 1415 2183 se
1443 2142 1624 2200 posse
1666 2117 1944 2182 facillime
1981 2122 2229 2196 uident;
2268 2139 2636 2197 quamquam
2679 2118 2729 2180 si

311 2217 510 2278 minus
564 2218 691 2279 eius
740 2230 924 2292 curet,
971 2231 1030 2281 et
1079 2220 1197 2280 hoc
1244 2219 1491 2280 forsitan
1536 2220 1861 2298 contingat.
1947 2238 2058 2279 nos
2108 2219 2269 2281 enim
2319 2218 2467 2278 haec
2508 2217 2726 2293 dicere,
2761 2236 2830 2296 15

309 2314 374 2376 id
415 2327 521 2391 est,
568 2315 879 2394 Unigeniti
921 2337 1134 2394 negare
1183 2316 1577 2389 diuinitatem,
1622 2335 1894 2376 summae
1936 2315 2119 2376 furiae
2167 2334 2299 2376 esse
2346 2313 2694 2374 arbitramur
2710 2336 2729 2391 ς

309 2422 413 2471 aut
453 2411 602 2490 quid
643 2411 763 2471 iam
804 2423 985 2473 restat
1024 2432 1131 2472 cur
1169 2415 1247 2472 ab
1286 2411 1599 2472 haereticis
1642 2415 2025 2488 separemur?
2106 2410 2277 2470 cuius
2318 2408 2402 2469 rei
2441 2408 2629 2485 gratia
2668 2420 2731 2469 et

309 2508 458 2569 tales
512 2519 574 2569 et
627 2517 821 2567 tantas
875 2506 1319 2585 persecutiones
1388 2507 1796 2569 sustinemus?
1862 2518 1967 2568 aut
2021 2506 2155 2584 quis
2209 2505 2440 2583 ignorat
2494 2523 2732 2582 semper

309 2607 629 2665 aduersum
685 2624 796 2665 nos
849 2605 927 2666 ab
982 2606 1294 2667 haereticis
1348 2608 1571 2668 bellum
1629 2607 1767 2686 agi?
1848 2627 2031 2668 omne
2086 2610 2391 2667 metallum
2440 2619 2502 2669 et
2548 2627 2731 2669 omne

307 2703 511 2762 locum
552 2702 853 2762 desertum
893 2703 1186 2780 repletum
1226 2715 1318 2764 est
1359 2723 1432 2765 ex
1474 2703 1691 2764 nostris
1732 2702 2074 2764 horninibus
2116 2713 2358 2781 propter
2395 2703 2729 2763 doctrinam
2760 2722 2835 2761 20

309 2798 549 2876 pietatis
779 2798 818 2835 ⁴*
1063 2798 1098 2834 ¹*
1343 2801 1382 2839 ἵ·
1604 2802 1755 2862 haec
1782 2812 1984 2862 autem
2013 2800 2217 2861 omnia
2245 2802 2491 2877 quando
2519 2801 2729 2862 beatus

313 2896 597 2957 Meletius
638 2895 918 2956 sustinuit
957 2894 1199 2974 primus,
1244 2909 1304 2959 et
1344 2918 1483 2957 cum
1524 2897 1631 2959 illo
1672 2898 1896 2959 deinde
1936 2897 2108 2959 multi
2149 2917 2256 2976 per
2295 2896 2634 2976 prouincias
2668 2910 2729 2959 et

309 2992 582 3054 ciuitates
630 3003 691 3053 et
733 2994 886 3065 loca,
928 2994 1007 3054 ab
1046 2994 1375 3068 haereticiS,
1419 2995 1590 3055 cuius
1638 2994 1724 3057 rei
1766 2995 2022 3073 gratia?⁶
2078 3015 2284 3056 nonne
2329 2996 2471 3073 quia
2517 3015 2726 3056 uerum

309 3091 734 3168 praedicabant
778 3089 996 3151 Filium
1046 3091 1163 3151 Dei
1208 3094 1287 3153 de
1335 3092 1596 3154 essentia
1641 3105 1889 3170 paterna
1929 3093 2218 3171 genitum,
2266 3113 2503 3172 semper
2551 3093 2727 3155 simul

310 3200 612 3251 extantem
648 3208 786 3251 eum
827 3200 1150 3267 generante
1179 3193 1370 3264 Patre,
1400 3191 1695 3253 addentes
1732 3189 1912 3252 etiam
1949 3192 2029 3253 de
2066 3190 2286 3270 Spiritu
2318 3203 2527 3254 sancto
2564 3191 2726 3270 piam
2758 3210 2788 3248 2
2798 3206 2830 3266 5

308 3288 746 3350 confessionem
762 3291 792 3350 Ρ
871 3288 1121 3366 qualiter
1162 3287 1364 3366 itaque
1408 3288 1510 3366 qui
1566 3300 1735 3350 tanta
1781 3301 2025 3368 propter
2076 3291 2234 3351 hanc
2286 3287 2727 3352 confessionem

308 3387 466 3465 passi
493 3407 718 3461 sumus,
739 3386 1102 3447 calumniam
1129 3387 1252 3466 pati
1280 3389 1357 3448 ab
1385 3388 1530 3466 ipsis
1556 3408 1878 3466 possumus
1898 3389 2085 3451 ueluti
2116 3396 2131 3423 ⁴
2150 3390 2457 3452 hominem
2481 3409 2694 3467 purum
2715 3387 2732 3414 ’

307 3486 593 3559 dicenteS,
623 3487 802 3547 rebus
831 3483 974 3563 ipsis
1001 3485 1157 3545 hanc
1184 3485 1545 3545 calumniam
1574 3484 1951 3547 manifestam
1981 3487 2514 3565 redarguentibus?

1361 3674 1545 3732 Boox
1585 3689 1692 3732 vn.

313 3792 553 3877 [Leont.
594 3814 638 3854 c.
683 3795 847 3853 ΜΠ.
888 3801 946 3853 et
979 3794 1226 3869 Eutych.
1271 3791 1349 3854 iii.
1394 3814 1470 3870 43
1504 3795 1593 3873 (ἐκ
1620 3797 1721 3855 τοῦ
1747 3791 1890 3855 κατὰ
1918 3797 2020 3873 τῆς
2046 3795 2521 3873 ἔνανθρωτήσεως
2546 3802 2647 3861 τοῦ
2675 3827 2726 3860 κ.

467 3890 626 3967 ἡμῶν
664 3887 726 3948 Ἰ.
774 3893 844 3948 X.
893 3886 1077 3971 λόγου
1123 3887 1214 3966 ζ’).
1300 3894 1434 3950 Act.
1487 3893 1677 3954 Conc.
1727 3895 1847 3954 CP.
1900 3892 1958 3953 ii.
2011 3911 2091 3953 ιν.
2143 3914 2220 3971 30
2264 3894 2605 3975 (“eiusdem
2652 3916 2729 3958 ex

473 3986 728 4064 septimo
780 3986 934 4047 libro
989 3988 1067 4048 de
1124 3986 1567 4061 Incarnatione,
1625 3986 1687 4048 in
1743 3988 1960 4067 quibus
2015 3988 2161 4051 dicit
2216 4009 2331 4051 nec
2392 3991 2725 4051 secundum

468 4084 859 4143 substantiam
889 4103 1002 4144 nec
1029 4085 1359 4145 secundum
1389 4085 1799 4163 operationem
1829 4084 2119 4148 unitatem
2148 4086 2266 4148 Dei
2295 4087 2480 4150 Verbi
2507 4090 2726 4148 factam

469 4199 618 4254 esse,
649 4181 757 4241 sed
784 4182 1116 4242 secundum
1142 4184 1367 4243 bonam
1397 4186 1773 4246 uoluntatem
1785 4182 1889 4266 '')].

428 4297 502 4356 El
532 4292 644 4376 γὰρ
678 4292 951 4373 μάθωμεν
983 4293 1137 4359 ὅπως
1170 4293 1211 4373 ἦ
1249 4297 1535 4373 ἐνοίκησις
1568 4299 1805 4380 γίνεται,
1838 4296 2113 4377 εἰσόμεθα
2142 4299 2236 4359 καὶ
2265 4297 2367 4360 τᾶν
2393 4299 2607 4379 τρόπον
2635 4299 2729 4359 καὶ

306 4395 393 4458 τίς
423 4391 464 4471 ἦ
495 4395 598 4453 τοῦ
631 4389 847 4470 τρόπον
888 4391 1149 4472 διαφορά.
1235 4392 1342 4471 τήν
1375 4396 1567 4457 τοίνυν
1612 4397 1901 4472 ἐνοίκησιν
1943 4396 1997 4456 οἶ
2032 4398 2140 4475 μὲν
2174 4394 2348 4477 οὐσίᾳ
2380 4397 2724 4480 γεγενῆσθαι
2752 4419 2831 4475 3ο

465 4529 521 4579 13
556 4520 770 4579 cognate
791 4514 888 4564 cod.
926 4515 1095 4565 Veron.
1247 4530 1302 4580 15
1338 4514 1410 4566 eis
1431 4517 1530 4565 cod.
1566 4517 1740 4569 Veron.
1894 4534 1948 4570 αι
1994 4520 2095 4569 “et
2130 4527 2244 4585 post
2268 4516 2578 4586 aliquanta.''
