3221 5116
401 1643 478 1690 10

402 2294 473 2362 15

494 400 622 478 246

625 584 754 650 hoe
800 583 932 669 [est
956 583 995 670 ε]
1044 584 1195 649 ‘illa
1225 606 1397 670 quae
1442 584 1744 651 ueritatis
1788 592 1944 648 sunt
1991 584 2198 649 doce!

1163 409 1624 462 THEODORUS
1668 408 2256 462 MOPSUESTENUS

2608 397 2726 482 [11.
2762 415 2819 474 2,
2855 415 2910 479 3.

2288 582 2533 649 deinde
2580 582 2668 648 ad
2712 601 2914 666 gene-

496 686 702 752 ralem
735 686 1271 753 exhortationem
1302 688 1610 771 producit
1640 707 1833 751 suurn
1866 707 2283 751 sermonem:

626 823 901 889 seniores
928 822 1173 889 sobrios
1200 845 1344 902 esse,
1363 823 1653 908 pudicos,
1673 834 1891 903 castos,
1921 844 2114 888 sanos
2144 823 2214 888 in
2225 823 2389 909 fide,
2421 823 2493 887 in
2522 823 2809 900 caritate,
2840 822 2914 886 in

483 925 827 1011 patientia.

628 1063 818 1127 deest
850 1068 865 1095 ‘
884 1063 1050 1128 doce
1074 1085 1090 1143 ;

1104 1063 1119 1090 2

1166 1061 1311 1127 uult
1356 1063 1532 1128 enim
1580 1062 1800 1127 dicere
1851 1063 2168 1146 quoniam
2202 1061 2514 1126 ‘seniores
2542 1061 2712 1126 doce
2730 1057 2917 1124 ‘—ut

499 1167 698 1245 dicat,
732 1172 882 1232 ‘eos
915 1167 1030 1250 qui
1062 1167 1130 1230 in
1162 1165 1440 1231 ecclesia
1481 1165 1889 1249 antiquiores
1917 1175 2077 1230 sunt
2107 1166 2349 1230 aetatis
2368 1165 2461 1214 '-
2474 1165 2568 1229 ita
2609 1173 2685 1228 ut
2714 1163 2917 1228 sobrii

497 1270 633 1334 sint
685 1278 753 1334 et
800 1290 960 1354 erga
1006 1270 1120 1335 illa
1168 1272 1302 1336 sint
1353 1269 1620 1335 solliciti
1667 1291 1839 1353 quae
1887 1269 2027 1333 fieri
2088 1270 2494 1335 conueniunt
2552 1267 2918 1351 pudicitiae

499 1374 696 1439 simul
742 1385 811 1440 et
853 1373 1181 1440 castitati?
1268 1394 1461 1437 sanos
1506 1373 1576 1437 in
1615 1373 1778 1457 fide,
1824 1373 1894 1437 in
1944 1373 2217 1437 caritate
2232 1396 2263 1449 ,·
2317 1371 2682 1436 secundum
2734 1368 2916 1433 illam

499 1477 883 1542 firmitatem
915 1491 1118 1561 quam
1150 1496 1383 1541 omnes
1413 1474 1660 1539 habere
1690 1483 1974 1558 oportet.

629 1650 799 1693 anus
845 1628 1157 1693 similiter
1201 1628 1271 1692 in
1320 1626 1549 1691 habitu
1595 1627 1848 1705 decenti,
1897 1649 2024 1692 non
2073 1621 2561 1707 crimina‘trices,
2593 1648 2719 1691 non
2763 1626 2920 1692 uino

502 1723 704 1796 multo
732 1732 1000 1797 deditas.

630 1878 800 1922 anus
841 1866 1067 1922 autem
1117 1857 1266 1923 illas
1315 1856 1479 1922 dicit
1518 1878 1692 1941 quae
1735 1866 1958 1923 aetate
2002 1866 2160 1922 sunt
2203 1867 2579 1942 prouectae‚
2612 1858 2803 1924 sicuti
2851 1869 2921 1926 et

503 1961 589 2025 de
648 1962 1015 2026 senioribus
1078 1962 1379 2045 superius
1438 1963 1658 2042 dixit;
1731 1963 1936 2046 †non
2001 1965 2172 2028 sicut
2229 1963 2504 2048 quidam
2567 1972 2804 2040 errant,
2850 1963 2921 2028 in

503 2066 783 2131 ecelesia
812 2074 887 2130 ut
919 2065 1227 2130 mulieres
1248 2085 1420 2148 quae
1442 2074 1802 2148 prouectae
1831 2076 1987 2131 sunt
2016 2068 2257 2131 aetatis
2287 2066 2375 2132 ad
2397 2068 2605 2131 instar
2626 2067 2919 2131 uirorum

633 2263 760 2355 οὐχ
807 2263 889 2337 ὥς
931 2291 1097 2337 τινες
1136 2265 1463 2350 ἐνόμισαν,
1506 2265 1609 2334 ὅτι
1646 2271 2018 2356 χειροτονία
2055 2293 2156 2338 τις
2193 2267 2279 2350 ἥν
2322 2267 2474 2334 τότε
2520 2267 2589 2334 ἐν
2622 2266 2923 2351 «γυναιξὶν

604 2467 641 2514 1'
664 2469 739 2514 est
759 2479 837 2513 om
866 2464 910 2515 C
921 2464 992 2514 H
997 2481 1030 2514 r
1052 2463 1063 2530 Ι
1091 2464 1167 2515 illi
1193 2464 1271 2515 C*
1337 2466 1425 2517 ille
1444 2468 1513 2517 H
1529 2465 1540 2532 Ι
1569 2468 1656 2533 qui
1679 2468 1764 2518 Cr
1788 2466 1797 2532 Ι
1826 2467 2045 2532 generali
2069 2467 2402 2519 exhortationi
2429 2467 2473 2518 C
2484 2467 2633 2529 (corr)

1641 2548 1674 2601 6
1704 2549 2000 2615 antiquioris
2027 2551 2071 2600 C
2092 2550 2237 2614 (corr)
2260 2567 2293 2599 r

1112 2644 1173 2681 ro
1203 2631 1388 2682 dicenti
1417 2631 1495 2682 C*
1513 2633 1580 2682 H
1638 2640 1812 2683 sancto
1834 2649 1867 2682 r
1890 2630 1898 2697 Ι
1928 2633 2222 2683 incentrices
2244 2631 2362 2697 (sor
2379 2630 2544 2696 crim.)
2562 2647 2596 2681 r

1373 2728 1450 2771 12,
1479 2727 1537 2776 13
1570 2714 1730 2763 secuti
1752 2713 1862 2774 (bis)
1892 2711 1970 2762 C'

898 2805 958 2853 ¹4
990 2791 1210 2841 melioris
1234 2789 1351 2856 (sor
1366 2792 1618 2857 mulieres)
1642 2795 1711 2843 H
1764 2794 1996 2844 meliores
2019 2809 2052 2843 r
2075 2792 2084 2859 Ι
2113 2800 2278 2843 aetate
2299 2807 2333 2841 r

503 2554 671 2597 nestos
694 2546 903 2612 pudicos
926 2545 1041 2612 (for
1059 2547 1180 2614 pud.
1208 2547 1390 2611 castos)
1414 2566 1447 2598 r

506 2630 622 2695 (sor
640 2630 694 2678 in
716 2629 830 2692 [2⁰])
854 2631 923 2679 H
933 2645 967 2679 r

503 2709 697 2759 aientes
720 2707 837 2775 (fhr
855 2706 1071 2775 deditas)
1095 2725 1129 2759 r

503 2797 646 2839 erant
669 2805 702 2838 r

2766 2481 2795 2531 3
2827 2466 2920 2516 ho·

2446 2561 2473 2611 7
2506 2548 2580 2600 illi
2602 2548 2671 2599 H
2806 2550 2836 2599 8
2869 2555 2922 2599 et

2729 2646 2782 2681 11
2820 2645 2922 2681 ser·

2194 2726 2251 2774 13
2286 2718 2391 2761 erat
2416 2710 2531 2776 (sor
2548 2706 2732 2775 errant)
2761 2707 2839 2759 δ’
2863 2709 2934 2758 H

2529 2806 2586 2855 15
2623 2791 2778 2842 Coisl.
2805 2805 2917 2851 204,

502 2874 538 2922 l.
557 2887 593 2922 c.
624 2872 731 2935 [Cr.
759 2870 843 2921 vii.
872 2887 951 2938 94,
981 2872 1065 2922 Fr.
1094 2873 1207 2937 158]
1241 2875 1480 2938 θεόδωρος·
1516 2877 1608 2937 οὐχ
1629 2874 1691 2926 ὥς
1710 2893 1834 2927 τινες
1855 2877 2002 2925 emh.

576 3043 619 3080 1.
686 3028 863 3079 deinde
907 3029 981 3078 ad
1015 3029 1312 3094 gmeralem,
1360 3029 1480 3095 δια]
1558 3032 1659 3084 Th.

506 3110 687 3176 begins
728 3127 760 3161 a
805 3126 919 3160 new
948 3113 1247 3177 paragraph,
1284 3113 1385 3162 and
1419 3112 1598 3177 Chrys.
1634 3129 1668 3162 a

507 3209 621 3243 new
649 3193 856 3258 homily,
885 3194 1009 3244 with
1038 3209 1081 3244 c.
1125 3207 1188 3245 11.
1228 3211 1274 3245 a.
1348 3195 1411 3245 In
1444 3195 1533 3244 the
1566 3195 1665 3244 Eu-

508 3274 699 3325 thalian
722 3275 965 3337 κεφάλαια
984 3291 1015 3324 a
1038 3275 1229 3325 similar
1253 3285 1601 3341 arrangement
1623 3276 1667 3326 is

509 3359 750 3424 adopted.
792 3358 870 3409 Cf.
900 3369 938 3407 1.
967 3373 1018 3422 p.
1046 3357 1133 3419 lxi,
1161 3358 1261 3408 and
1286 3358 1446 3423 infra,
1475 3376 1527 3425 p.
1550 3370 1661 3423 254,

510 3439 546 3489 l.
578 3454 654 3502 13,
681 3444 819 3487 note.

576 3533 623 3582 3.
727 3517 911 3568 sobrios
963 3533 1073 3577 esse,
1163 3518 1282 3580 δια]
1371 3519 1444 3569 So
1494 3519 1669 3583 nearly

515 3601 753 3660 Claram„
797 3599 889 3649 but
922 3599 1249 3666 substituting
1288 3602 1325 3626 ‘⁸
1343 3602 1618 3666 prudentes
1636 3600 1666 3624 ”

510 3682 590 3732 sor
622 3688 790 3731 castos.
856 3680 969 3730 The
992 3681 1144 3746 Vulg.
1176 3682 1405 3746 employs
1419 3684 1521 3733 -the
1547 3698 1667 3733 con-

512 3766 756 3816 struction
784 3766 820 3791 “
836 3772 889 3814 ut
911 3766 1109 3816 sobriae
1130 3764 1284 3827 sint,'’
1309 3766 1421 3824 δια,
1455 3768 1557 3817 and
1591 3767 1668 3817 sor

512 3846 718 3896 can'tate
736 3845 830 3895 has
859 3846 895 3871 ‘⁴
911 3845 1239 3896 dilectione.''

581 3945 627 3992 5.
696 3936 753 3978 ut
779 3928 924 3990 debat,
958 3930 1059 3979 ‘eos
1086 3925 1212 3994 qui,’
1235 3928 1352 3992 &c.]
1418 3929 1501 3979 Cf.
1528 3942 1589 3979 11.
1618 3946 1670 3995 p.

520 4024 626 4074 151,
672 4009 709 4058 1.
749 4025 824 4070 12,
874 4009 1043 4060 where
1086 4026 1213 4060 even
1261 4012 1585 4074 πρεσβύτερος
1628 4010 1672 4061 is

513 4094 630 4142 thus
665 4092 947 4157 explained.
1021 4093 1200 4158 Chrys.
1234 4094 1335 4142 and
1370 4093 1527 4143 Thdt.
1552 4093 1671 4143 take

515 4174 602 4224 the
635 4190 772 4223 same
805 4173 958 4232 view3
995 4175 1167 4239 Pelag.
1196 4187 1333 4238 says:
1370 4175 1497 4226 “hic
1528 4191 1672 4225 senes

513 4263 720 4305 aetate
757 4264 814 4305 et
848 4255 1058 4306 ordine
1088 4259 1280 4321 possint
1309 4258 1547 4322 intellegi,
1589 4275 1667 4308 ec-

514 4338 694 4387 clesiae
712 4338 980 4403 praecipue
1001 4338 1233 4390 seniores.
1243 4338 1273 4362 ’²
1319 4340 1419 4389 For
1443 4341 1528 4391 the
1551 4357 1668 4391 con·

514 4419 759 4469 struction
784 4420 1092 4484 antiquiores
1117 4421 1306 4482 aetatis,
1335 4420 1400 4470 cs.
1438 4422 1663 4487 Madvig,

516 4505 541 4563 ς
580 4516 676 4569 ‘²90
702 4518 769 4567 g;
814 4509 1072 4566 prouectae
1107 4511 1228 4553 sunt
1270 4504 1446 4552 aetatis
1491 4504 1547 4565 (l.
1589 4507 1668 4566 ¹4)

1765 3048 1929 3084 seems
1951 3040 2006 3083 to
2027 3031 2093 3082 be
2115 3031 2328 3082 another
2343 3030 2589 3095 example.

1833 3128 1882 3177 9.
1979 3129 2136 3179 quam
2183 3129 2349 3163 omnes
2399 3113 2514 3162 hah.
2569 3111 2669 3177 op]
2737 3112 2921 3177 ChryS.

1766 3196 1924 3247 adds:
1958 3197 2040 3246 καὶ
2062 3193 2219 3245 καλῶς
2241 3197 2429 3259 εῐρηκεν
2453 3193 2544 3258 *τῇ
2566 3193 2820 3257 nicom?
2841 3198 2927 3246 καὶ

1766 3279 1911 3327 τοῦτο
1930 3279 2029 3340 ’γὰρ
2048 3278 2267 3336 μάλιστα,
2287 3279 2386 3326 τοῖς
2408 3277 2633 3340 γέρουσιν
2658 3275 2867 3341 ἁρμόζει.

1839 3376 1914 3412 10.
1983 3360 2040 3411 in
2063 3362 2235 3411 habitu
2264 3361 2472 3422 decenti]
2505 3362 2558 3410 ἐν
2583 3358 2925 3422 καταστήματι

1768 3442 2196 3505 &purperei—the
2258 3441 2467 3506 reading
2530 3441 2590 3491 of
2638 3441 2790 3491 Thdt.
2849 3440 2927 3505 (as

1765 3523 1846 3573 his
1876 3539 2059 3573 comm.
2087 3521 2301 3586 shews);
2336 3523 2530 3587 Chrys.,
2561 3523 2735 3582 Dani„
2771 3522 2921 3584 Oce„

1768 3604 1980 3671 Thpht.,
2039 3605 2171 3655 have
2225 3606 2537 3667 ἱεροπρεπεῖς.
2645 3603 2920 3664 Ambrstr„

1773 3688 1877 3737 “in
1899 3695 2033 3738 statu
2057 3687 2300 3752 religione
2334 3684 2549 3750 digno;'’
2594 3684 2770 3751 vulg„
2820 3685 2926 3736 “in

1765 3771 1941 3821 habitu
1963 3768 2192 3822 sanct0.’'
2263 3768 2658 3826 Criminatrices,
2673 3783 2732 3817 so
2744 3768 2895 3818 Fuld.
2905 3786 2929 3827 ,-

1767 3853 1906 3912 Am„
1940 3847 2384 3901 “criminatores.'’
2416 3849 2926 3899 ὒεᾰὶτω--δεδουλω-

1771 3934 1938 3994 'akran
1973 3931 2124 3982 Latin
2147 3930 2385 3991 versions,
2420 3927 2794 3980 “seruientes.”

1843 4029 1919 4077 13·
1985 4028 2088 4062 non
2103 4013 2233 4061 sicut
2251 4011 2458 4076 quidam
2475 4017 2666 4069 mant,
2690 4009 2810 4073 &c.]
2844 4008 2924 4062 Cf.

1774 4096 1999 4151 Cramer,
2054 4093 2142 4143 vii.
2194 4108 2246 4158 p.
2298 4104 2388 4157 94:
2453 4089 2602 4140 ἄλλος
2652 4092 2706 4140 δέ
2761 4096 2929 4152 φησιν·

1776 4178 1983 4236 ’ἔδειξεν
2006 4174 2085 4225 ὅτι
2107 4177 2174 4226 εἰς
2197 4176 2374 4238 κλῆρον
2396 4174 2484 4224 τὰς
2503 4174 2736 4235 ’γυναῖκας
2770 4174 2932 4222 καλεῖ·

1771 4261 1825 4309 οὐ
1845 4261 1943 4322 ’γὰρ
1960 4257 2016 4307 ἂν
2038 4257 2415 4320 ἱεροπρεπεῖς
2437 4255 2611 4306 εἶπεν.ν
2668 4257 2801 4304 ἀλλὰ
2822 4254 2929 4304 τοῦ-

1769 4358 1867 4391 τοις
1889 4342 2047 4402 ἔτερος
2071 4338 2419 4397 ἀνθιστάμενός
2443 4344 2652 4399 φησιν...
2676 4353 2743 4386 on
2761 4336 2926 4386 which

1771 4422 1968 4472 follows
2011 4421 2097 4470 the
2131 4426 2321 4470 extract
2379 4419 2506 4468 from
2563 4418 2664 4470 Th.
2723 4418 2928 4483 printed

1771 4506 1946 4553 above.
2033 4504 2146 4552 The
2189 4517 2502 4565 anonymous
2541 4508 2921 4562 commentator,
