3221 5116
339 397 456 460 IV.
502 396 707 480 1—3.]
1056 411 1135 460 IN
1188 411 1292 462 ΕΡ.
1338 411 1441 461 AD
1488 412 1956 463 TlMOTHEUM
2008 412 2053 461 1.
2639 413 2751 475 141

335 606 507 667 quae
557 585 896 667 praedicta
950 594 1105 648 sunt
1158 586 1540 649 cautissime
1587 587 2006 650 considerare
2063 585 2365 660 uoluerit,
2419 584 2575 648 licet
2625 605 2759 647 non

334 685 525 750 facile
558 689 815 769 possint
859 687 1285 770 deprehendi,
1322 709 1402 751 eo
1443 690 1623 771 quod
1664 687 1867 752 latere
1913 688 2234 771 plurimos
2275 709 2473 770 super
2505 686 2762 750 ‘talibus

335 793 645 875 operibus
691 794 1097 857 adnituntur.
1189 803 1676 877 consequenter
1716 804 1942 858 autem
1990 794 2271 858 adiecit:
2332 789 2760 855 cauteriatam

336 894 708 959 habentium
747 917 938 958 suam
978 896 1260 978 ipsorum
1298 897 1746 961 conscientiam
1763 920 1789 976 ;
1834 899 1947 981 qui
1989 899 2168 963 enim
2209 900 2296 962 de
2336 897 2646 961 castitate
2687 916 2760 958 se

336 997 677 1078 disputare
709 997 1043 1075 simulant,
1078 1019 1346 1063 omnem
1380 1001 1766 1082 spurcitiam
1800 1001 1864 1064 in
1899 1022 1970 1064 se
2000 1011 2379 1083 perpetrare
2411 997 2761 1061 inueniun-

337 1108 461 1162 tur.
553 1100 830 1163 euidens
890 1101 1207 1183 quoniam
1269 1101 1430 1167 talia
1491 1104 1810 1168 facientes
1872 1126 2006 1169 non
2083 1106 2413 1186 integram
2475 1111 2759 1188 possunt

335 1199 579 1294 habere
626 1204 1144 1283 conscientiam;
1189 1208 1519 1271 contraria
1559 1208 1738 1271 enim
1794 1209 2011 1290 specie
2061 1229 2329 1272 suorum
2376 1225 2757 1270 sermonum

339 1304 463 1367 sibi
518 1305 641 1387 ipsi
694 1309 939 1370 conscii
989 1319 1162 1385 sunt,
1210 1330 1382 1391 quae
1429 1321 1497 1374 et
1553 1312 1618 1375 in
1674 1331 1745 1374 se
1798 1322 2114 1376 exercent
2164 1322 2231 1376 et
2278 1311 2444 1375 alios
2492 1312 2758 1376 docent.

339 1410 614 1472 euidens
645 1421 869 1475 autem
902 1413 1080 1495 quod
1116 1415 1332 1478 dixit:
1368 1415 1850 1497 prohibentium
1883 1416 2127 1492 nubere,
2157 1416 2473 1480 abstinere
2509 1436 2552 1477 a
2582 1414 2756 1491 cibis,

342 1511 531 1596 [non]
594 1517 955 1579 ostendens
1015 1520 1334 1600 quoniam
1397 1541 1531 1584 non
1587 1522 1837 1585 nubere
1888 1531 2004 1585 aut
2052 1541 2186 1584 non
2250 1541 2510 1584 sumere
2570 1541 2756 1583 escas

338 1618 612 1680 crimine
672 1619 948 1700 dignum
997 1633 1115 1696 est,
1169 1624 1285 1713 sed
1332 1626 1511 1707 quod
1561 1625 1710 1707 lege
1758 1626 1885 1689 ista
1930 1624 2280 1707 prohibere
2324 1624 2756 1699 adnitantur;

338 1740 427 1782 ex
477 1721 748 1784 arbitrio
796 1725 973 1786 enim
1027 1728 1365 1790 continere
1415 1749 1484 1790 se
1538 1726 1827 1811 aliquem
1878 1727 1964 1790 ab
2014 1727 2156 1790 istis
2207 1746 2339 1789 non
2386 1735 2488 1787 est
2532 1725 2758 1787 incon-

339 1826 629 1889 uenienS.
721 1847 876 1891 nam
922 1829 1269 1910 prohibere
1298 1832 1385 1894 de
1433 1829 1536 1894 his
1585 1831 1998 1895 necessitatis
2029 1840 2130 1894 est
2163 1829 2402 1912 potiuS‚
2439 1848 2572 1890 non
2606 1849 2759 1910 pro-

340 1930 560 2011 positi,
593 1932 772 2012 quod
807 1932 1108 1996 similiter
1137 1934 1354 1998 dicere
1387 1956 1517 1998 non
1553 1945 1792 2018 potest,
1824 1935 2142 2017 quoniam
2175 1935 2288 1998 ubi
2336 1934 2753 2016 propositum

341 2040 459 2108 est,
491 2033 577 2095 ibi
618 2035 1068 2113 continentia;
1113 2037 1240 2099 ista
1279 2058 1436 2100 uero
1477 2038 1752 2100 euidens
1799 2037 2137 2100 execratio
2176 2046 2294 2100 est.
2386 2036 2756 2099 notandum

339 2155 499 2199 uero
544 2147 645 2200 est
693 2138 758 2200 in
805 2159 888 2200 eo
932 2139 1111 2221 quod
1159 2140 1335 2203 dixit
1378 2141 1698 2205 abstinere
1737 2162 1780 2203 a
1823 2139 1998 2215 cibis,
2039 2139 2230 2203 sicuti
2275 2147 2341 2201 et
2385 2138 2450 2200 in
2500 2135 2757 2218 praefa-

2795 1537 2876 1584 10

340 2237 523 2301 tione
555 2238 954 2314 notauimus,
993 2261 1076 2302 eo
1116 2242 1296 2323 quod
1331 2240 1584 2306 nullam
1618 2241 2039 2324 diligentiam
2083 2240 2505 2324 eloquentiae
2536 2241 2754 2316 saciat,
2807 2285 2822 2298 .

343 2338 553 2403 multa
599 2340 826 2403 dicens
872 2342 1247 2423 inperfecte.
1339 2364 1494 2406 nam
1551 2353 1620 2406 et
1673 2342 1800 2406 hoc
1851 2343 1915 2405 in
1963 2342 2113 2407 loco
2158 2344 2338 2425 quod
2386 2343 2565 2405 dixit
2596 2352 2754 2422 pro-

337 2443 713 2522 hibentium,
760 2446 949 2528 quasi
997 2466 1115 2528 per
1160 2447 1628 2510 necessitatem
1678 2445 1838 2511 illud
1891 2446 2030 2509 fieri
2080 2446 2431 2528 accipiens,
2473 2465 2755 2528 sequen-

438 2640 470 2684 4
504 2623 746 2675 habentes
766 2626 835 2674 Η
851 2623 859 2690 Ι
889 2641 943 2675 se
965 2626 1221 2692 disputare
1241 2643 1319 2675 om
1339 2643 1373 2676 r
1551 2592 1599 2674 6·
1619 2626 1752 2675 euid.
1777 2632 1850 2674 est
1875 2641 1907 2673 r
1933 2623 1941 2689 Ι
1971 2608 2172 2689 integra·
2197 2625 2266 2672 Η
2441 2636 2467 2687 7
2503 2627 2757 2676 conscien-

339 2706 463 2753 tiam
486 2705 585 2769 (ast
600 2705 807 2767 habere)
830 2724 907 2757 om
936 2707 1004 2757 C·
1021 2709 1089 2758 Η
1106 2705 1116 2770 Ι
1146 2725 1292 2759 serm.
1316 2724 1447 2758 suor.
1475 2707 1543 2757 Η
1546 2706 1574 2731 ⁴*
1783 2722 1816 2773 9
1849 2707 1980 2756 euid.
2018 2722 2066 2755 a.
2090 2714 2165 2755 est
2187 2706 2252 2754 H
2448 2722 2505 2757 ro
2538 2722 2640 2756 non
2666 2706 2757 2771 (ι’)

336 2805 415 2838 om
461 2790 506 2839 C
514 2790 583 2839 Η
588 2807 623 2839 r
841 2789 900 2840 16
940 2790 1317 2855 imperfectione
1354 2788 1469 2853 (jor
1508 2788 1561 2837 in
1607 2787 1839 2853 praefat.)
1891 2788 1935 2839 C
1975 2785 2331 2852 inperfectione
2375 2789 2444 2836 H
2499 2789 2755 2853 imperfec-

339 2871 528 2922 tionem
551 2890 584 2921 r

408 3053 454 3088 α.
520 3047 675 3103 super
715 3040 900 3091 talibus
940 3042 1044 3106 op.]
1111 3038 1193 3091 cf.
1237 3053 1276 3090 1.
1316 3056 1368 3105 p.
1408 3053 1489 3100 42,

339 3119 374 3168 l.
398 3137 447 3182 4,
475 3130 610 3172 note.

409 3221 456 3264 4.
525 3203 615 3267 qui
637 3200 1199 3266 enim...inueniuntur]
1247 3201 1397 3251 Cited
1426 3200 1497 3265 by

338 3282 606 3333 Lansranc.

412 3376 457 3426 7.
528 3364 780 3414 contraria
806 3381 846 3414 e.
871 3364 1032 3429 specie,
1068 3361 1186 3424 &c.]
1274 3362 1435 3426 Specie
1455 3360 1498 3410 is

340 3447 636 3512 apparently
668 3463 699 3496 a
718 3462 833 3511 gen.
863 3444 1131 3509 (=spm‘ei,
1159 3443 1222 3493 cf.
1244 3450 1415 3507 supra,
1444 3458 1495 3507 p.

351 3542 455 3591 115,
492 3529 528 3578 l.
570 3546 615 3593 3,
654 3535 774 3578 note
787 3547 804 3590 ;
845 3544 902 3578 or
935 3528 1130 3592 speciae,
1169 3524 1234 3575 cs.
1274 3526 1356 3574 De
1395 3524 1490 3584 Va,

343 3627 381 3658 s.
398 3612 488 3672 v.).
567 3610 834 3659 Contraria
856 3610 950 3658 sibi
968 3609 1065 3674 ipsi
1087 3609 1226 3672 [ipulr
1238 3607 1286 3669 ἕ]
1319 3605 1501 3655 conscii

352 3696 603 3742 εέναντία
624 3694 889 3742 συνειδότες
911 3693 1108 3742 ἑαυτοῖς.
1184 3691 1264 3741 Cf.
1290 3690 1495 3753 Chrysa

339 3776 397 3824 τὸ
427 3777 479 3825 δὲ
509 3777 719 3824 συνειδὸς
748 3776 1218 3837 κεκαυτηριασμένοι,
1245 3776 1498 3823 τουτέστιν

344 3862 552 3921 πονηροῦ
572 3852 706 3910 ὄντες
732 3862 858 3923 βίου.
927 3859 1081 3909 Thdt.
1109 3858 1280 3922 brings
1302 3866 1389 3907 out
1412 3858 1497 3906 the

342 3942 485 4006 point
516 3941 575 3991 of
604 3942 690 3990 the
722 3941 1011 4006 metaphor3
1049 3939 1291 3989 *κεκαυτ.’
1330 3941 1385 3989 δὲ
1420 3941 1493 3988 κέ·

343 4028 534 4086 κληκεν,
584 4025 673 4085 τὴν
714 4026 934 4087 ἐσχάτην
980 4024 1138 4073 αὐτῶν
1191 4025 1497 4086 ἀναλγησίαν

345 4103 582 4152 διδάσκων
607 4101 691 4163 (cf.
718 4115 756 4151 1.
782 4119 830 4167 p.
867 4117 974 4166 172,
1002 4102 1036 4152 l.
1067 4116 1112 4165 5,
1140 4102 1298 4163 note).

413 4201 488 4236 10.
553 4202 654 4234 non
684 4186 949 4244 ostendens,
980 4184 1099 4246 δια]
1165 4186 1261 4235 See
1294 4200 1373 4234 vv.
1414 4184 1493 4242 11.;

341 4266 443 4316 and
466 4266 528 4317 cf.
553 4268 740 4316 Thdt.:
779 4269 883 4316 οὐδὲ
916 4269 1015 4329 γὰρ
1048 4266 1135 4327 τὴν
1168 4267 1383 4329 ἀγαμίαν
1418 4269 1497 4315 καὶ

338 4349 429 4408 τὴν
463 4350 1050 4413 ἐγκράτειαίδιαβάλλει,
1075 4351 1208 4399 ἀλλὰ
1229 4346 1324 4397 τῶν
1347 4352 1493 4411 duay·

343 4432 584 4492 καζόντων
606 4432 733 4494 νόμῳ
755 4429 909 4480 ταῦτα
930 4433 1143 4490 μετιέναι
1164 4432 1440 4493 κατηγορεῖ.

414 4523 487 4559 12.
536 4525 599 4557 ex
609 4509 834 4571 arbitrio]
859 4509 933 4559 cf.
955 4516 1122 4574 supra,
1146 4524 1230 4574 pp.
1258 4524 1363 4570 104,
1389 4521 1497 4571 105.

1668 3051 1742 3100 ¹3·
1798 3036 2055 3101 prohibere
2084 3035 2143 3084 de
2179 3035 2279 3096 lais]
2345 3034 2457 3084 The
2487 3035 2617 3085 lexx.
2656 3036 2754 3085 cite

1595 3133 1660 3169 an
1683 3135 1761 3169 ex.
1787 3120 1845 3169 of
1860 3118 1959 3168 this
1980 3118 2319 3168 construction
2341 3118 2468 3167 from
2493 3118 2731 3169 Lucilius

1669 3215 1745 3265 ¹5·
1809 3200 2008 3250 euidens
2027 3199 2259 3248 execratio
2278 3198 2368 3260 est]
2438 3199 2515 3248 ‘A
2532 3199 2752 3264 prohibi-

1599 3283 1707 3332 tion
1740 3283 1800 3332 os
1826 3282 1925 3332 this
1958 3281 2081 3331 kind
2112 3290 2345 3331 amounts
2377 3289 2431 3331 to
2460 3297 2526 3331 an
2547 3282 2752 3333 anathe-

1599 3380 1701 3421 ma,
1750 3363 1872 3413 such
1921 3379 1978 3412 as
2030 3361 2192 3412 Saul’s
2228 3362 2276 3421 (1
2329 3361 2466 3412 Sam.
2508 3361 2609 3411 xiv.
2649 3366 2752 3424 24),

1599 3462 1658 3496 or
1693 3446 1802 3496 that
1842 3446 1900 3495 of
1939 3446 2024 3495 the
2058 3445 2395 3510 conspirator-s
2431 3444 2575 3509 (Acts
2613 3446 2752 3494 xxiii.

1603 3525 1684 3590 ια)
1725 3527 1840 3576 who
1881 3525 2232 3584 ἀνεθεμάτισαν
2278 3522 2490 3585 ἑαυτούς,
2527 3527 2753 3586 λέγοντες

1597 3613 1724 3671 μήτε
1755 3611 1935 3672 φαγεῖν
1966 3612 2090 3670 μήτε
2126 3608 2287 3657 πιεῖν)
2358 3609 2576 3673 Perhaps
2616 3610 2752 3659 how·

1597 3708 1715 3743 ever
1760 3692 1997 3741 execratio
2048 3690 2236 3753 merely
2279 3700 2558 3755 represents
2612 3707 2752 3742 some

1597 3774 1721 3824 such
1743 3773 1882 3822 word
1905 3787 1960 3821 as
1982 3772 2322 3833 ἀπαγόρευσις,
2352 3772 2453 3820 and
2476 3771 2560 3820 the
2583 3788 2750 3821 mean-

1598 3858 1688 3921 ing
1711 3856 1780 3904 is:
1817 3854 1899 3903 ‘in
1925 3854 2046 3903 such
2069 3869 2098 3902 a
2120 3869 2233 3903 case
2263 3868 2330 3901 no
2359 3853 2533 3903 choice
2563 3853 2604 3903 is
2633 3854 2749 3914 lestg

1596 3938 1736 3988 there
1780 3951 1874 3985 can
1908 3937 1973 3985 be
2010 3950 2078 3984 no
2114 3934 2332 3984 exercise
2366 3934 2423 3983 of
2462 3936 2748 3998 προαίρεσις,

1595 4020 1699 4070 and
1743 4018 1989 4068 therefore
2032 4032 2098 4065 no
2142 4016 2301 4066 virtue
2346 4017 2398 4065 in
2443 4017 2530 4067 the
2574 4024 2654 4067 act
2699 4017 2757 4067 os

1597 4096 1918 4159 abstaining.'

1669 4177 1742 4230 16.
1814 4179 1871 4226 in
1895 4176 2223 4242 praefatione]
2289 4176 2369 4226 Cf.
2390 4184 2560 4241 supra,
2585 4194 2635 4243 p.
2669 4192 2748 4242 70,
2841 4182 2848 4193 “

1597 4261 1616 4311 l
1665 4275 1798 4407 1149.sq
1820 4339 1967 4405 quasi
1983 4347 2081 4403 per
2101 4340 2438 4399 necessitatem,
2468 4341 2582 4403 &c.]
2648 4340 2748 4390 Th.

1596 4438 1771 4474 means
1793 4421 1901 4471 that
1919 4437 1974 4470 as
1997 4422 2271 4470 κωλυόντων
2287 4422 2508 4471 involves
2531 4421 2616 4470 the
2638 4422 2752 4470 idea

1598 4506 1658 4557 of
1689 4503 2019 4570 compulsion,
2067 4503 2150 4553 the
2196 4504 2293 4569 Ap.
2336 4506 2515 4552 carries
2550 4518 2617 4551 on
2653 4502 2752 4553 this
