3221 5116
279 420 405 490 VI.
445 439 541 505 ιο,
579 424 701 511 11.]
995 440 1080 493 m
1127 442 1239 494 ΕΡ.
1283 440 1388 494 AD
1433 442 1901 495 TIMOTHEUM
1946 443 1994 495 1.
2582 431 2698 498 181

408 613 519 676 ‘et
557 620 635 678 ut
670 615 1150 698 compendiose
1196 615 1466 701 (inquit)
1512 617 1759 698 dicam,
1791 614 1959 681 nihil
2004 614 2323 681 indecens
2359 624 2473 682 est
2516 618 2700 700 quod

277 736 414 782 non
443 739 564 803 per
591 719 1201 803 concupiscentiam
1233 720 1638 785 admittatur
1678 719 2147 803 pecuniarum!
2238 728 2309 785 et
2339 720 2701 787 ostendens

280 823 596 904 quoniam
635 823 1104 907 experimento
1146 822 1387 888 doctus
1425 823 1554 888 ista
1598 822 1781 900 dicit,
1821 823 2038 887 sciens
2084 821 2335 889 multos
2370 822 2573 890 fuisse
2609 844 2700 890 ex

279 924 429 1009 ipsa
458 928 995 1011 coucupiscentia
1024 948 1159 993 non
1194 926 1372 994 leuia
1401 915 1682 1006 nocitos
1712 926 2006 996 adiecit:

409 1093 609 1155 quam
655 1072 914 1155 quidem
964 1074 1319 1158 adpetentes
1375 1074 1838 1141 oberrauerunt
1883 1093 1930 1138 a
1961 1071 2108 1159 fide
2146 1082 2213 1140 et
2258 1073 2493 1159 sezjosos
2535 1073 2700 1141 inse-
2772 1079 2808 1148 5

279 1186 553 1243 merum·
578 1177 903 1243 doloribus
930 1179 1175 1246 multis.

412 1310 537 1370 ‘ex
580 1304 707 1371 hac
753 1305 1019 1390 (inquit)
1051 1306 1592 1391 concupiscentia
1635 1304 1828 1372 multi
1873 1327 1915 1371 a
1944 1304 2080 1371 fide
2111 1306 2429 1373 cecidisse
2460 1309 2693 1375 uiden·

275 1415 401 1486 tur,
431 1418 501 1474 et
537 1430 659 1474 nec
702 1410 1071 1474 secundum
1116 1419 1537 1494 praesentem
1574 1409 1787 1474 uitam
1842 1409 1909 1473 in
1955 1407 2338 1476 melioribus
2381 1419 2698 1497 poterant

274 1510 570 1589 inueniri,
603 1513 722 1576 sed
767 1533 805 1576 e
849 1514 1178 1578 contrario
1223 1512 1547 1582 deflentes
1592 1533 1674 1577 ac
1724 1511 2036 1604 dolentes
2074 1520 2524 1596 persteterunt
2571 1534 2696 1599 pro

274 1612 405 1677 illis
476 1635 650 1698 quae
721 1617 848 1682 sibi
923 1637 1015 1682 ex
1088 1617 1193 1681 his
1268 1618 1654 1683 acciderunt
1712 1617 2033 1683 tristitiis!
2121 1626 2193 1683 et
2251 1618 2494 1686 iterum
2554 1619 2685 1704 ipsi
2729 1628 2810 1679 10

273 1718 636 1784 Timotheo
666 1719 1016 1785 consilium
1047 1719 1217 1784 dans
1248 1721 1537 1786 adiecit:

404 1881 477 1937 tu
505 1883 740 1951 autem,
778 1874 963 1941 homo
989 1875 1138 1955 Dei,
1165 1875 1320 1942 haec
1328 1876 1518 1961 suge.

403 2012 563 2085 apte
608 2004 791 2070 uisus
842 2013 945 2071 est
996 2025 1151 2072 eum
1200 2007 1595 2073 exhortasse
1646 2017 1723 2074 ut
1782 2008 1912 2074 ista
1971 2009 2261 2094 fugiat‚·‘
2310 2009 2653 2077 hominem
2674 2011 2691 2039 ’

272 2100 459 2169 illum
508 2105 739 2172 dicens
790 2129 937 2174 esse
995 2111 1012 2144 ‘
1040 2110 1205 2177 Dei:
1294 2119 1530 2195 aptum
1584 2111 1764 2176 enim
1818 2120 1923 2177 est
1973 2114 2036 2177 ei
2089 2113 2203 2198 qui
2250 2112 2405 2180 talis
2457 2125 2562 2181 est
2611 2125 2689 2183 ut

275 2207 366 2271 ab
430 2211 614 2274 omni
681 2212 861 2277 malo
925 2232 1071 2278 sese
1130 2214 1540 2296 superiorem
1599 2215 1962 2281 custodiat.
2051 2215 2298 2282 deinde
2349 2218 2577 2284 scribit
2617 2218 2681 2285 ei
2723 2217 2798 2286 15

274 2321 512 2397 utpote
569 2315 910 2380 carissimo
968 2315 1314 2400 discipu10,
1373 2316 1722 2381 insinuans
1779 2337 1954 2401 quae
2011 2338 2166 2385 eum
2228 2339 2428 2403 agere
2487 2342 2687 2407 opor·

268 2425 499 2485 teant:

403 2552 723 2639 insequere
766 2565 984 2622 autem
1033 2554 1376 2633 iustitiam,
1412 2555 1741 2642 pietatem,
1767 2555 1998 2642 fidem,
2037 2557 2392 2638 caritatem,
2428 2543 2685 2645 patien-

269 2658 454 2738 tiam,
484 2662 1057 2728 mansuetudinem.

372 2850 395 2888 1
431 2837 620 2889 malum
641 2838 834 2890 nullum
857 2838 956 2905 (afl
974 2838 1228 2903 indecens)
1252 2838 1356 2892 add
1373 2853 1405 2889 r
1643 2855 1671 2892 α
1706 2854 1796 2907 per
1827 2839 2259 2907 concupiscentiae
2283 2842 2362 2894 C'
2384 2844 2454 2895 II
2475 2843 2553 2909 [δι’
2584 2844 2688 2898 ὅτι·

269 2919 439 2979 θυμίας
449 2920 494 2984 Ρ]
673 2937 704 2988 3
736 2925 802 2973 sit
825 2921 925 2988 (ast
942 2921 1141 2989 doctus)
1164 2924 1269 2973 add
1289 2924 1334 2974 C
1352 2923 1421 2973 H
1433 2938 1467 2972 r
1541 2933 1544 2937 ’
1647 2942 1679 2986 4
1711 2923 1888 2974 leviter
1915 2924 1959 2975 C
1978 2939 2011 2972 r
2034 2920 2044 2988 Ι
2073 2924 2314 2990 decepto·
2334 2925 2451 2991 (sor
2469 2928 2686 2992 nocitos)

269 2999 336 3067 r}
364 3001 517 3052 adicit
564 3002 610 3053 C
637 3019 673 3054 r
888 3016 918 3068 5
952 3004 1258 3055 oberrauerit
1307 3004 1352 3055 C
1389 3003 1628 3054 errauerit
1669 3000 1736 3068 νΙ
1765 3002 1915 3055 inser.
1957 3020 2012 3054 se
2050 3020 2084 3055 r
2296 3008 2329 3057 8
2361 3008 2614 3072 potuerint
2658 3028 2696 3063 r

267 3096 301 3147 9
332 3083 610 3148 persteterit
637 3082 717 3135 C*
782 3084 1099 3150 persteterint
1119 3101 1154 3135 r
1371 3099 1433 3135 ro
1461 3083 1700 3134 acciderit
1726 3083 1806 3134 C*
1835 3082 1846 3149 Ι
1871 3085 2044 3137 tristiis
2065 3086 2134 3136 H
2148 3083 2160 3151 Ι
2187 3094 2239 3139 et
2259 3088 2689 3146 iterum...adiecit

267 3180 346 3213 om
368 3180 402 3214 r
640 3182 661 3216 1
676 3181 694 3216 ι
731 3166 886 3217 adicit
928 3167 975 3217 C
1213 3181 1271 3230 ¹3
1304 3172 1477 3231 aperte
1513 3164 1629 3230 (sor
1659 3167 1796 3231 apte)
1832 3166 1859 3216 l
2098 3181 2155 3232 15
2188 3169 2496 3235 superiorem
2533 3189 2614 3227 om
2651 3191 2687 3228 r

273 3241 335 3294 16
363 3251 593 3310 oporteat
621 3244 665 3295 C
683 3247 835 3309 (corr)
857 3259 892 3297 r
1107 3247 1169 3298 18
1201 3253 1390 3297 nectare
1411 3261 1532 3297 uero
1555 3243 1669 3311 (fier
1686 3245 1844 3311 inseq.
1871 3243 1999 3313 aut.)
2021 3263 2059 3297 r

268 3388 412 3453 lents,
452 3390 620 3443 whilst
653 3390 967 3444 Gaudentius
999 3392 1189 3459 prefers
1233 3393 1426 3445 “amor
1521 3392 1643 3443 dam
1662 3400 1953 3460 appeterem.
2019 3411 2112 3461 pro
2133 3372 2235 3449 iuis
2263 3414 2394 3466 quae
2423 3401 2522 3453 sibi
2552 3407 2683 3457 acci.

267 3471 564 3538 pecuniaQ’
1520 3473 1722 3526 derunt.
1790 3482 1852 3529 tu
1884 3483 2070 3537 autem,
2092 3494 2122 3529 0
2151 3478 2298 3531 homo
2318 3482 2442 3535 Dei.
2505 3494 2684 3550 aperte

332 3572 381 3607 α.
435 3565 536 3623 per
571 3557 1039 3624 concupiscentiam]
1104 3558 1202 3611 Sec
1242 3574 1327 3609 vv.
1365 3556 1422 3609 11.
1524 3558 1639 3623 [sic]
1666 3558 1803 3610 uisus
1833 3565 1911 3611 est
1940 3575 2058 3611 eum
2089 3561 2393 3626 exhortasse,
2424 3564 2682 3620 hominem

263 3637 347 3687 Sit
366 3637 420 3698 (1.
451 3649 497 3703 3,
524 3654 607 3688 vv.
630 3639 707 3700 u.)
731 3639 774 3689 is
796 3655 828 3689 a
848 3638 1081 3689 manifest
1101 3654 1255 3689 error·
1524 3640 1626 3691 Dei
1645 3640 1789 3693 illum
1811 3639 2063 3694 dicens-”¹

330 3738 381 3783 4.
445 3736 550 3771 non
582 3721 715 3770 leuia
747 3721 949 3783 nocitos]
1015 3723 1071 3771 οὐ
1090 3721 1270 3784 σμικρὰ
1299 3721 1422 3784 βλα-
1592 3736 1671 3785 13·
1724 3728 1837 3786 apte
1853 3722 1997 3771 uisus
2018 3721 2108 3785 est]
2174 3723 2252 3774 Cf.
2279 3724 2486 3789 Chrysz
2520 3729 2565 3779 el
2595 3726 2684 3780 roc

263 3796 456 3859 βάντας.
502 3796 907 3848 Fornocitussee
927 3809 965 3849 1.
986 3813 1038 3862 p.
1060 3795 1196 3860 67,1.
1221 3813 1264 3858 1,
1285 3803 1423 3847 note·
1523 3801 1637 3850 θεοῦ
1686 3799 1934 3865 ἅνθρωπος
1978 3803 2172 3865 (φησὶν)
2215 3804 2275 3866 εξ
2321 3806 2393 3865 μὴ
2439 3803 2573 3870 ζήτει
2613 3811 2682 3862 τὰ

333 3889 379 3941 5.
449 3875 822 3940 abarana-tend]
903 3877 971 3929 O.
1009 3878 1075 3928 L.
1108 3877 1213 3929 and
1248 3876 1420 3941 Vulg„
1522 3883 1727 3949 περιττὰ
1766 3887 1849 3935 καὶ
1902 3887 1988 3935 οὐκ
2029 3882 2215 3948 ἄγοντα
2257 3889 2376 3950 πρὸς
2416 3892 2504 3940 τὸν
2548 3890 2673 3944 θεόν.

267 3960 302 3989 ‘⁸
316 3963 604 4009 errauernnt
621 3957 681 4020 ;’'
729 3959 890 4024 Aug„
939 3957 1422 4024 “pererrauerunt.”
1522 3967 1708 4033 Pelag=
1738 3971 1772 3995 ‘⁴
1785 3983 1892 4018 non
1912 3967 2201 4019 diuitiarum
2221 3969 2389 4034 homo,
2413 3973 2506 4023 sed
2525 3975 2680 4028 Dei.”

271 4040 441 4091 Oberr.
464 4039 509 4090 iz
529 4055 648 4106 very
669 4041 893 4106 possibly
913 4056 980 4092 an
1009 4056 1147 4092 error
1178 4042 1257 4092 sor
1286 4042 1419 4092 aber-
1590 4061 1669 4112 15.
1722 4048 1785 4099 ab
1815 4049 1961 4099 omni
1993 4049 2513 4117 malo...supm·0rem]
2588 4058 2669 4112 ΟΕ

263 4131 515 4174 rauemnt
534 4121 1021 4186 (ἁπεπλανῆθησανὴ
1050 4124 1130 4175 sor
1152 4124 1242 4176 the
1262 4139 1419 4190 oppo-
1521 4142 1561 4181 1.
1585 4146 1637 4196 p.
1663 4144 1742 4194 32,
1769 4130 1805 4180 1.
1827 4130 1876 4190 6,
1900 4138 2037 4182 note.
2104 4131 2238 4182 Rab.
2263 4130 2366 4199 (see
2386 4151 2469 4187 vv.
2485 4135 2562 4205 11.)
2583 4139 2677 4194 has

263 4205 357 4257 site
394 4205 608 4257 mistake
642 4221 726 4257 see
764 4219 803 4258 1.
840 4222 892 4272 p.
938 4217 1044 4271 197,
1078 4206 1114 4257 1.
1156 4216 1202 4269 7,
1243 4222 1328 4258 vv.
1362 4207 1419 4258 11.
1516 4212 1740 4262 restored
1762 4211 1848 4263 the
1877 4229 2132 4278 grammar
2154 4215 2226 4280 by
2243 4216 2458 4284 striking
2477 4227 2566 4272 out
2587 4223 2676 4277 the

263 4288 453 4354 Seipsos
478 4285 741 4350 (ἐαυτούςὴ
772 4288 927 4354 Vulg.
956 4292 990 4317 ‘⁸
1004 4303 1060 4339 se
1075 4287 1129 4350 ;''
1153 4287 1220 4339 cf.
1242 4295 1412 4354 supra,
1515 4294 1872 4358 comparative.

263 4380 326 4423 11.
348 4385 401 4435 p.
424 4384 507 4436 92,
530 4368 563 4419 L
593 4384 637 4427 1,
660 4374 797 4420 note.
1588 4372 1666 4424 18.
1735 4371 2002 4436 insequere]
2087 4373 2171 4425 Cf.
2215 4373 2490 4440 Ambrstr„
2544 4380 2672 4433 “se-

327 4465 378 4518 9.
420 4457 522 4516 pro
541 4450 832 4513 illis...Da]
875 4450 1124 4503 Lansranc
1161 4451 1285 4504 cites
1316 4450 1418 4503 this
1518 4451 1723 4517 quere.'’
1770 4453 1884 4506 The
1905 4452 2057 4519 Vulg.
2076 4454 2168 4506 has
2193 4456 2485 4521 “memte”
2505 4461 2670 4517 which

261 4532 315 4584 in
337 4532 424 4585 the
444 4532 781 4601 fragmentary
793 4533 953 4586 form=
981 4533 1261 4585 “Ambros.
1282 4535 1415 4600 ‘qui-
1516 4550 1608 4585 our
1629 4537 1895 4587 translator
1916 4538 2100 4590 retains
2121 4546 2173 4593 at
2198 4557 2226 4591 α
2248 4541 2385 4592 Tim.
2401 4541 2455 4593 ii.
2483 4559 2562 4600 αα.
