3221 5116
493 418 577 478 42
1173 413 1631 468 THEODORUS
1675 410 2260 464 MOPSUESTENUS
2615 396 2692 479 [Ι.
2736 414 2853 459 1—
2862 412 2916 476 3.

496 581 731 647 ceteris
791 583 1234 660 nuntiabant3
1309 584 1571 647 adiecto
1632 581 1763 659 illo,
1823 581 2005 665 quod
2065 581 2157 644 illi
2232 582 2347 664 qui
2422 578 2918 662 indisciplinate

499 686 934 751 uersabantur
964 686 1143 750 nulla
1174 709 1263 750 ex
1293 696 1483 769 parte
1514 707 1603 750 ex
1646 686 1883 750 litteris
1920 684 2247 769 prioribus
2289 685 2576 767 apostoli
2609 684 2918 748 meliores

500 789 601 852 sui
661 788 922 852 fuerant
974 789 1209 865 effecti,
1262 790 1380 853 sed
1434 789 2006 872 perseuerauerint
2066 790 2135 852 in
2194 790 2475 871 pristino
2525 809 2650 852 suo
2710 808 2923 871 prauo

499 891 862 973 proposit0.
954 891 1180 955 scribit
1240 892 1441 974 igitur
1499 892 1861 955 secundam
1926 890 2098 954 hanc
2173 891 2551 972 epistolam,
2628 892 2920 973 primum

439 1016 468 1083 5
502 995 771 1079 quidem
804 995 1212 1058 conlaudans
1250 1016 1382 1072 eOS,
1417 1017 1496 1059 eo
1528 997 1705 1078 quod
1742 1005 1976 1059 contra
2017 1016 2251 1060 omnes
2285 997 2576 1079 impetus
2611 996 2924 1060 aduersa-

502 1099 747 1162 riorum
800 1099 1216 1161 decertantes
1266 1119 1398 1161 non
1452 1098 1714 1163 fuerant
1767 1099 2100 1181 superati;
2163 1099 2557 1165 adhortatur
2600 1122 2758 1165 uero
2807 1121 2924 1164 eos

503 1202 705 1266 etiam
739 1202 1023 1266 currenti
1053 1211 1356 1284 tempore
1387 1203 1451 1264 in
1486 1203 1723 1266 eodem
1758 1205 2108 1284 persistere
2132 1208 2491 1288 proposit0,
2519 1226 2927 1290 omnemque

502 1312 972 1387 tempestatem
1033 1305 1119 1367 ab
1179 1304 1572 1367 aduersariis
1630 1301 1908 1368 inlatam
1968 1325 2087 1387 per
2145 1307 2538 1388 patientiam
2592 1326 2925 1390 superare.

503 1410 744 1473 deinde
790 1409 1052 1472 instruit
1098 1429 1228 1484 eos
1274 1418 1348 1472 ut
1401 1428 1534 1471 non
1581 1408 1973 1471 existiment
2020 1410 2402 1474 incumbere
2447 1410 2572 1475 sibi
2615 1431 2924 1474 consum-

401 1526 479 1574 10
506 1510 833 1573 mationes
864 1519 1259 1592 temporum.
1328 1511 1499 1573 inter
1528 1518 1750 1573 cetera
1782 1531 1940 1573 uero
1972 1511 2238 1590 instruit
2280 1534 2392 1575 eos
2427 1523 2493 1577 et
2524 1511 2924 1576 Antichristi

503 1613 889 1692 aduentum,
929 1621 996 1675 et
1038 1612 1324 1695 qualiter
1364 1613 1469 1676 uel
1512 1613 1855 1695 quomodo
1892 1615 1980 1678 sit
2019 1616 2481 1697 adpariturus;
2530 1616 2685 1679 dein
2720 1617 2926 1681 indis-

505 1716 837 1798 ciplinatis
886 1715 1132 1794 scribit,
1180 1710 1609 1780 uehementer
1663 1738 1778 1780 eos
1824 1720 2203 1801 corripiens,
2263 1742 2344 1784 eo
2393 1723 2574 1804 quod
2622 1721 2785 1785 nihil
2833 1732 2925 1787 ex'

506 1817 635 1880 illis
678 1818 1002 1899 prioribus
1048 1817 1309 1900 scriptis
1357 1817 1598 1883 suerint
1644 1819 1962 1895 adiuuati,
2012 1821 2078 1883 in
2126 1822 2367 1903 quibus
2409 1822 2754 1886 consilium
2795 1823 2927 1887 illis

506 1919 782 1981 dederat
819 1918 904 1981 de
950 1919 1076 1982 illis
1119 1942 1291 2003 quae
1332 1942 1446 1984 eos
1492 1942 1690 2004 agere
1736 1923 2239 1987 conueniebant.
2330 1925 2588 1987 cautius
2634 1945 2792 1988 uero
2839 1926 2927 1989 de

403 2034 472 2102 15
507 2020 817 2083 omnibus
848 2021 1250 2085 instruemur
1280 2044 1369 2087 ex
1401 2022 1529 2086 illis
1560 2045 1733 2106 quae
1765 2024 1831 2087 in
1863 2024 2422 2108 subsequentibus
2454 2024 2805 2089 habentur.

638 2182 897 2246 Paulus
940 2194 1003 2247 et
1050 2183 1375 2248 Siluanus
1416 2196 1479 2249 et
1526 2185 1898 2250 Timotheus
1939 2186 2221 2250 ecclesiae
2276 2186 2337 2250 T
2329 2186 2928 2251 lzessalonicensium

511 2286 579 2350 in
626 2286 763 2349 Deo
790 2297 983 2370 patre
1025 2299 1239 2352 nostro
1280 2300 1344 2352 et
1384 2289 1641 2352 domino
1672 2291 1817 2353 Iesu
1855 2289 2126 2356 Christo,
2204 2291 2439 2373 gratia
2483 2292 2664 2356 uobis
2699 2303 2763 2357 et
2787 2305 2936 2376 pax

505 2409 549 2451 a
581 2390 718 2452 Deo
733 2400 925 2473 patre
954 2402 1166 2454 nostro
1192 2402 1256 2456 et
1282 2392 1540 2455 domino
1569 2395 1720 2457 Iesu
1754 2392 1810 2458 C
1805 2392 2025 2457 Ιινιζςΐο.

639 2519 811 2583 hanc
842 2519 1432 2602 praescriptionem
1466 2519 1792 2604 epistolae
1822 2519 2089 2595 faciem,
2124 2519 2357 2605 incipit
2387 2522 2521 2587 sic:

399 2704 484 2752 20
627 2689 896 2771 gratias
944 2710 1132 2771 agere
1188 2689 1481 2754 debemus
1538 2689 1676 2753 Deo
1733 2701 1979 2772 semper
2019 2702 2146 2773 pro
2193 2690 2389 2767 uobis,
2407 2690 2704 2784 ,fratrea
2764 2690 2936 2755 sicut

510 2791 785 2874 dzgmcm
814 2803 921 2857 est.

641 2941 682 2984 a
725 2921 1086 3003 gratiarum
1134 2921 1394 2984 actione
1440 2921 1729 3004 incipere
1776 2922 1951 2986 idem
1995 2923 2341 3005 apostolus
2387 2915 2588 3007 saepe
2629 2933 2730 2988 est
2772 2945 2932 2987 con-

511 3035 759 3089 suetus,
851 3024 977 3088 hoc
1038 3046 1194 3088 uero
1255 3026 1322 3088 in
1397 3024 1545 3089 loco
1621 3026 1824 3090 etiam
1893 3025 2210 3091 dilatasse
2271 3029 2486 3110 ipsam
2562 3030 2930 3112 gratiarum

514 3129 846 3193 actionem
907 3129 1188 3208 uidetur,
1251 3150 1385 3194 non
1444 3130 1752 3196 absolute
1810 3132 2038 3197 dicens
2100 3135 2382 3217 ‘gratias
2458 3133 2755 3217 agimu5,'
2811 3136 2931 3199 sed

618 3327 637 3360 1
677 3326 779 3375 quo
804 3310 919 3375 (sor
939 3308 1093 3376 quod)
1124 3310 1194 3361 C·
1261 3325 1390 3375 quae
1412 3311 1476 3360 H
1533 3311 1672 3375 quod
1695 3310 1768 3360 illi
1790 3327 1866 3360 om
1891 3328 1924 3359 r
2116 3327 2145 3374 3
2182 3311 2257 3361 sui
2290 3327 2367 3360 om
2397 3311 2440 3360 C
2460 3312 2610 3372 (corr)
2824 3331 2872 3374 4,
2905 3323 2932 3374 7

516 3394 774 3460 propositu
816 3391 886 3443 C*
1115 3406 1141 3454 5
1176 3408 1238 3442 eo
1276 3393 1381 3457 (bes
1401 3393 1558 3457 quod)
1592 3408 1671 3441 om
1705 3409 1738 3441 r
1952 3394 1983 3442 8
2017 3394 2238 3457 superari
2282 3392 2428 3444 C*H
2638 3411 2670 3461 9
2703 3408 2933 3443 consum·

514 3476 785 3527 mationem
814 3475 840 3524 l
1102 3490 1160 3524 10
1194 3481 1470 3539 temporam
1506 3473 1753 3538 (tempora
1766 3475 1809 3535 Ρ)
1837 3473 1914 3524 C*
1945 3472 1953 3538 Ι
1983 3491 2103 3524 uero
2136 3475 2332 3525 instruit
2366 3475 2440 3524 bis
2470 3475 2539 3523 H
2618 3475 2683 3525 A.
2712 3475 2932 3525 aduentu

521 3559 591 3610 C·
673 3558 736 3608 de
773 3557 837 3607 A.
882 3557 1102 3607 aduentu
1143 3556 1186 3606 C
1223 3555 1366 3616 (corr)
1398 3554 1406 3620 1
1435 3556 1676 3605 deindisc.
1713 3555 1862 3606 scribi
1903 3556 1980 3606 C*
2068 3556 2133 3605 de
2178 3556 2230 3606 in
2275 3556 2602 3620 disciplinatis
2646 3557 2867 3606 scribens
2904 3573 2938 3605 r

522 3656 541 3690 ι
551 3657 578 3704 3
612 3639 768 3689 adiuti
801 3655 835 3689 r
1094 3653 1153 3701 14
1185 3637 1271 3702 qui
1296 3636 1409 3699 (for
1437 3634 1583 3701 quae)
1626 3634 1704 3686 C*
1732 3634 1740 3700 Ι
1771 3636 2102 3686 conueniebat
2140 3638 2183 3686 C
2226 3638 2372 3699 (corr)
2402 3636 2410 3701 Ι
2440 3654 2557 3687 uere
2595 3636 2660 3702 r!
2690 3638 2830 3688 instr.
2870 3639 2935 3688 de

515 3736 650 3770 omn.
695 3720 764 3768 H
986 3732 1044 3783 19
1076 3717 1172 3767 hac
1208 3717 1597 3782 praescriptione
1632 3716 1874 3780 epistolae
1912 3716 2042 3767 sacta
2077 3735 2110 3767 r
2339 3735 2399 3769 υ
2434 3735 2466 3767 a
2503 3736 2580 3769 om
2623 3719 2693 3770 C*
2761 3720 2937 3771 solitus

519 3799 632 3863 (for
652 3798 935 3858 consuetus)
959 3814 992 3847 r

586 3961 631 3994 α.
704 3945 919 3994 melzbres
949 3943 1053 4005 sut]
1110 3943 1189 3993 Cf.
1222 3955 1285 3991 11.
1308 3959 1361 4008 p.
1382 3955 1462 4006 37,
1486 3941 1521 3991 l.
1548 3955 1622 4004 15.
1776 3950 1939 4006 pora;
1972 3959 2053 3994 see
2090 3962 2171 3994 vv.
2211 3946 2267 3995 ll.
2336 3945 2490 3995 Thdt.
2525 3945 2578 3995 in
2622 3946 2708 3996 the
2753 3962 2935 3996 corres-

588 4029 634 4076 8.
706 4026 956 4089 superare]
989 4024 1235 4088 Superat-1⁸
1253 4025 1353 4085 (vv.
1378 4022 1472 4087 11.),
1500 4022 1546 4072 if
1558 4039 1678 4087 gen·
1781 4026 2006 4091 ponding
2044 4037 2278 4078 sentence
2316 4029 2374 4078 of
2409 4028 2488 4078 his
2520 4045 2625 4094 arg.
2662 4028 2756 4078 has
2794 4029 2821 4077 ὁ
2852 4026 2940 4089 τῆς

521 4109 658 4165 uine,
682 4106 723 4157 is
747 4106 1005 4157 doubtless
1027 4122 1058 4155 a
1079 4107 1352 4171 deponent.
1780 4111 2056 4159 συντελείας
2078 4107 2250 4173 καιρός.

589 4206 638 4256 9.
735 4189 1175 4239 consummaliones
1241 4188 1537 4254 temporum]
1629 4190 1681 4238 αἱ
1854 4204 1926 4255 ¹9·
1983 4190 2432 4255 praescriptionem,
2480 4190 2597 4252 δια]
2667 4189 2744 4241 Cf.
2794 4190 2891 4240 Th.
2903 4190 2940 4240 's
2969 4221 2974 4226 ·

522 4272 795 4322 συντελεῖαι
818 4269 914 4319 τῶν
939 4270 1151 4318 aldrov?
1217 4270 1296 4321 Cf.
1327 4286 1346 4320 1
1376 4271 1490 4321 Cor.
1521 4288 1567 4320 x.
1602 4287 1678 4329 11,
1781 4287 1964 4321 comm.
2014 4288 2081 4321 on
2132 4288 2153 4322 1
2203 4273 2380 4322 Thess.
2438 4272 2471 4323 i.
2541 4287 2583 4334 1,
2644 4273 2744 4322 and
2794 4281 2939 4324 notes

524 4353 587 4403 τὰ
638 4355 760 4412 τέλη
801 4349 898 4401 τῶν
948 4349 1144 4409 αἰώνων,
1185 4352 1319 4402 Heb.
1359 4354 1423 4403 ix.
1471 4352 1551 4409 26,
1596 4355 1680 4402 ἐπὶ
1781 4352 1936 4402 there.

522 4434 775 4496 συντελείᾳ
818 4431 914 4482 τῶν
943 4430 1139 4481 αἰώνων.
1208 4432 1306 4482 But
1340 4432 1557 4498 perhaps
1593 4433 1679 4484 the
1848 4447 1927 4481 22.
1992 4448 2025 4480 a
2062 4433 2352 4497 gratiarum
2390 4430 2598 4492 actione]
2649 4430 2729 4482 Cf.
2777 4443 2812 4481 1.
2851 4447 2939 4497 pp.

523 4514 736 4578 original
753 4514 958 4578 reading
978 4528 1080 4562 was
1106 4512 1542 4561 consummationis
1563 4519 1675 4562 tem-
1787 4527 1894 4576 113,
1918 4513 1951 4563 1.
1981 4527 2059 4577 23,
2083 4522 2230 4574 note;
2271 4530 2378 4574 120,
2410 4514 2445 4565 1.
2471 4534 2518 4577 4,
2548 4521 2681 4564 note.
