3221 5116
327 389 447 470 JV.
480 390 741 475 9—11.]
1046 402 1129 453 IN
1176 403 1280 453 ΕΡ.
1328 402 1429 452 AD
1477 401 1941 452 TIMOTHEUM
1990 405 2033 454 1.
2630 405 2747 471 147

324 577 622 640 conferre
654 575 845 639 nobis
878 595 1011 638 non
1046 573 1321 637 minima
1352 573 1614 656 potest.’
1686 595 1843 637 nam
1876 576 2054 656 quod
2089 575 2265 638 dixit
2300 575 2533 639 ‘uitam
2560 597 2746 659 prae-

324 681 620 758 sentem,'
683 681 778 744 sic
835 681 999 744 dicit
1058 680 1238 762 quod
1300 679 1412 761 pii,
1474 678 1528 740 si
1590 678 1795 743 etiam
1855 679 2218 762 aliquando
2279 679 2745 744 necessitatem

324 787 794 860 sustinuerunt,
850 783 1208 867 plurimum
1264 783 1576 844 iuuamen
1640 783 1844 845 etiam
1907 784 2274 847 secundum
2325 794 2745 866 praesentem

324 890 533 953 uitam
565 890 1037 971 adsequuntur.
1128 895 1197 949 et
1227 885 1479 948 dictum
1514 904 1708 947 suum
1741 884 2143 949 confirmans
2174 887 2447 950 adiecit:

431 1042 634 1126 fidele
661 1041 923 1105 uerbum
953 1049 1015 1103 et
1041 1037 1225 1102 ‘omni
1250 1038 1594 1121 acceptione
1624 1038 1920 1122 dignum.
2821 1062 2853 1129 5

450 1169 579 1233 hoc
608 1177 727 1243 est,
761 1189 918 1232 uera
948 1168 1112 1231 haec
1153 1168 1330 1230 dixit
1361 1187 1534 1249 quae
1576 1165 1829 1230 nullam
1873 1167 2363 1233 dubitationem
2412 1172 2747 1254 suscipere

322 1282 649 1357 poterant,
695 1294 776 1337 eo
821 1274 998 1356 quod
1061 1273 1275 1355 pietas
1336 1271 1471 1334 suis
1517 1272 1959 1336 sectatoribus
2005 1272 2364 1337 multorum
2418 1276 2745 1340 bonorum

321 1377 696 1461 largitatem
747 1387 1083 1461 praestare
1136 1377 1415 1440 uidetur.
1507 1385 1574 1439 et
1637 1384 1792 1457 post
1844 1375 2419 1442 confirmationem
2475 1401 2745 1445 suorum

318 1483 646 1547 dictorum
679 1484 916 1546 iterum
949 1483 1037 1546 ad
1071 1480 1490 1563 sequentiam
1523 1479 2017 1545 exhortationis
2049 1502 2209 1545 suae
2241 1485 2685 1549 conuertitur:

451 1637 523 1701 in
551 1636 666 1701 lwc
694 1637 963 1721 (inquit)
997 1637 1369 1700 laboramus
1397 1644 1459 1697 et
1491 1633 1972 1718 exprobramur,
2002 1635 2310 1718 quoniam
2340 1638 2749 1720 sperauimus
2786 1667 2863 1713 10

323 1739 393 1802 in
451 1741 667 1804 Deum
726 1742 979 1817 uiuum,
1037 1739 1158 1822 qui
1208 1749 1305 1802 est
1357 1739 1661 1803 saluator
1713 1739 2006 1803 omnium
2053 1739 2410 1819 hominum,
2463 1743 2749 1807 maxime

302 1844 632 1927 fidelium.

453 1975 711 2058 ‘itaque
757 1996 908 2039 cum
957 1975 1173 2058 pietas
1207 1974 1419 2037 multa
1467 1973 1646 2037 bona
1685 1975 1899 2056 possit
1941 1975 2307 2057 prouidere,
2354 1996 2473 2039 nec
2507 1977 2745 2041 mirum

318 2088 420 2142 est
452 2100 573 2143 nos
604 2080 717 2162 qui
761 2079 1092 2141 credimus
1141 2078 1293 2141 Deo
1336 2097 1601 2158 semper
1638 2078 1903 2140 extanti
1950 2089 2071 2160 pro
2112 2098 2194 2140 eo
2237 2088 2303 2142 et
2347 2078 2647 2142 laborare
2678 2089 2745 2143 et

318 2183 707 2265 exprobrari
767 2201 888 2265 pro
933 2201 1067 2264 quo
1119 2190 1186 2244 et
1236 2180 1376 2263 pati
1424 2180 1754 2262 optimum
1805 2190 1922 2258 est,
1974 2202 2055 2245 eo
2117 2182 2295 2264 quod
2341 2182 2464 2245 scit
2512 2204 2745 2247 omnes
2786 2208 2852 2274 15

318 2286 574 2351 saluare
644 2307 765 2350 sua
816 2286 1164 2363 bonitate;
1241 2283 1549 2348 fidelibus
1608 2304 1768 2348 uero
1829 2284 1917 2347 ob
1993 2285 2405 2349 alacritatem
2481 2287 2744 2350 animae

316 2409 545 2451 eorum
592 2389 794 2452 etiam
843 2386 1089 2451 multas
1137 2387 1260 2450 scit
1309 2396 1647 2469 praestare
1687 2386 2061 2450 mercedes!
2151 2396 2219 2450 et
2258 2387 2576 2469 quoniam
2627 2410 2746 2471 per

318 2493 543 2555 omnia
567 2489 860 2554 ostendit
892 2488 1332 2552 necessarium
1365 2508 1508 2551 esse
1531 2488 1767 2552 horum
1794 2489 2088 2552 studium
2113 2498 2180 2552 et
2212 2498 2286 2552 ut
2310 2501 2747 2555 exerceantur

316 2597 403 2659 ad
464 2597 782 2679 pietatem
842 2604 1100 2658 ceteros
1161 2593 1494 2669 docentes»,
1572 2593 1848 2657 resumit
1907 2593 2359 2676 praepositam
2428 2594 2742 2659 exhorta-

316 2698 589 2775 tionem,
619 2699 912 2763 adiciens
946 2722 959 2762 :
2771 2732 2856 2778 20

427 2833 722 2918 praecipe
749 2834 903 2898 haec
926 2844 990 2899 et
1016 2835 1176 2898 doce.

446 2976 579 3019 non
633 2955 940 3019 absolute
992 2955 1215 3038 posuit
1254 2957 1562 3038 praecipe,
1612 2957 1726 3019 sed
1791 2959 1970 3040 quod
2026 2959 2383 3023 conueniat
2432 2979 2585 3022 eum
2642 2960 2741 3021 in-

417 3137 439 3170 1
478 3124 613 3189 quod
655 3139 775 3172 uero
814 3122 929 3185 (for
963 3138 1079 3172 nam
1114 3124 1272 3188 quod)
1307 3141 1339 3171 r
1580 3142 1607 3174 2
1644 3125 1768 3174 dixit
1803 3124 1868 3187 νΙ
1898 3126 1939 3175 si
1977 3125 2049 3191 pii
2085 3142 2117 3174 r
2355 3146 2386 3189 4
2442 3126 2740 3177 et...adiecit

310 3221 389 3254 om
407 3221 440 3252 r
634 3220 660 3266 5
698 3203 859 3254 fidelis
875 3220 1056 3261 senne,
1081 3205 1261 3269 dignus
1284 3221 1316 3253 r
1508 3220 1540 3269 9
1572 3215 1623 3255 et
1651 3206 1720 3255 ait
1745 3206 1842 3271 (afl
1863 3206 2188 3270 conuertitur)
2211 3208 2318 3256 add
2333 3224 2365 3256 r
2572 3224 2630 3259 10
2664 3208 2739 3257 in·

314 3286 423 3349 quit
457 3301 533 3334 om
557 3282 622 3345 r!
654 3284 997 3335 maledicimur
1032 3284 1144 3348 (for
1179 3283 1433 3349 exprobr.)
1476 3285 1540 3350 νΙ
1571 3286 1690 3351 quia
1726 3286 1843 3351 (for
1875 3288 2134 3352 quoniam)
2180 3289 2270 3337 Cr
2564 3306 2622 3350 14
2645 3305 2740 3354 pro

314 3384 375 3418 ea
397 3368 501 3417 Ην
730 3379 785 3428 ι5
821 3383 914 3431 pro
953 3367 1089 3431 quod
1121 3365 1272 3431 CH!
1302 3367 1494 3417 bonum
1519 3368 1634 3433 (for
1653 3370 1781 3434 opt.)
1808 3371 1874 3419 H
2130 3381 2188 3433 17
2222 3378 2315 3420 ost.
2347 3386 2436 3435 per
2475 3371 2646 3420 omnia
2678 3372 2743 3420 H

320 3450 378 3497 18
412 3455 486 3498 est
512 3445 626 3512 (fhr
659 3448 785 3511 esse)
815 3447 972 3497 cllr
999 3445 1008 3512 1
1035 3455 1084 3497 et
1107 3462 1185 3496 om
1214 3449 1258 3497 C
1274 3448 1422 3512 (corr)
1714 3464 1774 3515 19
1790 3466 2044 3501 resumens
2073 3451 2116 3501 C
2136 3450 2283 3513 (corr)
2312 3449 2320 3515 Ι
2351 3451 2660 3515 propositam
2678 3451 2747 3499 H

316 3546 379 3581 ἰο
411 3529 563 3579 adicit
593 3529 637 3578 C
671 3528 826 3578 etad.
851 3545 884 3576 r

378 3692 426 3741 5.
477 3675 633 3740 fidele
664 3674 887 3736 uerbum]
954 3675 1018 3725 O.
1050 3676 1110 3724 L.
1147 3676 1246 3724 and
1289 3676 1463 3741 vulg„
1572 3674 1757 3740 ζόμεθα
1793 3677 1876 3739 (cs.
1928 3677 2087 3741 infra,
2135 3678 2171 3726 1.
2215 3678 2308 3740 15)·
2403 3677 2733 3739 Sperauimus

317 3758 524 3808 “fide1is
563 3755 780 3808 sermo.'’
864 3756 945 3808 Cf.
997 3770 1059 3807 11.
1099 3773 1150 3822 p.
1196 3773 1273 3822 79,
1314 3759 1349 3808 l.
1392 3775 1468 3816 ια,
1572 3756 1905 3818 (ἠλπίκαμεν),
1942 3773 2000 3807 so
2034 3757 2154 3822 vig.
2179 3758 2358 3822 Taps.;
2394 3756 2457 3807 Ο.
2485 3757 2542 3805 L.
2580 3772 2729 3820 gene-

313 3848 448 3889 note.
1570 3838 1698 3900 rally
1718 3838 1818 3886 and
1841 3837 2013 3902 Vulg„
2044 3835 2409 3901 “speramus.”

370 3920 421 3972 6.
488 3921 539 3971 le.
584 3937 623 3970 e.
662 3936 783 3969 uera
818 3920 933 3969 haec
975 3920 1127 3983 dixit]
1197 3921 1276 3971 Cf.
1313 3934 1377 3971 11.
1412 3938 1464 3986 p.
1641 3934 1714 3983 ¹4·
1782 3920 1885 3968 Deo
1912 3925 2098 3983 semper
2122 3918 2339 3980 extante]
2405 3917 2480 3979 ⁷45
2499 3917 2575 3967 ἀεὶ
2602 3920 2723 3979 ὄντι,

312 4016 391 4072 79,
437 4004 471 4054 l.
528 4014 603 4065 17,
650 4010 782 4053 note.
857 4003 955 4054 Th.
996 4003 1115 4054 here
1154 4003 1347 4068 applies
1383 4004 1468 4053 the
1568 3999 1643 4061 τῷ
1658 3999 1809 4061 ἀϊδίῳ.
1857 3999 2043 4049 Thdt.:
2079 3998 2264 4050 ἀΐδιος
2293 3998 2387 4063 ’γὰρ
2417 4002 2521 4050 θεὸς
2550 3999 2727 4062 ἀγωνο·

308 4085 522 4136 formula
577 4079 630 4134 {o
675 4085 761 4133 the
805 4083 1075 4149 preceding
1129 4084 1308 4132 words,
1381 4084 1462 4133 Cf.
1571 4083 1707 4130 θετεῖ
1716 4084 1814 4132 τοῖς
1828 4079 2102 4131 ἀθλοῦσιν.»

308 4164 527 4230 Thpht.:
554 4165 687 4213 ποῖος
713 4161 888 4224 λόγως
922 4161 996 4212 ὅτι
1028 4164 1107 4212 καὶ
1142 4158 1351 4212 ἐνταῦθα
1387 4164 1464 4211 καὶ
1638 4181 1711 4230 19.
1778 4164 1990 4214 resumit
1997 4171 2172 4229 praep.
2209 4165 2346 4226 exh.]
2414 4166 2505 4216 Le.
2533 4166 2724 4229 παράγ·

304 4247 409 4295 ἐκεῖ
427 4243 459 4305 ἦ
479 4244 700 4307 εὐσέβεια
723 4242 918 4306 ὠφελεῖ.
1565 4247 1720 4305 γελλε
1761 4245 1904 4295 takes
1939 4261 2009 4310 up
2043 4242 2270 4306 γύμναζε,
2305 4263 2361 4296 as
2396 4263 2448 4307 γ.
2485 4247 2587 4297 had
2616 4264 2722 4298 suc-

378 4343 454 4378 ro.
520 4327 898 4392 exprobrantur]
950 4327 1021 4378 So
1044 4326 1170 4377 Cod.
1198 4327 1467 4391 Boemer.;
1565 4327 1749 4377 ceeded
1787 4335 1840 4376 to
1878 4324 2234 4386 ὑποτιθέμενος.
2320 4326 2421 4393 (Cf.
2459 4336 2634 4392 supra,
2669 4345 2719 4394 p.

302 4410 474 4474 Vulg„
509 4411 545 4435 ‘⁴
564 4407 964 4460 maledicimur.'‘
997 4457 1006 4467 ,
1044 4409 1160 4469 Th„
1197 4408 1236 4458 it
1271 4408 1374 4458 will
1399 4410 1463 4458 be
1572 4405 1680 4470 146,
1705 4407 1740 4456 l.
1766 4420 1811 4470 5,
1840 4408 1999 4468 note.)

299 4493 564 4549 observem
610 4493 727 4541 read
774 4488 1115 4549 ὀνειδιζόμεθα,
1157 4500 1242 4539 not
1286 4487 1461 4549 ἁγωνι-
1633 4504 1708 4538 22.
1782 4505 1881 4537 non
1920 4488 2134 4537 absolute
2159 4496 2216 4552 p.
2251 4491 2264 4513 ⁴
2274 4488 2494 4552 praecipe
2509 4487 2542 4548 ’]
2579 4494 2592 4516 ‘
2611 4489 2715 4537 Not

2338 4605 2358 4649 1
2371 4604 2539 4651 0—2
