3221 5116
418 3075 422 3079 Δ
522 3049 582 3098 18
617 3055 666 3096 et
690 3053 743 3095 ut
768 3046 885 3109 (jor
915 3052 970 3094 ut
993 3042 1063 3109 et)
1087 3061 1120 3094 r
1146 3042 1155 3110 Ι
1183 3061 1302 3095 uero
1323 3061 1399 3094 om
1425 3063 1457 3094 r

510 383 596 462 48
1187 392 1644 445 THEODORUS
1693 388 2280 448 MOPSUESTENUS

514 566 737 630 uocati
782 565 943 629 estis
988 561 1413 644 fruitionem3
1468 562 1755 655 implens
1801 586 1922 631 uos
1968 566 2152 630 omni
2193 566 2373 631 bono
2418 577 2485 632 et
2534 568 2932 645 confortanS,

514 671 610 735 ita
633 679 708 735 ut
738 678 806 733 et
835 670 902 732 in
934 667 1243 751 operibus
1284 667 1655 732 ostendatis
1701 667 1919 746 fidem,
1954 678 2023 735 et
2068 669 2181 734 illa
2220 692 2394 755 quae
2424 673 2511 737 ab
2542 672 2938 738 aduersariis

513 771 883 835 inseruntur
940 769 1131 833 facile
1191 770 1589 834 sustineatis,
1681 770 1778 834 sic
1850 771 2028 835 enim
2105 782 2174 837 et
2247 771 2553 838 Christus
2612 774 2680 839 in
2742 775 2937 839 uobis

514 872 840 956 gloriosus
887 871 1252 935 secundum
1306 891 1620 954 praesens
1666 873 2004 937 saeculum
2053 873 2401 953 uidebitur,
2455 877 2727 960 quando
2781 897 2933 941 cum

451 989 484 1057 5
518 975 860 1040 alacritate
890 975 1319 1057 adquiescitis
1350 975 1491 1056 pati
1540 995 1664 1057 pro
1704 996 1821 1055 eo;
1865 997 2121 1061 uosque
2161 980 2274 1061 qui
2317 980 2411 1044 sic
2447 982 2724 1046 firmiter
2752 983 2820 1047 in
2852 1002 2935 1047 eo

516 1076 905 1152 credidistiS,
948 1077 1238 1139 futuram
1281 1075 1586 1139 fruemini
1627 1076 1924 1159 gloriam,
1964 1100 2167 1163 quam
2209 1102 2330 1146 sua
2373 1084 2592 1165 gratia
2630 1083 2756 1149 sibi
2798 1104 2936 1149 cre-

517 1179 830 1243 dentibus
882 1177 1292 1261 repromisit.’

1381 1198 1556 1261 quae
1609 1199 1771 1261 ergo
1815 1182 2304 1247 conueniebant
2357 1183 2485 1248 dici
2529 1184 2614 1247 ad
2664 1183 2931 1248 laudem

516 1301 747 1346 eorum
787 1282 900 1365 qui
940 1281 1007 1343 in
1049 1279 1345 1344 aduersis
1384 1278 1554 1342 firmi
1592 1282 2037 1362 perstiterunt,
2072 1293 2140 1347 et
2170 1284 2256 1346 ad
2289 1283 2827 1350 exhortationem
2860 1294 2936 1349 ut

517 1387 581 1450 in
616 1386 852 1450 eadem
884 1385 1311 1468 persisterent
1342 1385 1691 1460 sententia,
1722 1384 1788 1447 in
1828 1383 2009 1448 hisce
2046 1387 2228 1449 uisus
2269 1397 2373 1453 est
2416 1406 2932 1453 consummasse.

411 1513 491 1561 10
516 1489 671 1552 hinc
701 1509 860 1552 uero
891 1487 1121 1569 incipit
1151 1486 1236 1549 de
1267 1486 1842 1549 consummatione
1872 1487 2116 1550 saeculi
2149 1488 2512 1573 disputare,
2536 1490 2786 1554 docens
2818 1510 2934 1553 eos

516 1616 650 1659 non
682 1593 1066 1659 existimare
1097 1592 1222 1654 sibi
1255 1589 1455 1653 finem
1489 1590 1902 1653 mundanum
1934 1590 2282 1656 imminere
2308 1616 2322 1657 ε

648 1769 956 1832 rogamus
1012 1758 1229 1812 autem
1294 1767 1422 1823 uos,
1467 1746 1745 1828 fratre-5,
1811 1760 1937 1829 per
1995 1746 2348 1811 aduentum
2420 1745 2677 1812 domini
2728 1746 2942 1812 nostri

517 1850 664 1915 Iesu
711 1848 961 1916 Christi
994 1859 1057 1912 et
1093 1859 1382 1913 nostram
1422 1848 1970 1930 congregationem
2014 1849 2082 1912 in
2118 1871 2281 1928 eum,
2322 1860 2401 1914 ut
2439 1872 2516 1914 ne
2557 1852 2681 1915 cito
2724 1872 2935 1914 moue-

518 1952 736 2016 amini
772 1973 816 2015 a
845 1973 1032 2016 sensu
1078 1962 1302 2027 uestro,
1334 1971 1528 2032 neque
1565 1950 1948 2014 terreamini
1985 1971 2179 2033 neque
2206 1964 2332 2035 per
2369 1952 2693 2036 spiritum,
2740 1974 2938 2035 neque

518 2158 654 2223 dies
681 2158 977 2223 Domini.

411 2071 484 2140 15
501 2069 629 2140 per
666 2057 947 2135 uerbum,
979 2077 1173 2139 neque
1200 2066 1326 2138 per
1363 2053 1693 2137 epistolam
1737 2053 1934 2136 quasi
1969 2075 2052 2117 ex
2089 2054 2284 2133 nobis,
2316 2057 2511 2138 quasi
2543 2056 2701 2139 qnia
2742 2057 2941 2123 instet

646 2276 1044 2340 adueniente
1098 2274 1392 2339 Domino
1445 2276 1654 2339 iustos
1703 2296 1935 2340 omnes
1982 2275 2226 2340 debere
2273 2278 2415 2360 rapi
2467 2297 2667 2361 super
2720 2280 2933 2343 nubes

515 2383 583 2446 in
629 2381 901 2445 obuiam
948 2380 1087 2443 eius
1130 2389 1203 2443 ut
1245 2390 1313 2444 et
1343 2380 1538 2445 simul
1576 2381 1710 2444 sint
1757 2400 2022 2463 semper
2061 2400 2212 2443 cum
2256 2403 2353 2460 eo,
2386 2382 2731 2466 apostolus
2774 2404 2934 2447 uero

516 2485 582 2547 in
616 2482 831 2566 prima
861 2483 1144 2567 epistola
1176 2484 1517 2547 euidenter
1557 2483 1867 2547 adseruit.
1955 2481 2082 2545 hoc
2114 2504 2274 2567 ergo
2304 2485 2467 2548 dicit
2493 2506 2509 2548 τ
2552 2495 2616 2549 et
2640 2495 2934 2549 nostram

401 2615 488 2663 20
513 2587 1059 2671 congregationem
1131 2588 1228 2651 ad
1293 2609 1454 2664 eum,
1518 2585 1733 2669 †dicit
1806 2587 2053 2651 etenim
2118 2587 2363 2656 Christi
2426 2592 2792 2656 aduentum
2865 2602 2937 2657 et

644 2723 751 2791 ὅτι
807 2724 959 2814 περὶ
1018 2728 1135 2806 τῆς
1192 2728 1487 2814 Χριστοῦ
1546 2730 1915 2816 παρουσίας·
1972 2728 2084 2795 καὶ
2144 2732 2259 2812 τῆς
2317 2731 2500 2813 ἡμῶν
2560 2731 2666 2800 ἐπ’
2732 2731 2936 2799 αὐτὸν

609 2881 643 2933 6
674 2882 853 2938 futura,
877 2881 1038 2945 gloria
1065 2881 1111 2931 C
1130 2880 1273 2946 (corr)
1306 2879 1315 2947 Ι
1342 2880 1562 2932 fruimini
1591 2881 1733 2932 ΘΗ

518 2980 571 3014 11
610 2963 785 3013 mundi
812 2964 855 3012 C
877 2962 1022 3027 (corr)

1248 2980 1305 3026 14
1339 2980 1370 3013 a
1392 2980 1538 3014 sensu
1560 2981 1607 3015 u.
1638 2980 1800 3029 neque
1823 2972 1934 3014 terr.
1964 2980 2042 3014 om
2067 2981 2099 3013 r

1620 3062 1683 3096 πο
1715 3046 1933 3095 aduentu
1959 3045 2054 3105 (om
2079 3045 2147 3110 et)
2174 3047 2198 3095 l

2679 2897 2739 2934 ro
2769 2884 2852 2935 hic
2877 2885 2950 2935 H

2296 2979 2354 3030 17
2388 2966 2442 3015 in
2466 2966 2579 3030 (sor
2610 2964 2776 3031 super)
2800 2983 2880 3016 om
2904 2985 2938 3017 r

2376 3062 2436 3097 21
2473 3064 2549 3113 sq.
2574 3047 2729 3099 Coisl.
2761 3064 2873 3113 204,
2895 3048 2929 3098 f.

1981 2896 2014 2947 9
2046 2882 2362 2947 perstiterent
2384 2900 2416 2932 r

516 3129 609 3179 180
625 3129 660 3178 b
681 3128 787 3190 [Cr.
811 3127 878 3176 vi.
896 3125 1006 3192 386,
1037 3127 1119 3176 Fr.
1156 3125 1268 3189 146]
1293 3126 1537 3190 θεοδώρου.
1609 3129 1685 3177 ὅτι
1707 3129 1814 3188 περὶ
1838 3129 1937 3188 τῆς,
1968 3129 2114 3177 κ.τ.λ.

579 3270 625 3304 2.
663 3254 736 3303 ita
754 3261 875 3304 utet
891 3254 947 3304 in
969 3262 1044 3319 op.
1067 3260 1150 3304 ost.
1164 3255 1345 3320 fidem]
1379 3255 1460 3305 Cf.
1486 3257 1669 3307 Thdt.:

511 3338 654 3399 ἔργον
677 3338 727 3386 δὲ
749 3338 956 3387 πίστεως
978 3336 1181 3387 ἐνταῦθα
1203 3339 1292 3397 τὴν
1315 3339 1367 3387 ἐν
1386 3338 1484 3388 τοῖς
1513 3334 1668 3399 raeir-

511 3434 659 3476 μασιν
679 3415 922 3478 ὑπομονὴν
944 3419 1347 3481 προσηγόρευσεν.

584 3512 659 3548 10.
726 3498 846 3547 hinc
866 3513 998 3558 uero,
1034 3497 1222 3562 incipit,
1251 3497 1366 3561 δια]
1399 3498 1574 3549 Thdt.:
1601 3499 1671 3549 εἰς

511 3581 604 3640 τὴν
626 3581 736 3641 περὶ
760 3581 1035 3629 συντελείας
1056 3579 1375 3629 διδασκαλίαν
1408 3581 1670 3641 μεταφέρει

511 3665 597 3714 τὸν
619 3665 787 3727 λόγον.

583 3761 659 3810 13.
730 3752 951 3797 nostram
974 3744 1408 3809 congregationem]
1435 3746 1506 3796 So
1524 3743 1663 3795 Tert.

511 3844 599 3878 res.
629 3843 769 3876 carn.
796 3842 857 3889 ‘²4
881 3826 980 3876 and
1005 3824 1175 3875 Sedul.
1208 3826 1345 3876 Scot.
1384 3824 1494 3874 The
1518 3823 1582 3875 Ο.
1605 3826 1666 3875 L.

512 3909 803 3958 authorities
825 3906 1095 3973 generally,
1115 3906 1375 3971 including
1397 3907 1666 3968 Ambrstr.,

512 3990 611 4041 and
646 3990 732 4040 the
765 3990 935 4054 vulg„
974 3989 1153 4038 render
1187 3990 1218 4015 “
1237 3995 1433 4038 nostrae
1467 4004 1672 4053 congre·

512 4068 744 4133 gationis,
754 4066 783 4090 ”
818 4084 872 4117 as
918 4068 961 4117 if
997 4069 1365 4131 ἐπισυναγωγῆς
1408 4069 1674 4134 depended

514 4165 582 4200 on
603 4153 690 4211 τῆς
714 4150 1075 4212 παρουσίας-ει
1096 4150 1489 4215 misconception
1506 4151 1673 4201 which

515 4247 607 4282 our
628 4230 892 4281 translator
906 4231 948 4280 is
962 4230 1145 4282 careful
1161 4240 1213 4283 to
1226 4233 1388 4283 avoid.
1445 4235 1548 4284 Per
1562 4251 1670 4284 uer·

515 4312 646 4371 bum,
691 4327 748 4360 so
787 4311 946 4376 Aug-3
981 4311 1048 4361 O.
1081 4312 1139 4361 L.
1175 4314 1276 4362 and
1316 4313 1486 4379 Vulgl,
1529 4317 1672 4380 “per

514 4408 794 4443 sermonem
810 4391 839 4414 ”
874 4392 955 4458 (cf.
986 4404 1047 4443 11.
1079 4409 1132 4458 p.
1160 4408 1204 4455 3,
1232 4394 1265 4444 l.
1300 4408 1374 4457 15,
1410 4402 1544 4453 note,
1568 4397 1670 4447 and

513 4476 669 4541 infra,
698 4493 746 4525 v.
790 4478 884 4540 15).
962 4478 1122 4538 Quasi
1148 4492 1209 4526 ex
1241 4477 1500 4527 nobis=d25
1538 4479 1668 4540 ‘rap'

1769 3253 1940 3315 ἠμῶνῖ
2004 3257 2054 3305 A
2088 3263 2223 3306 trace
2262 3255 2321 3306 of
2357 3256 2456 3308 this
2494 3257 2716 3322 reading,
2764 3257 2934 3308 which

1769 3338 1937 3388 Tisch.
1953 3347 2097 3389 notes
2113 3340 2233 3402 only
2253 3339 2308 3387 in
2328 3354 2425 3389 one
2450 3338 2551 3389 Gk.
2577 3340 2693 3390 MS.
2718 3339 2776 3389 of
2791 3348 2925 3392 cent.

1771 3420 1859 3480 ix„
1886 3435 2046 3469 seems
2069 3427 2121 3468 to
2145 3420 2304 3483 linger
2324 3419 2432 3470 also
2453 3419 2507 3468 in
2541 3419 2626 3470 the
2662 3421 2933 3486 rendering

1770 3500 1830 3550 of
1856 3500 2105 3549 Ambrstr.
2131 3500 2230 3549 and
2266 3500 2394 3550 Cod.
2421 3501 2463 3549 F
2465 3500 2567 3551 uld.
2597 3501 2931 3566 (“tamquam

1770 3597 1802 3631 a
1823 3581 1968 3631 nobis
1990 3581 2191 3632 missam
2208 3579 2278 3644 ”).

1842 3678 1917 3729 ¹9·
1986 3663 2044 3712 in
2073 3663 2250 3727 prim
2291 3663 2508 3727 epistola,
2544 3662 2660 3727 «Sec-1
2707 3663 2771 3714 In
2793 3679 2837 3714 c.
2861 3666 2930 3715 iv.

1779 3758 1855 3810 17,
1879 3746 2044 3797 where
2067 3763 2150 3798 see
2171 3763 2351 3798 comm.
2382 3748 2482 3797 and
2505 3754 2665 3798 notes.

1839 3828 1924 3877 hoc
1977 3845 2089 3894 ergo
2141 3828 2278 3886 dicit,
2335 3828 2448 3890 δια]
2532 3829 2658 3891 I.e.,
2708 3830 2793 3881 the
2826 3832 2930 3881 ἐτι-

1775 3911 2040 3973 συναγωγή
2080 3910 2139 3961 of
2177 3926 2203 3961 2
2241 3911 2418 3961 Thess.
2459 3911 2514 3961 ii.
2557 3927 2579 3961 1
2617 3911 2658 3961 is
2691 3911 2932 3962 identioal

1773 3991 1894 4042 with
1912 3993 1998 4042 the
2019 4000 2217 4058 rapture
2241 3993 2300 4043 of
2311 4010 2331 4044 1
2353 3993 2528 4043 Thess
2558 3994 2622 4042 iv.
2652 4004 2724 4056 17.
2765 3994 2920 4045 Thdt.

1773 4072 1864 4122 has
1900 4073 1986 4123 the
2023 4089 2160 4123 same
2190 4074 2403 4134 remark,
2443 4074 2633 4138 adding
2668 4088 2732 4123 an
2768 4089 2928 4139 appo-

1773 4154 1867 4204 site
1937 4154 2185 4205 reference
2239 4162 2293 4204 to
2352 4155 2405 4206 S.
2459 4155 2608 4204 Matt.
2669 4154 2803 4204 xxiV.
2862 4170 2922 4219 31

1772 4237 2158 4297 (ἐπισυνάξουσιν
2178 4237 2287 4287 τοὺς
2309 4238 2564 4287 ἐκλεκτούς
2585 4237 2751 4302 αὐτοῦ)
2772 4255 2787 4298 3
2822 4239 2925 4289 and

1770 4332 1828 4366 so
1852 4317 2102 4383 Pelagius,
2127 4318 2362 4368 followed
2388 4334 2443 4369 as
2473 4320 2618 4369 usual
2643 4321 2713 4385 by
2734 4319 2930 4370 Prima-

1769 4400 1871 4448 sius
1892 4401 1992 4449 and
2017 4399 2269 4450 Sedulius.

1835 4495 1916 4531 20.
1982 4482 2105 4531 ‹ln-it
2121 4482 2323 4542 etenim,
2345 4482 2461 4544 δια]
2526 4482 2636 4533 Our
2664 4483 2931 4534 translator

2630 383 2746 467 [11.
2791 401 2840 456 1,
2875 398 2935 445 2.
3033 461 3047 467 ς
