3221 5116
302 363 422 428 VI.
458 381 514 440 2,
550 364 632 451 3.]

1023 382 1103 433 IN
1156 382 1259 434 ΕΡ.
1306 383 1408 432 AD
1455 379 1920 434 TIMOTHEUM
1969 384 2013 434 1.

2606 385 2719 454 175

306 559 424 625 est,
488 552 637 634 ‘qui
701 553 1037 618 beneficiis
1112 575 1225 618 eos
1291 552 1644 618 subleuare
1718 566 2083 638 properant
2154 555 2727 638 contemplatione

304 657 573 739 pietatis
621 680 825 742 quam
880 659 1337 744 exequuntur.'

1428 660 1633 744 igitur
1689 660 2115 724 dominorum
2163 659 2542 742 benignitas
2594 680 2724 723 non

306 759 506 823 debet
550 765 758 828 seruis
803 766 1064 829 occasio
1110 765 1248 829 fieri
1295 774 1745 849 contemptuS,
1788 765 1907 829 sed
1957 766 2173 847 magis
2220 785 2336 828 eos
2368 766 2434 828 in
2481 764 2724 830 affectu

305 868 615 950 ampliori
648 868 851 932 debet
884 870 1182 935 retinere.
1273 879 1341 933 et
1375 870 1614 933 iterum
1649 869 1896 932 adiecit
1930 890 1944 932 ε

434 1039 589 1104 haec
615 1039 758 1102 doce
785 1049 849 1103 et
876 1040 1145 1104 obsecra.

434 1189 552 1251 per
611 1169 837 1232 omnia
898 1169 1316 1232 exsuscitans
1366 1188 1518 1232 eum
1570 1177 1646 1232 ut
1695 1187 1847 1231 cum
1900 1166 2112 1232 multa
2153 1166 2599 1234 sollicitudine
2640 1170 2727 1233 de

305 1273 618 1338 omnibus
677 1273 779 1337 his
854 1274 1227 1338 doctrinam
1304 1292 1680 1358 proponere
1756 1272 2171 1355 deproperet.
2265 1283 2333 1337 et
2406 1274 2724 1356 quoniam

307 1378 535 1441 omnia
583 1380 900 1461 percurrit
967 1401 1140 1463 quae
1195 1380 1281 1443 ad
1335 1380 1813 1444 correctionem
1870 1377 2186 1442 ecclesiae
2243 1379 2308 1441 in
2372 1397 2726 1442 commune

307 1484 665 1547 conuenire
705 1485 1161 1562 existimabat,
1206 1487 1379 1549 sicut
1424 1483 1875 1567 scrupulosius
1920 1484 2439 1567 significauimus
2486 1483 2551 1547 in
2601 1482 2727 1546 illis

252 1625 258 1630 -
307 1605 480 1668 quae
532 1595 732 1651 antea
781 1588 1197 1671 interpretati
1250 1608 1523 1665 sumus;
1594 1596 2006 1651 memoratur
2059 1588 2295 1651 iterum
2351 1597 2421 1651 et
2468 1587 2553 1651 de
2602 1586 2727 1650 illis
2768 1604 2843 1651 10

309 1690 423 1772 qui
463 1692 791 1754 contraria
833 1692 1102 1775 pietatis
1140 1693 1379 1756 docere
1421 1699 1768 1755 conantur.
1857 1690 2021 1753 dicit
2065 1699 2291 1754 autern
2324 1692 2410 1755 de
2457 1690 2583 1754 illis
2614 1692 2727 1773 qui

309 1815 398 1858 ex
459 1797 952 1862 circumcisione
1012 1800 1452 1876 crediderunt,
1526 1799 1641 1881 qui
1703 1797 1930 1860 omnia
1990 1817 2187 1880 agere
2257 1796 2731 1861 adnitebantur

312 1897 616 1963 uolentes
665 1898 832 1983 legis
884 1902 1258 1966 custodiam
1313 1900 1625 1965 fidelibus
1679 1900 2043 1983 inponere;
2110 1902 2196 1964 de
2244 1901 2487 1984 quibus
2547 1912 2616 1965 et
2661 1904 2726 1965 in

311 2003 636 2086 principio
689 2007 1015 2090 epistolae
1067 2007 1355 2091 plurima
1404 2007 1692 2071 dixerat.
1781 2007 2009 2089 sicque
2059 2005 2143 2069 ad
2197 2027 2536 2071 sermones
2588 2027 2729 2071 cor-

314 2112 625 2175 rectionis
666 2115 779 2195 qui
833 2115 899 2175 in
955 2132 1314 2176 commune
1351 2112 1760 2175 conueniunt
1814 2129 2132 2193 egressuS,
2184 2110 2422 2174 iterum
2471 2111 2556 2174 de
2601 2110 2728 2175 illis

312 2216 473 2298 ipsis
525 2236 698 2298 quae
753 2217 817 2279 in
868 2216 1195 2300 principio
1244 2215 1512 2278 dixerat
1560 2215 1818 2279 dictum
1873 2232 2234 2289 resumens,
2281 2213 2348 2276 in
2396 2214 2523 2278 illis
2570 2215 2730 2298 ipsis

310 2321 516 2384 etiam
551 2319 749 2384 finem
783 2320 1139 2398 concludit,
1164 2330 1388 2384 cetera
1421 2321 1486 2383 in
1520 2320 1745 2383 media
1770 2326 1961 2401 parte
1981 2318 2307 2401 epistolae
2337 2319 2728 2383 intericiens.

440 2474 508 2537 si
528 2475 679 2557 quis
710 2473 977 2557 (inquit)
1007 2473 1271 2557 aliquid
1300 2473 1499 2537 aliter
1533 2473 1719 2549 docet,
1752 2480 1815 2535 et
1840 2491 1966 2534 non
2002 2470 2281 2534 intendit
2302 2471 2487 2534 sanis
2517 2470 2731 2534 uerbis

409 2684 437 2732 3
471 2669 603 2718 serui
630 2670 675 2719 C
698 2667 707 2730 Ι
737 2669 1116 2735 contemptibile
1143 2670 1186 2720 C
1202 2669 1272 2719 H

310 2750 375 2799 H
614 2765 666 2800 11
704 2751 839 2801 enim
863 2751 978 2817 (for
997 2752 1185 2811 autem)
1210 2769 1243 2800 r

306 2831 531 2882 teritiens
551 2840 626 2881 ωε
650 2833 769 2898 (for
787 2833 1088 2893 intericiens)
1114 2833 1180 2882 H

313 3029 325 3051 ⁸
340 3021 416 3073 ὅτι
440 3025 604 3073 πιστοί
627 3024 750 3073 εἰσιν
762 3025 839 3073 καὶ
854 3022 1103 3087 ἀγαπητοί
1115 3023 1146 3083 ’)
1160 3026 1260 3075 and
1276 3025 1467 3091 Thpht.

310 3104 435 3154 offer
455 3104 541 3155 the
563 3105 857 3155 alternative
879 3104 941 3155 of
964 3106 1264 3170 connecting
1286 3107 1331 3155 ol
1362 3109 1463 3166 τῆς,

311 3187 465 3235 ura-A.
500 3186 621 3235 with
656 3184 990 3235 δουλεύτωσαν
1036 3184 1089 3251 (“
1106 3187 1176 3237 let
1221 3186 1360 3236 them
1404 3187 1469 3236 be

312 3268 487 3318 served
510 3268 596 3319 the
619 3252 785 3318 rather
816 3268 884 3332 by
908 3268 1051 3318 those
1085 3268 1200 3318 who
1236 3269 1468 3320 receive

312 3349 446 3414 good
484 3357 536 3400 at
577 3350 705 3399 their
741 3350 905 3400 hands
920 3348 987 3413 ’').
1061 3351 1133 3401 So
1165 3365 1351 3416 among
1384 3351 1469 3401 the

316 3432 506 3493 LatinS,
519 3431 829 3498 apparently,
845 3432 1096 3482 Ambrstr.
1108 3434 1211 3493 (see
1223 3434 1399 3494 above,
1415 3449 1467 3499 p.

320 3528 339 3563 1
350 3527 426 3578 74,
442 3515 477 3565 l.
498 3531 573 3578 14,
587 3517 725 3576 note)
741 3516 839 3565 and
857 3515 1025 3581 Pelag.
1043 3513 1096 3580 (³⁸
1107 3522 1296 3581 quanto
1309 3515 1470 3581 magis

312 3596 498 3647 debent
525 3596 710 3647 seruire
745 3596 974 3647 fidelibus
1006 3612 1218 3662 quorum
1250 3598 1470 3648 caritatis

313 3679 581 3744 participes
603 3694 710 3729 esse
734 3677 1060 3740 merentur”).
1125 3680 1173 3729 A
1192 3679 1322 3730 third
1342 3681 1469 3731 view

316 3761 446 3812 finds
467 3762 610 3827 place
632 3763 683 3812 in
714 3762 999 3823 Primasiua
1028 3763 1143 3813 who
1168 3763 1345 3815 inserts
1366 3763 1473 3814 Dei

314 3842 441 3894 aster
460 3843 673 3910 beneficii
690 3845 793 3895 and
814 3845 972 3909 destly
994 3846 1144 3895 alters
1166 3846 1252 3896 the
1273 3845 1470 3896 remark

316 3922 377 3975 of
435 3923 665 3988 Pelagius
719 3933 772 3975 to
824 3926 925 3976 suit
980 3925 1066 3976 the
1120 3925 1311 3977 altered
1366 3934 1469 3977 text

318 4007 577 4076 (“quanto
598 4025 665 4060 m.
694 4011 744 4060 d.
772 4026 811 4060 s.
848 4009 881 4059 f.
914 4025 1004 4075 per
1035 4009 1309 4071 caritatem,
1348 4026 1469 4076 quo·

316 4105 426 4141 rum
464 4091 730 4156 participes
767 4105 875 4141 esse
909 4089 1286 4154 meruerunt’¹);
1330 4090 1396 4140 he
1428 4090 1471 4140 is

315 4172 551 4225 followed
592 4173 662 4238 by
713 4172 960 4234 sedulius„
1009 4173 1112 4222 and
1166 4171 1266 4222 this
1318 4172 1470 4223 inter-

315 4254 567 4319 pretation
622 4254 665 4304 is
720 4253 954 4305 reflected
1008 4253 1062 4304 in
1116 4253 1203 4304 the
1257 4253 1359 4305 Gk.
1419 4253 1479 4304 of

315 4338 402 4390 the
445 4337 815 4390 Graeco-Latin
871 4336 1027 4388 MSS.
1087 4336 1149 4393 F.
1194 4336 1254 4393 G.
1305 4335 1471 4387 which

316 4415 395 4466 sor
437 4416 714 4477 εὐεργεσίας
756 4415 1020 4465 substitute
1056 4416 1140 4466 the
1172 4415 1308 4481 gloss
1340 4414 1471 4465 εὐσε-

313 4500 463 4561 βείω.

1470 2689 1499 2731 4
1532 2669 1719 2718 debent
1743 2669 1806 2718 H
1825 2668 1834 2733 Ι
1864 2669 2017 2719 adicit
2046 2669 2091 2719 C
2111 2686 2142 2717 r

1497 2765 1554 2813 15
1589 2766 1721 2816 quae
1748 2752 1908 2801 CHr

1371 2836 1428 2884 18
1461 2833 1503 2882 si
1525 2833 1639 2898 quis
1661 2832 1749 2883 διε.
1780 2832 1858 2895 [as
1878 2833 1937 2882 in
1972 2833 2144 2897 Vulg]
2167 2849 2200 2881 r

2333 2682 2392 2718 ro
2425 2676 2730 2717 memoratus

2146 2765 2201 2813 17
2238 2750 2388 2799 finem
2411 2766 2488 2797 om
2517 2749 2587 2798 C*
2618 2748 2627 2814 Ι
2657 2750 2730 2798 in·

1637 3037 1686 3085 5.
1755 3025 1961 3086 obsecra]
2029 3025 2178 3076 Latin
2225 3025 2461 3085 versione,
2502 3030 2535 3052 ‘⁰
2551 3024 2729 3074 exhor·

1571 3105 1732 3157 tare.”

1642 3202 1717 3250 13.
1776 3186 1834 3236 in
1858 3188 2111 3252 pn’ncipio
2141 3188 2240 3252 ep.]
2322 3188 2403 3238 Cf.
2446 3200 2507 3238 11.
2552 3204 2601 3254 p.
2646 3201 2722 3249 7¹-

1572 3268 1747 3319 Points
1783 3269 1843 3319 of
1875 3270 2211 3320 resemblance
2245 3270 2349 3320 will
2381 3271 2446 3320 be
2482 3270 2636 3320 found
2676 3278 2729 3319 to

1570 3350 1697 3401 exist
1720 3353 1948 3402 between
1980 3368 2025 3404 c.
2055 3354 2085 3403 i.
2117 3372 2164 3417 4,
2194 3368 2240 3415 5,
2275 3356 2347 3414 18,
2384 3368 2442 3419 ¹9
2464 3352 2567 3403 and
2586 3370 2633 3404 c.
2658 3354 2722 3403 vi.

1573 3449 1619 3498 3,
1647 3452 1698 3496 4,
1727 3450 1801 3492 ια,
1828 3450 1908 3496 20,
1933 3452 2012 3486 αι.

1644 3520 1717 3568 18.
1779 3518 1994 3568 intendi!
2022 3520 2161 3569 sam's
2195 3519 2375 3580 uerbis]
2442 3518 2505 3569 Ο.
2531 3518 2593 3568 L.
2626 3519 2726 3568 and

1572 3599 1744 3663 Vulg.,
1767 3599 2079 3665 “acquiescit
2107 3618 2146 3651 s.
2163 3600 2475 3651 sermonibus
2487 3599 2515 3622 ”
2534 3600 2726 3666 (Cypr.,

1579 3682 1794 3731 “uerbis
1812 3681 1878 3746 ’').
1967 3684 2065 3733 Th.
2102 3699 2313 3749 appears
2353 3691 2406 3733 to
2443 3682 2571 3732 have
2610 3684 2727 3733 read

1546 3764 1870 3825 ’προσέχεται
1926 3761 2008 3828 (cs.
2057 3764 2228 3814 Tisch.
2276 3764 2350 3812 ad
2386 3763 2437 3812 h.
2458 3761 2537 3826 1.),
2591 3763 2728 3814 since

1571 3844 1821 3893 intendere
1861 3844 1904 3893 is
1946 3846 2068 3895 used
2113 3846 2183 3908 by
2224 3860 2317 3894 our
2359 3844 2625 3894 translator
2674 3854 2728 3897 to

1573 3936 1826 3994 represent
1858 3929 2120 3991 'perexeat
2148 3928 2256 3977 ini.
2281 3948 2328 3990 4,
2358 3926 2419 3978 iv.
2454 3941 2528 3991 13,
2558 3927 2660 3978 Tit.
2688 3929 2721 3978 i.

1577 4024 1654 4072 14,
1677 4010 1778 4059 and
1808 4009 1901 4059 has
1935 4016 2022 4058 not
2056 4009 2183 4059 been
2218 4009 2268 4058 in
2305 4008 2404 4061 this
2436 4009 2581 4074 place
2614 4026 2724 4076 sug-

1570 4092 1744 4155 gested
1766 4091 1832 4155 by
1856 4107 1955 4154 any
1980 4090 2127 4140 Latin
2155 4091 2366 4142 version.
2437 4092 2722 4155 Doctrinae,

1571 4171 1687 4232 διας
1723 4172 1809 4221 the
1833 4170 1981 4220 latin
2004 4171 2294 4222 authorities
2314 4171 2444 4223 have
2481 4174 2516 4199 ‘⁸
2530 4172 2578 4223 ei
2599 4189 2728 4239 quae

1572 4269 1612 4304 s,
1636 4268 1686 4318 p.
1710 4260 1784 4304 est
1807 4250 2118 4313 doctrinae‚'‘
2139 4254 2419 4319 answering
2440 4264 2495 4304 to
2516 4254 2601 4304 the
2625 4256 2728 4305 Gk.

1572 4336 1755 4386 textos
1770 4334 1896 4385 Cod.
1919 4335 2140 4385 Clarom.
2161 4334 2465 4399 (τῇ...οσσῃ).
2512 4336 2699 4387 Elatus
2709 4357 2730 4395 ,-

1571 4417 1637 4467 αἱ.
1666 4415 1819 4481 Cypr.
1850 4416 1960 4477 (bis)
2002 4421 2254 4481 “stupore
2287 4415 2518 4476 elatus’';
2554 4419 2726 4483 Vulg„

1575 4504 1605 4526 ‘⁸
1625 4497 1867 4548 inflatus''
1894 4498 1994 4563 (see
2015 4499 2190 4558 above,
2221 4515 2306 4563 pp.
2338 4513 2444 4556 ιιι,
2476 4504 2602 4565 113).

2803 1051 2833 1118 5
