3221 5116
383 2690 470 2740 20

504 366 627 448 176

1166 380 1625 432 THEODORUS
1672 380 2157 432 MOPSUESTEN
2170 380 2256 431 US

2590 365 2736 451 [VI-
2771 384 2828 448 3,
2861 384 2925 444 4

493 554 750 619 domini
795 556 1006 620 nostri
1049 555 1194 620 Iesu
1247 554 1499 622 Christi
1537 566 1600 621 et
1648 556 1973 620 doctrinae
2005 577 2169 640 quae
2212 556 2559 621 secundum
2598 556 2918 641 pietatem

494 669 601 738 est,
631 660 841 723 elatus
866 669 974 736 est,
1008 659 1186 723 nihil
1205 660 1423 725 sciens,

627 779 801 845 bene
877 780 1148 845 elationi
1236 783 1458 847 iunxit
1548 783 1746 847 ‘nihil
1821 783 2029 848 scire.’

2147 782 2350 848 elatio
2425 804 2585 848 uera
2661 782 2922 846 ratione

497 885 740 949 dicitur
783 885 896 950 illa
939 907 1083 950 esse
1120 908 1293 970 quae
1333 888 1640 952 homines
1679 909 1924 972 magna
1968 909 2201 972 sapere
2247 889 2406 953 facit
2437 889 2523 953 de
2570 886 2698 953 illis
2743 906 2922 970 quae

434 989 623 1072 ssibi
673 1009 808 1052 non
854 990 1116 1055 adsunt.
1205 1001 1271 1055 et
1308 992 1579 1074 quidem
1625 993 1999 1056 maximum
2047 1002 2151 1057 est
2191 992 2322 1057 illis
2364 992 2796 1076 opprobrium
2844 999 2923 1053 ut

498 1094 662 1156 alios
707 1094 949 1157 docere
993 1095 1405 1177 promittant,
1454 1095 1576 1178 ipsi
1628 1094 1789 1158 nihil
1837 1095 2070 1161 sciant.
2160 1116 2317 1159 nam
2366 1106 2434 1160 et
2480 1097 2567 1159 de
2611 1095 2740 1160 hoc
2772 1096 2921 1179 ipso

499 1197 780 1264 derideri
830 1198 1014 1280 digni
1063 1208 1238 1272 sunt,
1294 1200 1455 1263 dum
1505 1199 1673 1263 alios
1722 1181 1961 1264 docere
2013 1202 2502 1283 promittenteS,
2565 1201 2691 1284 ipsi
2754 1200 2919 1264 nihil

498 1303 726 1366 sciant.
809 1302 1003 1367 huius
1047 1325 1208 1368 uero
1256 1305 1347 1368 rei
1394 1306 1706 1387 probatio
1747 1326 1838 1369 ex
1885 1305 2442 1388 praecedentibus
2481 1306 2777 1389 apertius
2815 1315 2921 1369 est

501 1405 875 1472 manifesta.

966 1409 1021 1471 si
1053 1410 1230 1472 enim
1265 1429 1397 1472 non
1431 1410 1788 1474 intendunt
1817 1409 1910 1474 illi
1943 1411 2288 1475 doctrinae
2327 1433 2504 1495 quae
2546 1409 2920 1476 secundum

395 1530 474 1578 10
500 1510 820 1593 pietatem
881 1521 998 1588 est,
1061 1513 1334 1576 euidens
1394 1521 1497 1577 est
1557 1514 1877 1596 quoniam
1933 1512 2096 1576 nihil
2148 1515 2368 1578 sciunt
2417 1515 2505 1579 de
2559 1514 2686 1578 illis
2736 1534 2918 1597 quae

499 1618 665 1680 scire
694 1616 1116 1681 conueniunt.
1205 1636 1366 1699 ergo
1403 1625 1470 1680 et
1516 1637 1690 1680 uane
1735 1638 1807 1680 se
1846 1616 2089 1681 docere
2120 1618 2542 1700 promittunt,
2574 1617 2686 1681 illa
2718 1616 2912 1700 igno-

500 1729 722 1784 rantes
752 1740 926 1802 quae
954 1721 1118 1782 scire
1148 1720 1569 1784 conueniunt.
1637 1719 1790 1783 dein
1822 1740 1992 1803 opus
2023 1739 2251 1784 eorum
2285 1720 2596 1785 incusans
2628 1720 2918 1785 adiecit:

627 1875 747 1938 sed
766 1877 1172 1958 languescens
1198 1896 1354 1958 erga
1382 1874 1806 1956 quaesitiones
1831 1884 1896 1938 et
1921 1874 2263 1940 uerborum
2293 1875 2479 1939 rixas
2504 1885 2615 1940 est.

632 1998 790 2081 quia
820 2007 886 2061 et
917 1996 1238 2080 plurimas
1269 1996 1624 2060 eueniebat
1668 2016 1781 2059 eos
1827 1997 2280 2079 quaesitiones
2319 2017 2762 2074 commouere,
2796 1995 2915 2059 illa

395 2121 465 2188 15
502 2103 758 2167 ratione
809 2121 943 2184 qua
995 2121 1118 2165 sua
1161 2108 1452 2164 statuere
1498 2098 1879 2182 cupiebant.

1125 2204 1515 2289 languorem
1561 2206 1724 2269 dicit
1769 2205 2246 2288 cogitationem
2296 2226 2544 2282 eorum,
2599 2226 2681 2269 eo
2732 2203 2920 2287 quod

499 2229 814 2293 guescere
833 2208 847 2233 '
894 2227 1026 2271 eos,

1971 2100 2145 2164 bene
2190 2108 2416 2164 autem
2472 2100 2696 2183 posuit
2743 2099 2924 2163 ‘lan-

501 2314 952 2396 relinquentes
1006 2310 1327 2393 pietatem
1383 2308 1468 2372 ad
1530 2309 1984 2391 quaesitiones
2044 2308 2588 2373 inconuenientes
2648 2310 2922 2374 euolue-

498 2420 758 2486 bantur.
808 2427 876 2481 et
907 2415 1267 2479 ostendens
1297 2424 1372 2478 ut
1404 2413 1536 2478 alia
1565 2413 1778 2478 multa
1802 2411 2155 2477 inhonesta
2173 2413 2399 2478 studio
2422 2415 2918 2497 quaesitionum

497 2521 1046 2598 adnascebantur,
1078 2519 1360 2586 adiecit:

626 2680 706 2723 ex
728 2658 962 2742 quibus
976 2659 1046 2743 fi
1047 2668 1172 2723 unt
1213 2657 1525 2735 inuidiae,
1555 2655 1990 2733 contentiones,
2030 2655 2466 2739 blasphemiae,
2507 2657 2922 2741 suspectiones

594 2831 621 2865 α
657 2821 733 2864 est
757 2812 855 2877 (ast
874 2812 1055 2872 sciens)
1076 2810 1183 2860 add
1197 2811 1268 2860 Η

498 2897 613 2962 (for
630 2896 761 2962 ipso)
786 2895 855 2944 H
978 2906 1005 2957 7
1039 2893 1265 2944 deridere
1287 2892 1356 2941 Η

503 2998 555 3033 11
594 2989 648 3030 ut
670 2996 702 3029 a
723 2995 804 3029 me
829 2977 943 3041 (jor
960 2985 1010 3026 et
1034 2977 1181 3037 uane)
1204 2976 1273 3025 H
1317 2975 1465 3024 inane
1489 2990 1522 3023 r

496 3063 808 3129 quaestiones
830 3062 897 3110 ll
909 3078 942 3110 r
966 3061 976 3122 Ι
1003 3058 1307 3109 commoneri
1337 3060 1381 3107 C
1399 3059 1465 3108 H

496 3143 843 3211 quaestionum
866 3159 899 3191 r

566 3292 613 3341 3.
668 3273 832 3335 elatis]
886 3271 966 3324 Cf.
999 3284 1060 3321 11.
1088 3287 1140 3336 p.
1171 3286 1279 3335 113,
1305 3271 1341 3321 1.
1375 3286 1417 3331 1,
1445 3278 1579 3320 note.

571 3374 649 3422 13.
704 3353 1038 3420 languescens]
1102 3354 1216 3403 The
1237 3353 1303 3403 Ο.
1328 3354 1388 3402 L.
1412 3368 1574 3403 seems
1603 3361 1658 3402 to

499 3440 628 3489 have
680 3438 784 3509 had
838 3433 1223 3501 “aegrotans”;
1270 3432 1444 3498 Vulg„
1500 3432 1658 3481 “ian-

498 3517 708 3587 guens.'’
774 3519 1114 3582 Languescens
1135 3515 1178 3565 is
1202 3515 1351 3580 given
1381 3515 1449 3580 by
1472 3514 1651 3563 Ambr.

499 3603 601 3653 and
637 3601 870 3653 Sedulius
894 3597 979 3660 (cf.
1006 3596 1462 3655 Haddan·Stubbs,
1495 3596 1657 3645 Coun·

498 3684 601 3743 cils,
650 3681 686 3731 i.
731 3696 781 3746 p.
839 3680 969 3745 179).
1068 3677 1332 3726 Verborum
1377 3675 1537 3734 rixas,
1598 3689 1657 3724 so

500 3766 565 3817 Ο.
590 3764 652 3814 L.
695 3760 878 3825 (Lucis.
923 3759 1111 3821 Calan,
1159 3758 1435 3818 clarem.);
1477 3756 1651 3821 Vulg„

505 3850 542 3873 ‘⁴
558 3861 750 3912 pugnas
773 3838 1091 3893 uerborum.”

572 3929 646 3981 16.
701 3921 1428 3993 languorm...euoluebantnr]
1504 3920 1656 3972 Cited

499 4013 568 4075 by
591 4010 856 4060 Lansranc.

568 4094 849 4156 languorem
910 4089 1047 4148 dicit,
1108 4087 1223 4148 δια]
1307 4085 1517 4150 Chrys.=
1567 4081 1660 4148 ἄρα

500 4175 657 4225 νοσεῖν
677 4174 812 4221 ἐστὶν
831 4172 889 4220 τὸ
913 4171 1087 4235 ζητεῖν.

569 4270 646 4305 20.
696 4251 862 4317 fiunt]
913 4251 983 4301 So
1005 4250 1286 4306 Ambrstr.;
1322 4248 1492 4313 Vulg„
1518 4244 1661 4296 “ori-

499 4334 701 4390 untur.’‘
768 4333 913 4384 with
957 4332 1044 4383 the
1090 4333 1238 4381 Latin
1284 4330 1505 4381 versions
1556 4329 1656 4379 Th.

501 4416 584 4481 (cf.
643 4415 745 4467 Gk.
797 4410 962 4478 infra)
1009 4428 1221 4480 appears
1266 4421 1320 4463 to
1364 4413 1492 4462 have
1538 4411 1659 4460 read

497 4499 718 4563 γίνονται
778 4492 963 4558 φθόνοι,
1019 4494 1263 4555 ἔριδες-α
1302 4492 1429 4542 form
1473 4490 1537 4540 os
1571 4491 1658 4541 the

1456 2808 1489 2860 6
1522 2810 1821 2874 promittunt
1850 2807 1998 2858 6⁵1!
2013 2805 2023 2873 Ι
2054 2825 2167 2859 cum
2189 2808 2285 2875 ipsi
2307 2808 2434 2859 nihil
2457 2808 2640 2859 faciant
2663 2827 2696 2858 r
2720 2807 2729 2873 Ι
2756 2809 2922 2875 ipsum

1478 2906 1537 2941 10
1569 2899 1644 2940 est
1669 2890 1768 2955 (ast
1789 2890 1931 2956 piet.)
1954 2907 2031 2940 om
2054 2892 2122 2940 H
2143 2888 2150 2954 Ι
2178 2891 2433 2956 quomodo
2451 2890 2564 2955 (for
2582 2890 2838 2956 quoniam)
2864 2894 2935 2943 H

1710 2990 1783 3033 12,
1819 2989 1878 3042 19
1909 2974 2062 3024 adicit
2092 2975 2188 3024 Cr

1647 3074 1664 3107 ι
1679 3072 1703 3121 7
1731 3043 1802 3106 ⁴ad
1826 3073 1902 3105 om
1928 3072 1961 3105 r

1081 3156 1145 3191 20
1176 3140 1475 3206 suspitiones
1502 3140 1545 3189 C
1565 3140 1714 3200 (corr)
1749 3140 1802 3201 [r
1819 3138 2118 3205 throughout
2136 3154 2266 3189 verse
2282 3156 2339 3188 as
2359 3139 2415 3188 in
2450 3139 2617 3203 Vulg.]

2355 2990 2412 3037 13
2446 2982 2520 3023 est
2542 2991 2620 3023 om
2644 2992 2675 3023 r
2856 2987 2919 3038 14

2139 3059 2198 3108 18
2230 3056 2468 3122 quoniam
2491 3065 2540 3107 et
2566 3058 2682 3122 (sor
2701 3059 2774 3119 ut)
2797 3059 2863 3107 Η
2884 3055 2894 3121 Ι

1756 3277 1861 3319 text
1898 3269 2064 3318 which
2104 3269 2284 3334 Chrys.
2323 3269 2433 3319 also
2475 3285 2636 3320 seems
2685 3278 2740 3319 to
2783 3268 2915 3319 have

1764 3351 2012 3409 followed,
2038 3351 2282 3417 although
2306 3352 2359 3403 in
2389 3368 2529 3403 some
2562 3351 2620 3401 of
2646 3351 2725 3401 his
2757 3352 2915 3403 MSS.

1763 3434 1829 3491 (v.
1866 3433 1947 3483 ed.
1983 3433 2146 3493 Field,
2184 3433 2251 3483 vi.
2293 3449 2341 3499 p.
2388 3434 2498 3497 147)
2532 3433 2738 3494 γίνεται,
2769 3435 2920 3484 κ.τ.λ.

1758 3514 1851 3564 has
1882 3515 2013 3565 been
2046 3515 2287 3565 restored.
2353 3515 2455 3565 For
2481 3515 2812 3579 suspectiones.
2836 3530 2952 3567 see.

1761 3595 2003 3657 Paucker,
2041 3596 2197 3645 melec.
2227 3595 2387 3646 lexist.
2410 3596 2444 3646 i.
2474 3613 2525 3662 p.
2555 3611 2614 3665 19
2625 3615 2641 3657 ς
2675 3597 2763 3648 the
2795 3597 2918 3649 Cor-

1756 3678 1840 3728 bie
1883 3686 2135 3729 corrector
2177 3678 2269 3729 has
2312 3680 2575 3730 bon-owed
2627 3680 2923 3745 stc-§pedones

1758 3760 1886 3810 from
1922 3760 2009 3810 the
2047 3759 2199 3825 Vulg.
2240 3761 2404 3817 Cant„
2439 3760 2491 3810 h.
2526 3767 2812 3825 con-uptam
2845 3778 2913 3811 m.

1758 3840 2046 3890 habentium
2058 3857 2079 3899 ,·
2135 3839 2289 3890 Latin
2345 3840 2584 3902 versions,
2624 3840 2921 3891 “conflicta-

1758 3921 1920 3972 tiones
1950 3921 2002 3971 h.
2038 3930 2207 3972 mente
2239 3920 2638 3988 corruptorum.'’
2709 3924 2920 3974 Conten-

1756 4004 1908 4053 tiones
1930 4003 2023 4064 (αθ)
2045 4003 2099 4054 in
2120 4019 2213 4053 our
2244 4004 2403 4055 MSS.
2425 4005 2517 4054 has
2548 4004 2764 4070 perhaps
2791 4005 2921 4056 been

1761 4085 1995 4150 repeated
2018 4085 2086 4149 by
2108 4085 2193 4137 the
2214 4087 2401 4136 scribes
2421 4085 2549 4136 from
2574 4086 2660 4137 the
2689 4086 2922 4152 previous

1761 4163 1862 4214 line
1880 4181 1897 4226 ς
1939 4163 1992 4213 in
2031 4180 2132 4229 any
2167 4181 2282 4216 case
2325 4163 2468 4216 Th.’s
2512 4173 2616 4216 text
2661 4182 2823 4217 seems
2868 4176 2922 4215 to

1761 4246 1889 4297 have
1904 4246 2006 4296 had
2025 4248 2400 4312 διαπαρατριβαί
2417 4245 2494 4310 (so
2511 4247 2709 4313 Chrys„
2724 4246 2921 4309 Thdt.).

1767 4328 1873 4390 Qui
1884 4327 2071 4392 fraud.
2099 4344 2132 4378 a
2155 4330 2366 4379 ueritate
2383 4345 2423 4380 s.
2495 4330 2608 4381 The
2632 4331 2782 4382 Latin
2812 4347 2920 4381 ver·

1760 4410 1897 4460 sions
1928 4426 2053 4475 vary
2083 4410 2456 4476 considerably3
2502 4412 2738 4474 Clamat„
2781 4413 2922 4462 “de-

1759 4493 2044 4543 stitutorum
2079 4507 2109 4541 a
2142 4492 2258 4553 u.”;
2293 4493 2496 4552 Ambr.‚
2536 4496 2617 4544 “a
2650 4511 2700 4544 u.
2735 4493 2921 4549 alieno·
