3221 5116
512 383 665 447 208-
1173 393 1635 448 THEonoRus
1685 392 2178 448 MOPSUESTEN
2190 392 2281 446 us
2485 351 2571 463 ‘[1
2583 378 2634 445 1.
2674 379 2945 461 15‘—18.

640 572 1033 634 ‘commone
1094 567 1360 654 (inquit)
1423 579 1500 635 ut
1558 569 1687 634 ista
1746 574 2106 646 sectentur,
2168 564 2298 630 Dei
2361 563 2493 629 illis
2552 581 2939 647 proponens

507 671 845 737 iudicium.
934 671 1070 735 noli
1101 681 1329 737 autem
1361 671 1775 737 contentioni
1805 671 2078 735 studere
2102 693 2118 749 ;
2162 690 2254 733 ex
2287 667 2720 732 contentione
2751 665 2934 730 enim

510 774 673 840 nihil
731 774 1131 852 adnascitur,
1193 773 1371 859 [nisi]
1433 775 1594 858 quia
1654 773 2006 839 mendacia
2063 770 2456 837 confirmare
2518 770 2801 854 cupiunt
2852 769 2940 833 ad

508 878 947 963 plurimorum
979 876 1533 942 subuersionem.'

448 1021 480 1090 5
621 1022 881 1105 festina
932 1022 1203 1103 teipsum
1235 1019 1634 1104 probabilem
1683 1018 1968 1086 exhibere
2012 1017 2282 1097 Christe,
2315 1015 2681 1101 operarium
2724 1015 2937 1079 incon-

491 1125 853 1209 fusibilem,
921 1134 1079 1189 recte
1139 1134 1522 1190 tractantem
1578 1125 1849 1191 uerbum
1905 1123 2208 1189 uen'tatzls·
2221 1147 2255 1201 ,·
2315 1122 2646 1207 profanas
2719 1128 2939 1189 autem

509 1249 736 1294 uocum
766 1229 1087 1293 nouitates
1115 1228 1362 1295 deuita.

638 1350 976 1414 ‘cautelae
1005 1349 1402 1432 dogmatum
1446 1349 1739 1426 intende,
1772 1357 1841 1413 et
1883 1370 1963 1413 ea
2005 1370 2178 1431 quae
2220 1348 2522 1413 ueritatis
2561 1354 2720 1411 sunt
2750 1364 2934 1408 com-

510 1473 712 1516 mone
731 1476 748 1532 ;
818 1460 1002 1517 recto
1063 1451 1271 1516 edoce
1329 1452 1658 1529 instituto,
1713 1461 1783 1516 et
1830 1471 1965 1515 non
2015 1451 2248 1535 pigeas
2302 1451 2604 1515 laborem
2656 1469 2784 1532 pro
2829 1446 2938 1512 his

409 1567 489 1615 10
508 1555 746 1622 subire.
834 1575 992 1621 nam
1052 1557 1582 1621 aduersariorum
1642 1555 1961 1620 nouitates
2017 1576 2259 1630 uocum,
2322 1557 2498 1639 quae
2558 1553 2741 1617 omni
2810 1553 2934 1615 im-

509 1659 840 1724 munditia
898 1659 1138 1744 plenae
1195 1667 1370 1738 sunt,
1428 1658 1516 1723 ad
1563 1660 1999 1726 nociuitatem
2046 1657 2411 1723 multorum
2473 1657 2934 1740 excogitatae,

510 1759 798 1845 repelle.'

640 1906 921 1971 multum
949 1916 1166 1971 autem
1194 1906 1551 1990 proficiunt
1589 1905 1689 1970 ad
1717 1905 2124 1989 impietatem,
2153 1915 2218 1969 et
2251 1926 2459 1969 sermo
2500 1925 2721 1992 eorum
2763 1903 2938 1968 sicut

505 2029 729 2074 cancer
760 2012 1003 2094 serpit,-
1049 2032 1130 2074 ex
1160 2009 1394 2093 quibus
1418 2020 1518 2075 est
1543 2010 1960 2092 Hymenaeus
2001 2019 2064 2074 et
2102 2009 2171 2072 F
2166 2010 2367 2086 iletus,
2399 2009 2521 2092 qui
2563 2029 2609 2073 a
2649 2008 2931 2072 ueritate

410 2114 481 2182 15
508 2113 887 2192 acciderunt,
925 2113 1197 2178 dicentes
1235 2112 1751 2178 resurrectionem
1797 2113 1936 2177 iam
1959 2112 2228 2195 factam
2266 2133 2412 2190 esse,
2454 2121 2519 2176 et
2538 2111 2748 2196 fidem
2777 2130 2932 2193 quo-

511 2215 795 2281 rundam
823 2216 1173 2282 subuertun
1182 2226 1222 2283 t.

625 2343 773 2408 uult
803 2344 1047 2409 dicere:
1077 2344 1241 2409 ‘noli
1276 2364 1525 2410 nouum
1549 2344 1800 2429 aliquid
1833 2344 2224 2409 existimare
2254 2343 2378 2408 etsi
2402 2341 2771 2408 secundum
2801 2341 2927 2404 im-

509 2448 833 2531 pietatem
863 2453 1258 2531 prouectum
1290 2468 1404 2512 eos
1444 2448 1531 2511 ad
1579 2467 1896 2530 praesens
1925 2445 2174 2510 habere
2211 2447 2588 2528 perspiciaS,
2620 2465 2702 2509 eo
2744 2444 2928 2526 quod

504 2549 704 2615 multi
754 2571 871 2614 eos
906 2550 1412 2634 subsequentur.
1502 2548 1590 2614 ad
1645 2548 2150 2614 similitudinem
2196 2556 2264 2615 et
2315 2558 2546 2614 autem
2599 2547 2929 2633 passionis

403 2673 488 2723 20
510 2652 858 2737 cancer[is]
891 2652 1005 2737 qui
1034 2653 1207 2718 solet
1235 2673 1499 2736 serpere
1530 2653 1598 2716 in
1629 2672 1922 2736 gregem,
1952 2651 2157 2716 etiam
2189 2651 2315 2736 ipsi
2349 2650 2599 2716 multos
2629 2649 2927 2715 fidelium

611 2821 632 2856 1
691 2820 958 2856 commune
1007 2804 1086 2856 C*
1109 2805 1178 2855 H
1444 2821 1472 2868 3
1526 2805 1625 2855 nisi
1666 2821 1747 2856 om
1795 2805 1839 2855 C
1856 2804 1927 2855 II
1944 2804 1952 2870 Ι
1981 2820 2112 2870 quae
2158 2803 2276 2871 (for
2314 2803 2452 2870 quia)
2503 2805 2547 2855 C
2566 2805 2627 2855 H
2719 2805 2856 2871 quod
2900 2820 2934 2853 r

508 2905 541 2950 4
573 2885 791 2952 plurimo
833 2903 936 2937 non
978 2886 1093 2952 (sor
1127 2885 1476 2953 plurimorum)
1516 2886 1699 2938 C*H*
2060 2902 2088 2950 5
2123 2886 2334 2937 sollicite
2366 2887 2456 2937 ἃς.
2496 2887 2577 2949 [as
2609 2886 2666 2935 in
2700 2884 2865 2949 Vulg]
2900 2900 2935 2935 r

507 2968 541 3020 6
572 2970 783 3020 ueritate
810 2968 892 3019 C‘
910 2970 979 3018 H
995 2967 1004 3034 Ι
1035 2969 1243 3034 profana
1263 2984 1311 3019 a.
1334 2967 1644 3033 inaniloquia
1665 2983 1698 3016 r
1952 2968 1983 3016 8
2015 2982 2282 3018 commune
2309 2967 2431 3017 CH
2669 2982 2724 3017 11
2762 2967 2929 3031 plena,

507 3054 788 3116 excogitata
814 3048 1004 3115 CHrl
1034 3059 1083 3102 et
1119 3051 1216 3114 (afi'
1245 3048 1379 3114 sunt)
1414 3049 1519 3099 add
1545 3065 1577 3098 r
1601 3047 1609 3113 Ι
1640 3048 1916 3099 nouitatem
1955 3047 2070 3113 (sor
2099 3046 2287 3113 nociu.)
2315 3049 2436 3099 CH
2455 3046 2464 3113 Ι
2491 3056 2606 3099 sunt
2630 3046 2727 3112 (ast
2759 3048 2928 3109 mult.)

506 3132 611 3182 add
633 3131 836 3183 C'Hr
1050 3146 1107 3196 15
1143 3147 1251 3182 ωδε
1272 3148 1351 3182 om
1374 3148 1407 3180 r
1430 3130 1439 3197 Ι
1468 3132 1614 3182 subu.
1638 3130 1726 3182 fid.
1750 3147 1892 3197 quor.
1918 3146 1952 3180 r
2149 3145 2205 3194 17
2240 3139 2290 3182 et
2315 3130 2428 3197 (sor
2459 3131 2574 3192 etsi)
2597 3148 2629 3180 r
2656 3129 2665 3195 Ι
2692 3120 2931 3196 pietatem

507 3213 621 3278 (for
656 3212 802 3278 imp.)
840 3214 886 3262 C
895 3229 930 3261 r
1214 3215 1274 3264 18
1306 3221 1596 3279 prouectum
1624 3212 1668 3263 C
1687 3211 1796 3263 *H
2022 3227 2082 3278 19
2114 3210 2673 3278 subsequentur‚C*H
2687 3216 2697 3272 Ι
2725 3222 2774 3263 et
2794 3228 2872 3263 om
2896 3228 2930 3262 r

509 3308 574 3346 no
606 3310 783 3345 macer
809 3291 996 3359 CHr!
1025 3293 1199 3360 serpiri
1222 3297 1291 3345 H

575 3424 622 3476 5.
663 3409 877 3474 fistina]
932 3410 1083 3460 Latin
1121 3410 1360 3473 versions,
1411 3411 1671 3464 “sollicite
1772 3411 1974 3475 Chrysa
2006 3413 2273 3474 τουτέστιν,
2300 3414 2444 3473 τέμνε
2466 3414 2530 3463 τὰ
2551 3412 2691 3464 νόθα.
2734 3414 2890 3467 Thdt.
2911 3433 2927 3465 ε

506 3509 626 3545 cura
642 3492 701 3554 ;’'
734 3492 799 3542 cf.
829 3507 874 3541 c.
898 3491 961 3541 iv.
987 3507 1036 3559 9.
1108 3493 1307 3543 Christo
1321 3511 1343 3551 ,·
1377 3495 1527 3545 Latin
1561 3512 1667 3546 ver·
1769 3493 2054 3554 ἐπαινοῦμεν
2092 3497 2190 3544 τῶν
2218 3492 2449 3559 ’γεωργῶν
2479 3497 2588 3546 τοὺς
2624 3494 2806 3547 εὐθείας
2842 3498 2932 3547 τὰς

508 3574 660 3630 siens,
683 3571 810 3623 aster
844 3572 968 3633 Gk„
1002 3577 1034 3601 ‘⁶
1051 3571 1217 3623 Deo.’'
1286 3574 1438 3624 Dam-
1472 3575 1565 3626 has
1596 3575 1669 3637 τῷ
1770 3578 1984 3628 αὔλακας
2010 3577 2370 3636 &radmor-ras.
2438 3576 2587 3628 οὕτως
2607 3580 2687 3628 καὶ
2711 3576 2928 3628 διδάσκα-

507 3654 722 3720 Χριστῷ.
1770 3660 1854 3709 λος
1887 3659 2153 3719 aileranus
2187 3659 2214 3708 ὀ
2253 3657 2323 3721 τῷ
2355 3657 2515 3710 κανόνι
2546 3662 2644 3710 τῶν
2675 3662 2815 3711 θείων
2844 3663 2929 3711 >so-

572 3736 621 3787 6.
676 3738 925 3805 prosanas
936 3754 985 3789 a.
1004 3755 1054 3788 u.
1075 3737 1155 3801 m]
1221 3740 1292 3790 So
1315 3738 1380 3788 Ο.
1401 3740 1482 3796 L.,
1505 3755 1669 3804 repre·
1769 3739 1893 3800 ‘yle-w
1927 3736 2175 3799 ἑπόμενος.
2242 3739 2322 3791 Cf.
2360 3740 2548 3800 Suicer‚
2583 3758 2624 3792 s.
2641 3758 2689 3793 v.
2740 3743 2934 3806 ὀρθοτο-

506 3822 706 3887 senting
740 3822 1085 3884 καινοφωνίαςς
1121 3821 1293 3887 Vulg„
1330 3820 1582 3887 “profana
1617 3836 1663 3872 a.
1768 3820 1887 3879 μέω.

508 3900 856 3968 inaniloquia’'
907 3901 1133 3966 (κενοφ.).
1211 3900 1291 3952 Cf.
1339 3913 1401 3951 11.
1447 3917 1498 3965 p.
1555 3903 1663 3964 187,
1844 3919 1861 3952 ι
1871 3920 1917 3968 3.
1976 3923 2043 3955 m.
2076 3912 2240 3956 autem
2261 3904 2565 3971 proficiunt]
2629 3904 2743 3956 The
2776 3906 2928 3956 Latin

508 3983 545 4034 l.
575 3984 650 4045 18,
678 3991 812 4034 note.
1770 3983 1992 4034 versions
2025 3984 2153 4034 have
2193 3982 2418 4033 “enim’'
2455 3983 2532 4033 for
2566 3991 2747 4035 autem.
2811 3986 2928 4036 Cla-

571 4081 622 4132 9.
699 4072 825 4116 recto
866 4065 997 4115 aloce
1027 4062 1272 4126 instituto]
1333 4063 1375 4113 1.
1390 4079 1435 4114 e.
1476 4065 1666 4127 ὀρθοτο-
1769 4079 1913 4124 rom„
1942 4066 2084 4124 Am„
2112 4063 2199 4113 ἃς.
2227 4063 2341 4128 give
2365 4066 2395 4091 ‘⁴
2414 4063 2678 4128 proficient
2695 4064 2752 4124 ;”
2773 4065 2926 4130 profi-

505 4143 777 4208 μεῖνεμετ·
799 4147 940 4210 ὄρθῆς
961 4147 1046 4206 τῆς
1064 4146 1384 4208 προαιρέσεως
1406 4144 1665 4202 διδάσκειν,
1768 4146 1912 4194 ciunt
1928 4146 1972 4196 is
1994 4145 2149 4195 found
2173 4146 2224 4194 in
2247 4147 2502 4206 Boemcr„
2525 4144 2796 4210 Vulg.0¹0m·

506 4243 565 4278 or
587 4227 670 4277 the
693 4226 815 4277 like.
883 4226 954 4276 So
983 4226 1177 4291 Pelag.:
1213 4226 1344 4276 “ille
1374 4233 1507 4276 recte
1539 4232 1666 4275 trac·
1837 4240 1915 4279 20.
1987 4227 2231 4289 canceris]
2277 4227 2375 4278 See
2403 4227 2532 4289 lexx,
2555 4244 2594 4278 s.
2613 4244 2661 4279 v.
2735 4229 2836 4279 For
2869 4229 2928 4279 in

507 4317 596 4367 tat,
632 4308 719 4372 qui
763 4307 1005 4372 exemplis
1045 4323 1134 4356 sua
1172 4307 1309 4357 dicta
1347 4305 1665 4357 confirmat.”
1759 4323 1955 4374 gregem
1993 4309 2086 4359 for.
2120 4310 2218 4375 leg.
2255 4309 2719 4375 in'gangraenam;
2761 4313 2930 4364 unless

507 4390 618 4442 The
641 4388 985 4453 explanations
1010 4387 1069 4437 of
1095 4387 1179 4438 the
1211 4389 1356 4439 other
1387 4388 1489 4441 Gk.
1528 4404 1664 4439 com·
1771 4391 1828 4440 in
1866 4406 2060 4455 gregem
2106 4391 2226 4442 here
2260 4392 2407 4442 bears
2442 4392 2528 4443 the
2560 4408 2701 4442 sense
2733 4392 2792 4443 of
2826 4395 2928 4444 “in

506 4476 781 4539 mentators
840 4485 924 4520 are
986 4484 1125 4519 more
1188 4468 1472 4528 elaborate3
1553 4473 1669 4523 thus
1769 4469 1976 4528 maius?
2029 4475 2059 4499 ‘⁴
2076 4472 2128 4521 in
2169 4470 2437 4522 deterius-’³
2503 4472 2581 4522 Cf.
2621 4472 2798 4524 Thdt.:
2833 4474 2926 4524 rd-
