3221 5116
538 382 626 445 80
1197 395 1656 448 THEoooRus
1705 390 2293 445 MOPSUESTEN-Us
2746 381 2825 465 [I.
2869 380 2966 446 16.

535 565 839 631 homines
890 568 1339 633 misericordia
1381 568 1617 643 saluat,
1657 587 1811 631 cum
1861 567 1996 631 sint
2042 576 2424 649 peccatores
2465 576 2739 650 propter
2767 587 2965 631 suam

536 669 1012 736 infirmitatem.
1068 671 1496 755 acceptabilis
1522 692 1681 735 uero
1705 681 1807 735 est
1831 672 2140 735 omnibus
2171 671 2441 735 bonitas
2474 672 2774 735 maxime
2809 672 2962 747 Dei,

534 792 707 855 quae
766 773 965 837 ualde
1025 784 1127 838 est
1187 795 1432 858 magna
1492 784 1561 838 et
1621 774 1834 838 multo
1887 774 2218 857 copiosior
2278 794 2437 857 erga
2499 794 2621 838 nos
2681 775 2925 839 effecta
2949 796 2966 852 ;

535 878 754 938 omnis
786 887 1011 941 autem
1044 880 1446 962 quicumque
1480 878 1588 942 ille
1627 876 2000 942 delectatur
2029 879 2097 941 in
2129 876 2311 941 hisce
2343 878 2778 955 sermonibuS,
2804 897 2965 943 cum

475 979 623 1054 5sit
672 979 814 1061 ipse
865 978 1086 1057 homo,
1140 992 1209 1045 et
1256 981 1436 1045 bona
1481 981 1567 1044 de
1610 980 1995 1044 hominibus
2040 980 2271 1044 audire
2318 982 2561 1065 cupiat.
2650 992 2719 1046 et
2758 982 2967 1045 latius

534 1082 665 1147 hoc
695 1083 872 1148 idem
907 1085 1134 1150 dicens
1171 1085 1417 1151 adicit:

661 1260 781 1324 sed
786 1272 1049 1345 propter
1070 1262 1183 1327 hoc
1210 1262 1718 1328 miken'cordiam
1747 1272 2110 1327 consecutus
2133 1282 2298 1338 sum,
2333 1272 2410 1324 ut
2440 1262 2510 1325 in
2543 1282 2642 1325 me
2655 1260 2966 1344 primum

533 1364 826 1428 ostendat
886 1365 1184 1432 Clm'stus
1239 1370 1423 1432 Iesus
1479 1387 1730 1430 omnem
1790 1366 2185 1448 patientiam
2258 1365 2357 1428 ad
2425 1364 2965 1447 informationem

529 1488 750 1533 eorum
778 1471 897 1553 qui
919 1482 1076 1535 sunt
1101 1472 1417 1536 credituri
1444 1472 1551 1535 illi
1576 1471 1647 1535 in
1679 1470 1889 1535 uitam
1918 1480 2260 1535 aeternam.

431 1633 511 1681 10
668 1616 854 1680 ‘ideo
886 1636 994 1680 me
1040 1617 1413 1682 ministrum
1450 1618 1822 1682 uocationis
1865 1616 2168 1700 gentium
2215 1616 2301 1679 de
2339 1613 2584 1679 talibus
2625 1611 2849 1696 elegit,
2883 1621 2964 1676 ut

536 1740 625 1782 ex
677 1739 785 1782 me
823 1721 1250 1786 manifestum
1300 1723 1612 1793 omnibus
1661 1721 1878 1798 faciat,
1935 1721 2253 1805 quoniam
2305 1717 2660 1782 clementia
2709 1714 2964 1781 Dei‘et

535 1821 836 1885 bonitate
867 1842 1100 1886 omnes
1141 1826 1254 1907 qui
1300 1825 1579 1889 credunt
1613 1825 1679 1888 in
1717 1845 1869 1888 eum
1919 1822 2370 1898 saluabuntur,
2404 1832 2744 1886 aeternam
2784 1823 2963 1905 poti-

535 1925 664 1989 turi
697 1926 925 1991 uitam.
998 1928 1055 1990 si
1087 1937 1314 1991 autem
1347 1927 1688 1992 doctrinae
1720 1928 2022 1990 minister
2050 1926 2204 1989 talis
2234 1934 2543 2007 sumptus
2573 1933 2693 2001 est,
2726 1924 2965 2007 quales

535 2040 731 2093 erunt
782 2030 891 2105 illi,
941 2031 1054 2114 qui
1104 2052 1223 2114 per
1274 2050 1427 2094 eum
1478 2032 1562 2095 ad
1618 2031 1938 2112 pietatem
1988 2029 2393 2093 uocantur?'
2483 2039 2550 2092 et
2598 2029 2788 2111 quasi
2843 2027 2962 2110 qui

435 2143 506 2209 15
536 2131 901 2197 ostenderit
953 2154 1070 2217 per
1116 2134 1297 2210 haec,
1348 2135 1668 2217 quoniam
1728 2154 1886 2196 uera
1946 2135 2223 2196 ratione·
2278 2133 2726 2197 misericordia
2795 2145 2962 2198 tunc

537 2256 773 2299 omnes
823 2236 1270 2315 saluabantur,
1321 2238 1592 2320 quando
1630 2256 1670 2299 a
1715 2246 1993 2319 peccato
2047 2237 2263 2299 exteri
2309 2235 2466 2300 sacti
2514 2236 2728 2318 legem
2784 2236 2964 2301 ultra

539 2340 813 2405 minime
865 2342 1161 2425 indigere
1209 2342 1653 2418 uidebuntur;
1720 2352 1795 2405 ut
1843 2362 1932 2404 ex
1986 2341 2111 2404 hoc
2160 2340 2509 2405 confirmet
2551 2340 2730 2417 illud,
2774 2343 2962 2423 quod

538 2446 955 2525 propositum
1005 2445 1131 2508 sibi
1184 2445 1414 2520 fuerat,
1457 2445 1774 2526 quoniam
1829 2464 1964 2506 non
2024 2446 2338 2508 conuenit
2386 2465 2504 2527 per
2551 2444 2770 2526 legem
2825 2445 2964 2509 liti-

535 2567 712 2629 gare,
745 2549 1092 2614 credentes
1139 2571 1298 2614 uero
1340 2550 1412 2636 in
1460 2549 1800 2614 Christum
1849 2558 2210 2631 expectare
2241 2547 2461 2613 sutura
2492 2558 2560 2613 et
2590 2548 2960 2612 secundum

430 2673 516 2721 20
540 2651 652 2716 illa
697 2674 818 2735 pro
863 2654 1100 2717 uirium
1150 2673 1416 2717 suarum
1462 2652 1905 2735 possibilitate
1953 2654 2019 2715 in
2071 2652 2401 2734 praesenti
2448 2653 2712 2717 saeculo
2763 2674 2957 2719 suam

539 2775 767 2840 regere
797 2758 1025 2832 uitam,
1058 2759 1150 2820 ita
1182 2764 1257 2820 ut
1289 2776 1411 2820 nec
1453 2758 1538 2820 sit
1581 2757 1710 2820 illis
1747 2757 1835 2821 ad
1874 2777 2186 2839 praesens
2218 2756 2389 2820 adeo
2421 2758 2790 2821 necessaria
2824 2757 2960 2834 lex,

540 2861 593 2923 si
626 2871 853 2926 tamen
886 2862 973 2925 ad
1008 2862 1226 2925 futura
1259 2862 1685 2943 respicientes
1727 2862 1989 2926 uirtutis
2031 2862 2361 2926 uoluerint
2400 2881 2628 2924 curam
2669 2861 2960 2937 habere;

538 2966 901 3046 gratiarum
935 2968 1196 3030 actione
1239 2987 1430 3030 suum
1472 2965 1800 3031 conclusit
1836 2987 2229 3041 sermonem,
2263 2986 2344 3028 eo
2388 2966 2568 3048 quod
2607 2974 2672 3029 et
2712 2985 2961 3047 magna

539 3070 773 3133 adesse
806 3069 998 3132 nobis
1030 3070 1205 3133 bona
1237 3068 1548 3133 ostendit.
1613 3079 2020 3152 quapropter
2050 3079 2116 3132 et
2147 3069 2308 3132 dicit
2336 3093 2349 3133 ε

642 3260 663 3294 1
702 3244 817 3293 sinit
852 3243 963 3307 (for
982 3241 1099 3307 sint)
1126 3259 1158 3291 r
1384 3263 1415 3306 4
1436 3242 1512 3292 illi
1553 3242 1673 3292 CH
1691 3258 1725 3291 r
1980 3242 2014 3292 6
2046 3249 2340 3292 consecutus
2370 3257 2478 3291 sum
2515 3242 2615 3307 (afl
2645 3241 2763 3303 hoc)
2797 3242 2905 3291 add
2932 3257 2966 3290 r

547 3341 602 3375 12
638 3323 840 3389 petituri
862 3340 896 3372 r
1085 3337 1141 3386 13
1175 3325 1324 3372 miser
1349 3321 1462 3387 (sor
1482 3322 1726 3387 minister)
1752 3322 1844 3372 H*
2035 3336 2093 3384 ¹4
2116 3330 2323 3371 uocatur
2349 3321 2418 3372 C·
2595 3335 2653 3384 15
2689 3322 2910 3372 ostendit
2930 3339 2964 3370 r

546 3405 606 3456 16
639 3406 748 3470 lege
771 3421 803 3453 r
1016 3419 1075 3470 19
1109 3405 1340 3453 credente
1368 3404 1412 3453 C
1473 3405 1696 3454 credenti
1720 3404 1784 3454 H
1787 3419 1818 3451 r
2025 3419 2080 3454 21
2120 3403 2276 3453 uitam
2307 3418 2477 3467 regere
2499 3419 2531 3451 r
2742 3418 2804 3453 22
2841 3402 2954 3453 uirt.

539 3487 727 3538 habere
749 3501 918 3537 curam
941 3486 1042 3535 uol.
1068 3501 1101 3534 r

539 3643 778 3694 scientiae
832 3656 1004 3692 uerum
1058 3655 1167 3690 esse
1221 3648 1528 3706 cognoscant
1541 3638 1572 3663 ’⁹
1590 3657 1696 3690 —a
1794 3639 1886 3691 has
1943 3637 2468 3699 “deformationem,''
2504 3639 2656 3689 Fuld.
2714 3637 2956 3694 Claram..

539 3731 792 3776 comment
825 3721 1068 3786 certainly
1096 3721 1149 3771 in
1185 3736 1355 3771 excess
1388 3721 1514 3771 both
1546 3721 1605 3771 of
1639 3722 1694 3772 S.
1801 3722 2195 3787 “exemplum’'

542 3808 709 3859 Paul's
733 3806 897 3857 words
919 3804 1018 3855 and
1041 3804 1102 3854 of
1117 3803 1204 3853 the
1226 3802 1367 3853 facts.
1868 3805 1944 3854 18.
1976 3812 2073 3869 per
2090 3805 2236 3867 legem
2268 3800 2491 3869 litigare]
2524 3802 2623 3852 See
2646 3818 2712 3852 on
2736 3818 2784 3851 ν.
2799 3821 2831 3865 4
2855 3818 2949 3867 sq„

610 3911 659 3954 4.
725 3890 1023 3955 quicumque
1057 3886 1159 3948 ille]
1217 3884 1315 3935 See
1353 3900 1433 3934 vv.
1480 3884 1552 3944 11..
1592 3885 1694 3934 and
1796 3882 1897 3932 and
1921 3882 1985 3932 cf.
2009 3883 2110 3932 Tit.
2138 3882 2208 3931 iii.
2236 3895 2284 3946 9.
2353 3883 2454 3931 Per
2471 3882 2621 3946 legem
2658 3881 2700 3931 is
2733 3881 2960 3946 possibly

542 3974 605 4025 cf.
630 3981 785 4037 supra
808 3988 860 4036 p.
887 3983 963 4035 79,
993 3969 1029 4019 1.
1059 3971 1118 4019 18
1142 3967 1326 4031 (where
1349 3967 1434 4017 the
1456 3966 1545 4018 suu
1569 3967 1699 4017 form
1799 3981 1865 4015 an
1909 3980 2045 4014 error
2087 3963 2165 4014 sor
2203 3966 2239 3990 “
2259 3980 2351 4029 pro
2391 3961 2557 4028 lege,”
2601 3980 2660 4013 or
2705 3966 2962 4029 “propter

541 4055 583 4104 is
605 4053 762 4113 seen),
788 4050 888 4100 and
908 4062 945 4098 ι.
969 4065 1019 4114 p.
1047 4064 1157 4110 242,
1184 4047 1216 4097 l.
1252 4063 1325 4111 14,
1348 4053 1483 4097 note.
1800 4044 2017 4111 legem.”

611 4145 657 4195 7.
717 4138 921 4196 propter
978 4129 1084 4191 hoc]
1161 4129 1229 4178 Ο.
1254 4129 1316 4178 L.
1372 4128 1473 4177 and
1521 4127 1695 4192 vulg„
1869 4141 1942 4190 23.
2004 4125 2297 4190 gratiarum
2318 4125 2517 4185 actione,
2542 4124 2657 4188 δια]
2689 4124 2802 4174 The
2819 4124 2960 4189 long·

548 4218 587 4243 ‘⁸
604 4214 736 4265 ideo.
746 4210 775 4234 ”
807 4212 876 4261 In
900 4226 976 4259 me
984 4210 1233 4274 primum,
1251 4225 1308 4258 so
1331 4210 1509 4269 Fuld.;
1551 4209 1694 4268 Am„
1801 4207 2028 4257 deferred
2050 4207 2290 4273 apodosis
2322 4215 2376 4256 to
2410 4209 2558 4272 quasi
2586 4208 2679 4271 qui
2702 4207 2962 4256 ostenderit

545 4291 811 4362 “primm''
877 4291 1033 4341 Thdt.
1059 4291 1203 4341 reads
1230 4287 1282 4338 ἐν
1314 4293 1419 4349 ἐμοὶ
1453 4291 1699 4352 πρῶτον.
1791 4296 1892 4355 per
1913 4290 2044 4346 haec,
2067 4290 2321 4355 quoniam,
2351 4290 2440 4340 &o
2514 4289 2598 4340 On
2629 4290 2713 4339 the
2743 4304 2959 4355 purpose

542 4375 972 4444 Informationem,
1011 4389 1069 4423 so
1107 4374 1260 4437 Aug„
1298 4372 1418 4421 with
1465 4368 1702 4436 Ziegler’s
1800 4372 1860 4420 of
1876 4370 1930 4422 S.
1957 4371 2126 4421 Paul’s
2149 4371 2442 4436 doxologies
2466 4388 2547 4421 see
2573 4383 2609 4421 1.
2639 4387 2689 4436 p.
2722 4386 2830 4424 120,
2855 4372 2886 4420 l.
2909 4394 2957 4437 4,

544 4461 721 4523 fragm.
752 4456 852 4506 and
891 4454 977 4504 the
1017 4453 1335 4505 Clementine
1366 4449 1541 4516 Vulg.;
1576 4454 1696 4501 Am.
1800 4460 1936 4502 note.
