3221 5116
381 417 508 481 III.
552 414 673 501 16.]

1086 429 1171 480 IN
1221 428 1326 481 ΕΡ.
1373 429 1475 480 AD
1522 425 1987 479 TIMOTHEUM
2039 428 2083 479 1.

2673 427 2793 492 137

379 599 667 682 Spiritus
719 596 1274 663 inhabitationem
1327 598 1394 661 in
1455 597 1865 682 baptismate
1923 595 2199 678 accepit,
2264 593 2537 677 quando
2598 603 2667 658 et
2725 591 2795 657 ‘in

381 703 600 786 specie
652 700 1002 766 columbae
1051 702 1318 798 insuper
1371 699 1561 764 illum
1610 702 1813 766 uenit.
1904 701 2024 764 sed
2070 721 2113 764 a
2159 699 2413 783 Spiritu
2455 701 2522 763 in
2569 698 2798 763 solitu-

269 825 275 832 ·
381 809 606 872 dinem
639 808 878 872 ductus
911 817 1013 872 est
1054 816 1130 871 ut
1172 816 1403 871 contra
1444 805 1789 870 diabolum
1823 807 1889 870 in
1931 825 2149 889 agone
2193 805 2584 883 decertaret,
2631 813 2699 868 et
2731 804 2798 867 in

384 913 636 996 Spiritu
692 913 820 976 Dei
875 912 1157 977 eiciebat
1210 912 1595 990 daemoneS,
1639 911 1810 975 sicut
1860 912 2003 994 ipse
2058 913 2124 975 in
2176 910 2542 993 euangeliis
2593 909 2799 988 dicit;

383 1024 453 1079 et
502 1016 589 1078 ad
642 1014 915 1098 plenum
969 1015 1196 1077 omnia
1242 1013 1356 1076 illa
1408 1034 1584 1096 quae
1632 1012 2002 1077 secundum
2066 1012 2559 1077 inhabitantem
2606 1014 2673 1077 in
2729 1035 2800 1077 se
2876 1026 2906 1094 5

386 1119 710 1201 Spiritum
759 1119 1014 1201 gratiae
1065 1138 1186 1200 pro
1241 1125 1468 1180 nostra
1506 1116 1918 1199 expediebat
1963 1115 2195 1180 salute.
2285 1118 2616 1200 primitiae
2657 1120 2801 1201 qui-

385 1222 540 1285 dem
587 1230 853 1285 nostrae
902 1221 1135 1285 salutis
1196 1230 1385 1285 erant
1445 1220 1558 1285 illa
1604 1242 1778 1305 quae
1824 1222 2189 1285 secundum
2246 1221 2583 1288 Christum
2634 1223 2803 1287 cele-

385 1328 696 1405 brantur3
725 1325 903 1389 unde
926 1334 995 1389 et
1020 1324 1308 1408 Spiritus
1331 1323 1419 1388 ad
1444 1324 1920 1407 perfectionem
1945 1325 2246 1389 omniurn
2272 1327 2564 1409 suscepit
2593 1326 2804 1391 bono-

385 1449 533 1496 rum
558 1428 1111 1497 inhabitationem
1140 1429 1267 1493 Dei
1292 1428 1610 1506 Verbum,
1645 1450 1726 1493 eo
1750 1429 1931 1512 quod
1965 1439 2033 1494 et
2064 1431 2255 1494 nobis
2286 1432 2800 1515 participatione

388 1533 674 1618 Spiritus
722 1535 1021 1598 omnium
1071 1535 1396 1598 bonorum
1460 1554 1664 1598 causa
1713 1533 2088 1618 adquiritur
2133 1533 2277 1599 siue
2330 1537 2396 1598 in
2450 1545 2801 1619 praesente
2840 1551 2918 1600 10

387 1639 653 1704 saeculo
705 1640 846 1702 siue
895 1640 964 1702 in
1013 1638 1250 1703 futuro,
1343 1648 1412 1702 et
1465 1638 1632 1703 illud
1681 1658 1816 1703 non
1869 1649 1972 1703 est
2025 1639 2405 1704 mirandum
2442 1640 2497 1704 si
2535 1639 2806 1724 quade

386 1743 627 1810 eodem
680 1743 826 1825 ipso
872 1743 1222 1829 disputans
1268 1742 1353 1806 de
1399 1744 1674 1809 deitatis
1719 1744 2139 1808 sermonibus
2185 1745 2273 1808 ad
2318 1744 2805 1808 humanitatem

388 1850 704 1915 transisse
764 1849 1088 1914 uideatur.
1178 1850 1599 1913 consuetudo
1658 1846 1826 1913 haec
1898 1857 2002 1913 est
2076 1850 2454 1913 diuinarum
2527 1848 2807 1929 scriptu-

390 1960 652 2031 raru1n3
700 1953 868 2018 sicut
913 1971 1047 2015 non
1093 1951 1311 2049 solum
1353 1952 1419 2017 in
1461 1950 1833 2036 apostolica
1877 1953 2425 2036 interpretatione
2470 1952 2538 2017 id
2585 1960 2806 2017 osten-

494 2160 515 2193 ι
552 2143 918 2198 habitationem
937 2143 964 2192 l
986 2141 994 2210 Ι
1023 2143 1205 2210 accipit
1233 2142 1304 2194 C*

392 2229 423 2279 6
459 2228 674 2298 Spiritus
701 2229 746 2278 C
751 2227 778 2254 ⁴*
802 2228 869 2277 Η
881 2243 916 2277 r

394 2312 425 2360 8
456 2310 663 2375 suscipit
690 2310 732 2359 C
739 2308 766 2335 ⁸*
790 2310 859 2358 Η
871 2323 907 2357 r

397 2406 455 2454 ¹4
489 2407 592 2441 non
614 2391 778 2441 solum
798 2406 876 2441 om
898 2391 967 2439 Η

1081 2323 1114 2373 9
1146 2306 1290 2358 uerbi
1318 2308 1441 2357 CH
1469 2323 1504 2358 r

396 2542 533 2594 Such
553 2542 799 2607 language
821 2540 983 2591 shews
1005 2539 1092 2591 the
1113 2540 1303 2605 danger
1323 2540 1382 2592 os
1406 2539 1505 2591 Th.
1514 2537 1554 2592 ’s

396 2627 746 2693 speculationS,
790 2627 890 2676 and
940 2626 1171 2676 deserves
1214 2624 1300 2674 the
1348 2640 1553 2679 censure

396 2708 456 2760 of
501 2709 720 2775 Vigilius
766 2708 976 2770 (constit.
1022 2725 1085 2772 4²
1139 2708 1338 2772 [Migne
1379 2709 1443 2757 P.
1483 2709 1548 2758 L.

397 2792 480 2858 69,
511 2792 648 2857 92]):
711 2792 830 2842 “sic
868 2797 1126 2856 separatus
1164 2806 1197 2839 a
1239 2791 1411 2840 Verbo
1454 2790 1552 2840 Dei

398 2875 678 2924 insinuatur
719 2873 890 2932 homo,
929 2880 984 2923 ut
1027 2887 1066 2922 s,
1108 2869 1323 2936 Spiritus
1367 2871 1554 2920 uirtute

399 2956 748 3012 immaculatus
770 2963 817 3006 et
843 2954 1201 3020 impeccabilis,
1239 2952 1417 3019 quasi
1448 2953 1550 3002 ali-

398 3038 534 3105 quis
569 3039 769 3088 iustus
796 3038 989 3098 home,
1022 3044 1267 3086 asseratur
1300 3033 1553 3085 effectus.’'

397 3121 449 3172 It
466 3121 508 3170 is
529 3120 818 3170 instructive
835 3126 889 3168 to
901 3134 1136 3184 compare
1164 3119 1249 3168 the
1271 3119 1432 3168 sound
1453 3117 1555 3168 and

400 3211 626 3254 reverent
660 3209 940 3253 comments
962 3200 1021 3251 os
1044 3201 1221 3264 Chrys,
1256 3197 1381 3265 (ἤτοι
1415 3202 1555 3250 τοῦτο

401 3286 554 3344 λέγει,
603 3288 616 3312 ‘
636 3285 717 3335 καὶ
748 3284 1005 3342 ἐδικαιώθη
1049 3280 1081 3342 ἠ
1126 3283 1280 3343 σοφία
1321 3284 1420 3331 ἀπὸ
1462 3278 1558 3330 τῶν

398 3367 575 3416 τέκνων
592 3363 771 3425 αύτῆς’,
794 3364 825 3424 ἢ
842 3362 921 3415 ὅτι
950 3365 965 3390 ‘
983 3365 1124 3414 δόλον
1146 3367 1232 3413 οὐκ
1253 3366 1483 3424 ἐποίησεν
1499 3363 1550 3426 ’),

398 3448 555 3498 Thdt.
584 3446 693 3509 (τὴν
726 3450 827 3510 ’γὰρ
855 3446 1155 3508 ἀνθρωπείαν
1186 3447 1331 3508 φύσιν
1364 3449 1555 3507 ἀνειλη-

399 3529 514 3591 φώς,
555 3530 811 3590 ἐλευθέραν
846 3532 1027 3588 ταύτην
1056 3525 1415 3589 ἁμαρτημάτων
1441 3526 1556 3590 ἐφύ-

398 3613 580 3673 λαξεν),
630 3612 734 3665 and
772 3610 965 3674 Thpht.
1013 3611 1058 3671 (ὁ
1098 3612 1150 3660 δὲ
1195 3607 1350 3673 κύριος
1393 3611 1558 3660 πᾶσαν

400 3690 700 3755 δικαιοσύνην
734 3689 1019 3755 ἐπλήρωσεν
1051 3692 1101 3740 ἐν
1137 3689 1373 3751 πνεύματι
1409 3688 1551 3754 ἁγίῳ,

401 3772 644 3834 ὀμοούσιος
688 3773 756 3825 ὢν
799 3770 932 3835 αὐτῷ
967 3776 1047 3823 καὶ
1089 3775 1218 3837 ἔχων
1260 3772 1380 3823 αὐτὸ
1414 3771 1561 3824 συνὸν

401 3852 533 3917 αὐτῷ
581 3853 806 3916 φυσικῶς,
857 3857 937 3905 καὶ
980 3853 1040 3905 δι’
1087 3853 1258 3907 ἑαυτοῦ
1313 3857 1392 3906 καὶ
1447 3846 1559 3917 ἡμῖν

401 3938 552 3987 διδοὺς
573 3936 630 3986 τὸ
651 3938 703 3986 ἐν
723 3935 880 3999 τούτῳ
903 3935 1275 3999 δεδικαιῶσθαι).

475 4050 515 4086 1.
589 4036 649 4085 in
670 4036 960 4101 baptismate
980 4036 1180 4100 accepit]
1247 4035 1332 4087 On
1354 4035 1440 4086 the
1462 4035 1556 4101 sig·

402 4119 643 4170 nificance
697 4119 864 4169 which
916 4118 1017 4168 Th.
1072 4117 1307 4169 attached
1363 4124 1418 4168 to
1472 4118 1559 4168 the

403 4202 625 4252 Descent
669 4200 726 4251 os
768 4201 854 4252 the
888 4201 1044 4267 Spirit
1083 4208 1137 4252 at
1178 4201 1265 4252 the
1310 4201 1557 4265 Baptism,

403 4298 487 4335 see
504 4283 590 4333 the
611 4283 786 4349 fragm.
815 4300 882 4334 on
908 4284 961 4335 S.
990 4283 1136 4334 Luke
1156 4283 1229 4333 iii.
1253 4297 1312 4334 αα
1340 4281 1553 4348 (Μὶςῐιε,

411 4364 547 4429 177)=
603 4367 633 4393 ‘⁸
653 4366 871 4431 Spiritus
909 4381 949 4416 s,
999 4366 1054 4416 in
1091 4366 1259 4431 specie
1294 4365 1560 4416 columbae

404 4449 713 4499 descendens
756 4448 1029 4514 permansit
1081 4463 1231 4512 super
1273 4463 1387 4498 eum
1444 4446 1499 4507 [i.
1515 4462 1553 4496 e.

410 4531 567 4585 filium
591 4530 924 4599 adoptiuumJ,
973 4536 1218 4595 quatenus
1242 4529 1293 4581 in
1324 4528 1562 4581 coniunc-

1602 2160 1630 2196 α
1666 2160 1815 2210 super
1841 2144 1955 2210 (sor
1973 2144 2192 2214 insuper)
2218 2161 2251 2195 r

1187 2239 1213 2290 7
1248 2225 1421 2276 salutis
1439 2231 1639 2278 nostrae
1660 2242 1693 2276 r
1718 2229 1726 2285 Ι
1754 2226 2033 2276 celebratur
2054 2227 2121 2275 H
2193 2227 2572 2278 celebrabantur
2598 2228 2641 2278 C
2661 2226 2806 2292 (corr)

2538 2166 2570 2210 4
2602 2145 2727 2195 dixit
2749 2146 2818 2194 H

1670 2322 1723 2358 11
1761 2307 2366 2376 quasi(s0rsiqua)Cr
2530 2310 2819 2375 nipseH

1652 2543 1789 2591 tione
1831 2541 1896 2591 ad
1947 2557 2060 2592 eum
2106 2540 2192 2607 qui
2238 2557 2355 2593 uere
2405 2541 2534 2592 filius
2582 2550 2656 2595 est
2703 2543 2810 2594 eius

1652 2626 1991 2693 cooperationi
2056 2627 2278 2677 intentus
2331 2635 2549 2685 maneat,
2613 2626 2807 2677 firmam

1651 2708 1937 2773 adoptionis
1958 2709 2151 2758 habens
2173 2708 2486 2773 dignitatem.
2499 2706 2527 2729 ”

1720 2806 1765 2842 2.
1835 2791 1922 2840 sed
1940 2807 1973 2839 a
1994 2788 2213 2854 Spiritu]
2249 2791 2403 2840 ἀλλὰ
2432 2791 2549 2853 γὰρ
2570 2791 2704 2854 παρὰ
2723 2792 2811 2841 τοῦ

1653 2873 1938 2933 πνεύματος,
1967 2876 2114 2923 era-J..
2139 2871 2225 2936 [cf.
2251 2885 2289 2923 1.
2310 2890 2359 2939 p.
2388 2876 2466 2935 80,
2490 2874 2525 2922 l.
2547 2890 2623 2930 11,
2647 2874 2808 2935 note].

1654 2956 1837 3020 Comp.
1877 2955 1963 3005 the
1988 2956 2137 3005 Latin
2171 2954 2349 3020 fragm.
2388 2954 2444 3005 in
2478 2956 2670 3019 Migne,
2692 2954 2807 3021 996,

1653 3037 1820 3087 where
1859 3038 1954 3087 Th.
2000 3053 2113 3087 uses
2148 3037 2290 3087 these
2323 3037 2448 3086 facts
2484 3052 2539 3087 as
2567 3052 2634 3086 an
2668 3053 2811 3103 argu-

1653 3127 1791 3170 ment
1836 3119 2030 3185 against
2080 3120 2545 3184 Apollinarianism.
2615 3120 2663 3170 It
2705 3120 2812 3169 will

1654 3201 1718 3250 be
1741 3201 1986 3251 observed
2021 3201 2131 3250 that
2166 3201 2251 3251 the
2280 3201 2512 3265 question
2543 3199 2707 3250 raised
2742 3202 2812 3263 by

1657 3283 1709 3333 S.
1741 3279 1921 3346 Cyril's
1946 3282 2034 3350 9th
2063 3282 2330 3332 anathema
2360 3282 2564 3346 already
2585 3282 2725 3332 lurks
2758 3282 2810 3332 in

1655 3364 1740 3414 the
1784 3364 2108 3429 background
2153 3362 2212 3413 of
2248 3363 2391 3413 these
2433 3380 2681 3428 passages,
2719 3365 2813 3415 but

1655 3448 1778 3498 does
1799 3454 1890 3497 not
1911 3455 1995 3512 yet
2015 3463 2153 3512 press
2175 3448 2252 3497 for
2271 3463 2336 3498 an
2358 3462 2567 3497 answer.

1724 3550 1773 3594 4.
1838 3531 1964 3579 sicut
1996 3530 2302 3595 zpse...dicit]
2354 3530 2408 3580 S.
2436 3530 2584 3579 Matt.
2609 3528 2694 3579 xii.
2727 3531 2805 3590 28,

1655 3614 1708 3662 ἐν
1724 3609 1955 3671 πνεύματι
1980 3614 2086 3662 θεοῦ
2110 3614 2208 3673 ἐγὼ
2229 3614 2457 3673 ἐκβάλλω
2487 3612 2551 3660 τὸ.
2573 3612 2810 3669 δαιμόνια.

1724 3706 1774 3758 9.
1839 3708 1890 3742 eo
1943 3693 2077 3757 quod
2124 3700 2174 3741 et
2216 3692 2370 3751 nobis,
2433 3690 2552 3753 &c.]
2616 3690 2799 3756 Comp.

1659 3791 1905 3857 Lagarde,
1929 3791 2069 3840 anal.
2092 3806 2222 3854 syrr.
2251 3808 2301 3856 p.
2326 3807 2446 3842 102:
2485 3789 2807 3852 ‚98³th

1662 3914 1789 3999 τι»
1869 3904 2071 3964 ada
2153 3876 2356 3992 3372
2467 3894 2806 3971 ‚mab

1662 4003 1958 4115 paoem
2053 4011 2350 4084 maza
2452 4012 2809 4085 ιιι-ήκω..

1664 4110 2015 4201 «οὐ...
2063 4109 2232 4197 ...Δ
2281 4111 2551 4199 Δ»...
2585 4110 2805 4234 ρ...

2323 4267 2341 4314 t
2372 4237 2805 4321 &bnamma

1732 4378 1806 4426 13.
1874 4360 2112 4411 transisse
2165 4360 2422 4424 uideatur]
2501 4361 2581 4411 Cf.
2635 4370 2806 4425 supra,

1662 4461 1711 4511 p.
1747 4442 1912 4505 136,1.
1948 4457 1996 4509 9,
2037 4443 2139 4494 and
2173 4456 2206 4495 1.
2246 4459 2333 4509 pp.
2372 4458 2485 4510 219,
2520 4442 2555 4493 1.
2594 4460 2653 4505 13
2694 4457 2806 4509 272,

1669 4524 1704 4575 1.
1735 4539 1795 4577 10
1816 4539 1893 4589 sq.
