<?xml version="1.0" encoding="UTF-8"?>
<!DOCTYPE html PUBLIC "-//W3C//DTD XHTML 1.0 Transitional//EN"
    "http://www.w3.org/TR/xhtml1/DTD/xhtml1-transitional.dtd">
<html xmlns="http://www.w3.org/1999/xhtml" xml:lang="en" lang="en">
 <head>
  <title>
</title>
<meta http-equiv="Content-Type" content="text/html;charset=utf-8" />
  <meta name='ocr-system' content='tesseract 3.04.00' />
  <meta name='ocr-capabilities' content='ocr_page ocr_carea ocr_par ocr_line ocrx_word'/>
</head>
<body>
  <div class='ocr_page' id='page_1' title='image "./theodoriepiscop02swetgoog_0272.png"; bbox 0 0 3221 5116; ppageno 0'>
   <div class='ocr_carea' id='block_1_1' title="bbox 1007 391 2706 455">
    <p class='ocr_par' dir='ltr' id='par_1_1' title="bbox 1007 391 2706 455">
     <span class='ocr_line' id='line_1_1' title="bbox 1007 391 2706 455; baseline 0.004 -7"><span class='ocrx_word' id='word_1_1' title='bbox 1007 399 1091 449; x_wconf 83' lang='lat' dir='ltr'>IN</span> <span class='ocrx_word' id='word_1_2' title='bbox 1140 400 1243 451; x_wconf 81' lang='grc' dir='ltr'>ΕΡ.</span> <span class='ocrx_word' id='word_1_3' title='bbox 1291 401 1394 450; x_wconf 81' lang='lat' dir='ltr'>AD</span> <span class='ocrx_word' id='word_1_4' title='bbox 1442 399 1966 452; x_wconf 80' lang='lat' dir='ltr'>PHILEMONEM.</span> <span class='ocrx_word' id='word_1_5' title='bbox 2589 391 2706 455; x_wconf 86' lang='lat'>261</span> 
     </span>
    </p>
   </div>
   <div class='ocr_carea' id='block_1_2' title="bbox 279 562 2714 2409">
    <p class='ocr_par' dir='ltr' id='par_1_2' title="bbox 290 562 2711 1042">
     <span class='ocr_line' id='line_1_2' title="bbox 294 562 2711 653; baseline 0.005 -29"><span class='ocrx_word' id='word_1_6' title='bbox 294 562 526 644; x_wconf 86' lang='lat' dir='ltr'>quales</span> <span class='ocrx_word' id='word_1_7' title='bbox 555 584 699 628; x_wconf 90' lang='lat' dir='ltr'>esse</span> <span class='ocrx_word' id='word_1_8' title='bbox 744 576 1055 648; x_wconf 84' lang='lat' dir='ltr'>oporteat</span> <span class='ocrx_word' id='word_1_9' title='bbox 1094 590 1210 632; x_wconf 93' lang='lat' dir='ltr'>eos</span> <span class='ocrx_word' id='word_1_10' title='bbox 1255 570 1368 652; x_wconf 92' lang='lat' dir='ltr'>qui</span> <span class='ocrx_word' id='word_1_11' title='bbox 1411 570 1729 635; x_wconf 87' lang='lat' dir='ltr'>ecclesiae</span> <span class='ocrx_word' id='word_1_12' title='bbox 1766 580 2022 653; x_wconf 89' lang='lat' dir='ltr'>partem</span> <span class='ocrx_word' id='word_1_13' title='bbox 2071 570 2348 653; x_wconf 88' lang='lat' dir='ltr'>implere</span> <span class='ocrx_word' id='word_1_14' title='bbox 2382 573 2711 649; x_wconf 89' lang='lat' dir='ltr'>uidentur,</span> 
     </span>
     <span class='ocr_line' id='line_1_3' title="bbox 292 665 2711 758; baseline 0.007 -32"><span class='ocrx_word' id='word_1_15' title='bbox 292 665 578 729; x_wconf 90' lang='lat' dir='ltr'>edocens</span> <span class='ocrx_word' id='word_1_16' title='bbox 631 677 706 731; x_wconf 91' lang='lat' dir='ltr'>ut</span> <span class='ocrx_word' id='word_1_17' title='bbox 752 668 865 732; x_wconf 92' lang='lat' dir='ltr'>illa</span> <span class='ocrx_word' id='word_1_18' title='bbox 913 680 1119 753; x_wconf 88' lang='lat' dir='ltr'>agant</span> <span class='ocrx_word' id='word_1_19' title='bbox 1174 692 1348 754; x_wconf 89' lang='lat' dir='ltr'>quae</span> <span class='ocrx_word' id='word_1_20' title='bbox 1382 673 1490 755; x_wconf 88' lang='lat' dir='ltr'>agi</span> <span class='ocrx_word' id='word_1_21' title='bbox 1541 675 1798 738; x_wconf 84' lang='lat' dir='ltr'>decent.</span> <span class='ocrx_word' id='word_1_22' title='bbox 1888 682 1956 737; x_wconf 93' lang='lat' dir='ltr'>et</span> <span class='ocrx_word' id='word_1_23' title='bbox 2004 673 2248 737; x_wconf 88' lang='lat' dir='ltr'>uiduae</span> <span class='ocrx_word' id='word_1_24' title='bbox 2295 676 2568 758; x_wconf 90' lang='lat' dir='ltr'>quidem</span> <span class='ocrx_word' id='word_1_25' title='bbox 2613 679 2711 744; x_wconf 90' lang='lat' dir='ltr'>in-</span> 
     </span>
     <span class='ocr_line' id='line_1_4' title="bbox 292 773 2714 860; baseline 0.005 -29"><span class='ocrx_word' id='word_1_26' title='bbox 292 779 649 845; x_wconf 89' lang='lat' dir='ltr'>struuntur,</span> <span class='ocrx_word' id='word_1_27' title='bbox 703 774 977 854; x_wconf 93' lang='lat' dir='ltr'>quando</span> <span class='ocrx_word' id='word_1_28' title='bbox 1037 773 1151 837; x_wconf 92' lang='lat' dir='ltr'>illa</span> <span class='ocrx_word' id='word_1_29' title='bbox 1209 795 1382 857; x_wconf 91' lang='lat' dir='ltr'>quae</span> <span class='ocrx_word' id='word_1_30' title='bbox 1456 776 1542 838; x_wconf 90' lang='lat' dir='ltr'>de</span> <span class='ocrx_word' id='word_1_31' title='bbox 1601 777 1822 839; x_wconf 90' lang='lat' dir='ltr'>uiduis</span> <span class='ocrx_word' id='word_1_32' title='bbox 1881 777 2126 859; x_wconf 88' lang='lat' dir='ltr'>scripta</span> <span class='ocrx_word' id='word_1_33' title='bbox 2185 787 2342 842; x_wconf 91' lang='lat' dir='ltr'>sunt</span> <span class='ocrx_word' id='word_1_34' title='bbox 2396 780 2714 860; x_wconf 89' lang='lat' dir='ltr'>audiunt;</span> 
     </span>
     <span class='ocr_line' id='line_1_5' title="bbox 291 872 2709 961; baseline 0.007 -26"><span class='ocrx_word' id='word_1_35' title='bbox 291 872 532 935; x_wconf 90' lang='lat' dir='ltr'>diuites</span> <span class='ocrx_word' id='word_1_36' title='bbox 563 893 739 950; x_wconf 91' lang='lat' dir='ltr'>uer0,</span> <span class='ocrx_word' id='word_1_37' title='bbox 774 877 1047 957; x_wconf 91' lang='lat' dir='ltr'>quando</span> <span class='ocrx_word' id='word_1_38' title='bbox 1078 875 1191 940; x_wconf 90' lang='lat' dir='ltr'>illa</span> <span class='ocrx_word' id='word_1_39' title='bbox 1221 897 1394 959; x_wconf 90' lang='lat' dir='ltr'>quae</span> <span class='ocrx_word' id='word_1_40' title='bbox 1422 879 1509 941; x_wconf 93' lang='lat' dir='ltr'>de</span> <span class='ocrx_word' id='word_1_41' title='bbox 1549 879 1870 943; x_wconf 86' lang='lat' dir='ltr'>diuitibus</span> <span class='ocrx_word' id='word_1_42' title='bbox 1911 881 2157 961; x_wconf 90' lang='lat' dir='ltr'>scripta</span> <span class='ocrx_word' id='word_1_43' title='bbox 2197 890 2370 960; x_wconf 86' lang='lat' dir='ltr'>sunt,</span> <span class='ocrx_word' id='word_1_44' title='bbox 2405 891 2478 947; x_wconf 78' lang='lat' dir='ltr'>et</span> <span class='ocrx_word' id='word_1_45' title='bbox 2508 888 2709 951; x_wconf 89' lang='lat' dir='ltr'>ceteri</span> 
     </span>
     <span class='ocr_line' id='line_1_6' title="bbox 290 976 896 1042; baseline -0.002 0"><span class='ocrx_word' id='word_1_46' title='bbox 290 998 525 1042; x_wconf 91' lang='lat' dir='ltr'>omnes</span> <span class='ocrx_word' id='word_1_47' title='bbox 576 976 896 1042; x_wconf 88' lang='lat' dir='ltr'>similiter.</span> 
     </span>
    </p>

    <p class='ocr_par' dir='ltr' id='par_1_3' title="bbox 279 1082 2709 2409">
     <span class='ocr_line' id='line_1_7' title="bbox 418 1082 2709 1168; baseline 0.006 -26"><span class='ocrx_word' id='word_1_48' title='bbox 418 1100 594 1163; x_wconf 90' lang='lat' dir='ltr'>quae</span> <span class='ocrx_word' id='word_1_49' title='bbox 651 1089 754 1144; x_wconf 90' lang='lat' dir='ltr'>est</span> <span class='ocrx_word' id='word_1_50' title='bbox 816 1102 976 1165; x_wconf 85' lang='lat' dir='ltr'>ergo</span> <span class='ocrx_word' id='word_1_51' title='bbox 1036 1082 1289 1146; x_wconf 91' lang='lat' dir='ltr'>utilitas</span> <span class='ocrx_word' id='word_1_52' title='bbox 1354 1084 1558 1147; x_wconf 84' lang='lat' dir='ltr'>etiam</span> <span class='ocrx_word' id='word_1_53' title='bbox 1619 1084 1813 1148; x_wconf 91' lang='lat' dir='ltr'>huius</span> <span class='ocrx_word' id='word_1_54' title='bbox 1884 1086 2250 1168; x_wconf 86' lang='lat' dir='ltr'>epistolae?</span> <span class='ocrx_word' id='word_1_55' title='bbox 2325 1097 2399 1152; x_wconf 91' lang='lat' dir='ltr'>ut</span> <span class='ocrx_word' id='word_1_56' title='bbox 2474 1111 2709 1155; x_wconf 88' lang='lat' dir='ltr'>ornnes</span> 
     </span>
     <span class='ocr_line' id='line_1_8' title="bbox 289 1184 2708 1275; baseline 0.003 -26"><span class='ocrx_word' id='word_1_57' title='bbox 289 1187 401 1269; x_wconf 91' lang='lat' dir='ltr'>qui</span> <span class='ocrx_word' id='word_1_58' title='bbox 456 1188 524 1250; x_wconf 91' lang='lat' dir='ltr'>in</span> <span class='ocrx_word' id='word_1_59' title='bbox 584 1186 1027 1250; x_wconf 88' lang='lat' dir='ltr'>ecclesiastica</span> <span class='ocrx_word' id='word_1_60' title='bbox 1073 1184 1405 1249; x_wconf 80' lang='lat' dir='ltr'><strong>habentur</strong></span> <span class='ocrx_word' id='word_1_61' title='bbox 1451 1186 1807 1261; x_wconf 88' lang='lat' dir='ltr'>functione,</span> <span class='ocrx_word' id='word_1_62' title='bbox 1861 1190 2158 1252; x_wconf 85' lang='lat' dir='ltr'>maxime</span> <span class='ocrx_word' id='word_1_63' title='bbox 2210 1189 2301 1253; x_wconf 91' lang='lat' dir='ltr'>illi</span> <span class='ocrx_word' id='word_1_64' title='bbox 2355 1193 2468 1273; x_wconf 91' lang='lat' dir='ltr'>qui</span> <span class='ocrx_word' id='word_1_65' title='bbox 2520 1214 2708 1275; x_wconf 90' lang='lat' dir='ltr'>prae-</span> 
     </span>
     <span class='ocr_line' id='line_1_9' title="bbox 289 1291 2708 1378; baseline 0.003 -26"><span class='ocrx_word' id='word_1_66' title='bbox 289 1310 433 1352; x_wconf 83' lang='lat' dir='ltr'><strong>esse</strong></span> <span class='ocrx_word' id='word_1_67' title='bbox 477 1291 769 1354; x_wconf 89' lang='lat' dir='ltr'>ecclesiis</span> <span class='ocrx_word' id='word_1_68' title='bbox 813 1291 1141 1367; x_wconf 89' lang='lat' dir='ltr'>uidentur,</span> <span class='ocrx_word' id='word_1_69' title='bbox 1182 1301 1257 1353; x_wconf 91' lang='lat' dir='ltr'>ut</span> <span class='ocrx_word' id='word_1_70' title='bbox 1296 1292 1509 1354; x_wconf 87' lang='lat' dir='ltr'>sciant</span> <span class='ocrx_word' id='word_1_71' title='bbox 1547 1293 2118 1375; x_wconf 82' lang='lat' dir='ltr'>quemadmodum</span> <span class='ocrx_word' id='word_1_72' title='bbox 2165 1304 2472 1376; x_wconf 81' lang='lat' dir='ltr'>oporteat</span> <span class='ocrx_word' id='word_1_73' title='bbox 2511 1318 2708 1378; x_wconf 88' lang='lat' dir='ltr'>agere</span> 
     </span>
     <span class='ocr_line' id='line_1_10' title="bbox 287 1393 2706 1477; baseline 0.004 -22"><span class='ocrx_word' id='word_1_74' title='bbox 287 1413 439 1455; x_wconf 93' lang='lat' dir='ltr'>cum</span> <span class='ocrx_word' id='word_1_75' title='bbox 495 1393 624 1458; x_wconf 91' lang='lat' dir='ltr'>illis</span> <span class='ocrx_word' id='word_1_76' title='bbox 677 1395 791 1476; x_wconf 89' lang='lat' dir='ltr'>qui</span> <span class='ocrx_word' id='word_1_77' title='bbox 846 1395 1036 1458; x_wconf 91' lang='lat' dir='ltr'>nobis</span> <span class='ocrx_word' id='word_1_78' title='bbox 1090 1395 1222 1458; x_wconf 90' lang='lat' dir='ltr'>fide</span> <span class='ocrx_word' id='word_1_79' title='bbox 1275 1397 1479 1459; x_wconf 89' lang='lat' dir='ltr'>iuncti</span> <span class='ocrx_word' id='word_1_80' title='bbox 1534 1406 1707 1470; x_wconf 90' lang='lat' dir='ltr'>sunt,</span> <span class='ocrx_word' id='word_1_81' title='bbox 1769 1397 2041 1477; x_wconf 88' lang='lat' dir='ltr'>quando</span> <span class='ocrx_word' id='word_1_82' title='bbox 2100 1398 2207 1460; x_wconf 90' lang='lat' dir='ltr'>uel</span> <span class='ocrx_word' id='word_1_83' title='bbox 2273 1400 2571 1462; x_wconf 84' lang='lat' dir='ltr'>maxime</span> <span class='ocrx_word' id='word_1_84' title='bbox 2620 1403 2706 1465; x_wconf 92' lang='lat' dir='ltr'>de</span> 
     </span>
     <span class='ocr_line' id='line_1_11' title="bbox 289 1496 2701 1581; baseline 0.004 -22"><span class='ocrx_word' id='word_1_85' title='bbox 289 1497 573 1579; x_wconf 85' lang='lat' dir='ltr'>negotiis</span> <span class='ocrx_word' id='word_1_86' title='bbox 625 1496 753 1560; x_wconf 86' lang='lat' dir='ltr'>illis</span> <span class='ocrx_word' id='word_1_87' title='bbox 801 1499 1021 1579; x_wconf 87' lang='lat' dir='ltr'>agitur</span> <span class='ocrx_word' id='word_1_88' title='bbox 1079 1517 1253 1579; x_wconf 87' lang='lat' dir='ltr'>quae</span> <span class='ocrx_word' id='word_1_89' title='bbox 1314 1500 1398 1561; x_wconf 91' lang='lat' dir='ltr'>ad</span> <span class='ocrx_word' id='word_1_90' title='bbox 1455 1498 1603 1561; x_wconf 91' lang='lat' dir='ltr'>illos</span> <span class='ocrx_word' id='word_1_91' title='bbox 1668 1500 1930 1579; x_wconf 87' lang='lat' dir='ltr'>proprie</span> <span class='ocrx_word' id='word_1_92' title='bbox 1985 1501 2316 1581; x_wconf 88' lang='lat' dir='ltr'>pertinere</span> <span class='ocrx_word' id='word_1_93' title='bbox 2375 1503 2701 1569; x_wconf 90' lang='lat' dir='ltr'>uidentur.</span> 
     </span>
     <span class='ocr_line' id='line_1_12' title="bbox 286 1599 2702 1686; baseline 0.003 -24"><span class='ocrx_word' id='word_1_94' title='bbox 286 1620 568 1681; x_wconf 91' lang='lat' dir='ltr'>quorum</span> <span class='ocrx_word' id='word_1_95' title='bbox 630 1599 987 1663; x_wconf 85' lang='lat' dir='ltr'>utilitatem</span> <span class='ocrx_word' id='word_1_96' title='bbox 1065 1609 1225 1663; x_wconf 88' lang='lat' dir='ltr'>tunc</span> <span class='ocrx_word' id='word_1_97' title='bbox 1303 1602 1599 1663; x_wconf 85' lang='lat' dir='ltr'>maxime</span> <span class='ocrx_word' id='word_1_98' title='bbox 1674 1602 1822 1683; x_wconf 90' lang='lat' dir='ltr'>quis</span> <span class='ocrx_word' id='word_1_99' title='bbox 1883 1603 2126 1683; x_wconf 90' lang='lat' dir='ltr'>poterit</span> <span class='ocrx_word' id='word_1_100' title='bbox 2188 1605 2573 1686; x_wconf 86' lang='lat' dir='ltr'>perspicere,</span> <span class='ocrx_word' id='word_1_101' title='bbox 2648 1608 2702 1670; x_wconf 86' lang='lat' dir='ltr'>si</span> 
     </span>
     <span class='ocr_line' id='line_1_13' title="bbox 286 1703 2703 1788; baseline 0.003 -23"><span class='ocrx_word' id='word_1_102' title='bbox 286 1704 651 1785; x_wconf 77' lang='lat' dir='ltr'>respexerit</span> <span class='ocrx_word' id='word_1_103' title='bbox 682 1703 795 1766; x_wconf 88' lang='lat' dir='ltr'>illa</span> <span class='ocrx_word' id='word_1_104' title='bbox 825 1724 999 1786; x_wconf 91' lang='lat' dir='ltr'>quae</span> <span class='ocrx_word' id='word_1_105' title='bbox 1031 1707 1273 1768; x_wconf 88' lang='lat' dir='ltr'>nostris</span> <span class='ocrx_word' id='word_1_106' title='bbox 1315 1705 1728 1786; x_wconf 85' lang='lat' dir='ltr'>temporibus</span> <span class='ocrx_word' id='word_1_107' title='bbox 1770 1726 1810 1768; x_wconf 89' lang='lat' dir='ltr'>a</span> <span class='ocrx_word' id='word_1_108' title='bbox 1844 1706 2069 1769; x_wconf 89' lang='lat' dir='ltr'>multis</span> <span class='ocrx_word' id='word_1_109' title='bbox 2101 1718 2436 1788; x_wconf 85' lang='lat' dir='ltr'>geruntur.</span> <span class='ocrx_word' id='word_1_110' title='bbox 2526 1729 2703 1773; x_wconf 90' lang='lat' dir='ltr'>nunc</span> 
     </span>
     <span class='ocr_line' id='line_1_14' title="bbox 283 1809 2702 1885; baseline 0.002 -16"><span class='ocrx_word' id='word_1_111' title='bbox 283 1816 526 1881; x_wconf 87' lang='lat' dir='ltr'>autem,</span> <span class='ocrx_word' id='word_1_112' title='bbox 574 1809 743 1872; x_wconf 88' lang='lat' dir='ltr'>sicut</span> <span class='ocrx_word' id='word_1_113' title='bbox 788 1818 1145 1873; x_wconf 86' lang='lat' dir='ltr'>structores</span> <span class='ocrx_word' id='word_1_114' title='bbox 1191 1810 1496 1874; x_wconf 84' lang='lat' dir='ltr'>utilitatis</span> <span class='ocrx_word' id='word_1_115' title='bbox 1541 1809 1819 1874; x_wconf 87' lang='lat' dir='ltr'>aliorum</span> <span class='ocrx_word' id='word_1_116' title='bbox 1867 1812 2228 1885; x_wconf 90' lang='lat' dir='ltr'>constituti,</span> <span class='ocrx_word' id='word_1_117' title='bbox 2274 1832 2702 1874; x_wconf 91' lang='lat' dir='ltr'>commonere</span> 
     </span>
     <span class='ocr_line' id='line_1_15' title="bbox 279 1910 2702 1997; baseline 0.002 -25"><span class='ocrx_word' id='word_1_118' title='bbox 279 1910 587 1975; x_wconf 90' lang='lat' dir='ltr'>uolumus</span> <span class='ocrx_word' id='word_1_119' title='bbox 638 1933 753 1975; x_wconf 88' lang='lat' dir='ltr'>eos</span> <span class='ocrx_word' id='word_1_120' title='bbox 805 1913 919 1995; x_wconf 90' lang='lat' dir='ltr'>qui</span> <span class='ocrx_word' id='word_1_121' title='bbox 974 1914 1167 1978; x_wconf 90' lang='lat' dir='ltr'>nobis</span> <span class='ocrx_word' id='word_1_122' title='bbox 1214 1914 1346 1978; x_wconf 84' lang='lat' dir='ltr'>fide</span> <span class='ocrx_word' id='word_1_123' title='bbox 1407 1915 1614 1978; x_wconf 90' lang='lat' dir='ltr'>iuncti</span> <span class='ocrx_word' id='word_1_124' title='bbox 1666 1924 1844 1991; x_wconf 90' lang='lat' dir='ltr'>sunt,</span> <span class='ocrx_word' id='word_1_125' title='bbox 1897 1916 1983 1978; x_wconf 90' lang='lat' dir='ltr'>de</span> <span class='ocrx_word' id='word_1_126' title='bbox 2040 1914 2285 1997; x_wconf 89' lang='lat' dir='ltr'>quibus</span> <span class='ocrx_word' id='word_1_127' title='bbox 2346 1915 2702 1977; x_wconf 91' lang='lat' dir='ltr'>conuenire</span> 
     </span>
     <span class='ocr_line' id='line_1_16' title="bbox 280 2016 2698 2099; baseline 0.001 -22"><span class='ocrx_word' id='word_1_128' title='bbox 280 2024 547 2097; x_wconf 88' lang='lat' dir='ltr'>oportet</span> <span class='ocrx_word' id='word_1_129' title='bbox 604 2036 756 2079; x_wconf 90' lang='lat' dir='ltr'>cum</span> <span class='ocrx_word' id='word_1_130' title='bbox 817 2037 898 2079; x_wconf 90' lang='lat' dir='ltr'>eo</span> <span class='ocrx_word' id='word_1_131' title='bbox 952 2018 1260 2081; x_wconf 89' lang='lat' dir='ltr'>instituto</span> <span class='ocrx_word' id='word_1_132' title='bbox 1317 2038 1468 2081; x_wconf 88' lang='lat' dir='ltr'>cum</span> <span class='ocrx_word' id='word_1_133' title='bbox 1531 2038 1667 2099; x_wconf 92' lang='lat' dir='ltr'>quo</span> <span class='ocrx_word' id='word_1_134' title='bbox 1730 2016 1972 2081; x_wconf 89' lang='lat' dir='ltr'>Paulus</span> <span class='ocrx_word' id='word_1_135' title='bbox 2034 2019 2180 2082; x_wconf 92' lang='lat' dir='ltr'>uult</span> <span class='ocrx_word' id='word_1_136' title='bbox 2233 2037 2498 2080; x_wconf 88' lang='lat' dir='ltr'>summa</span> <span class='ocrx_word' id='word_1_137' title='bbox 2546 2037 2698 2080; x_wconf 90' lang='lat' dir='ltr'>cum</span> 
     </span>
     <span class='ocr_line' id='line_1_17' title="bbox 282 2118 2698 2202; baseline 0.002 -22"><span class='ocrx_word' id='word_1_138' title='bbox 282 2118 738 2181; x_wconf 86' lang='lat' dir='ltr'>obsecratione</span> <span class='ocrx_word' id='word_1_139' title='bbox 790 2139 907 2181; x_wconf 92' lang='lat' dir='ltr'>eos</span> <span class='ocrx_word' id='word_1_140' title='bbox 955 2121 1325 2182; x_wconf 88' lang='lat' dir='ltr'>conuenire.</span> <span class='ocrx_word' id='word_1_141' title='bbox 1418 2121 1534 2182; x_wconf 89' lang='lat' dir='ltr'>sed</span> <span class='ocrx_word' id='word_1_142' title='bbox 1596 2121 1875 2202; x_wconf 89' lang='lat' dir='ltr'>quidam</span> <span class='ocrx_word' id='word_1_143' title='bbox 1929 2121 2118 2201; x_wconf 81' lang='lat' dir='ltr'>quasi</span> <span class='ocrx_word' id='word_1_144' title='bbox 2164 2122 2419 2184; x_wconf 91' lang='lat' dir='ltr'>domini</span> <span class='ocrx_word' id='word_1_145' title='bbox 2467 2142 2698 2186; x_wconf 88' lang='lat' dir='ltr'>eorum</span> 
     </span>
     <span class='ocr_line' id='line_1_18' title="bbox 282 2221 2702 2306; baseline 0.002 -22"><span class='ocrx_word' id='word_1_146' title='bbox 282 2222 394 2303; x_wconf 90' lang='lat' dir='ltr'>qui</span> <span class='ocrx_word' id='word_1_147' title='bbox 450 2222 642 2285; x_wconf 91' lang='lat' dir='ltr'>nobis</span> <span class='ocrx_word' id='word_1_148' title='bbox 704 2221 834 2285; x_wconf 90' lang='lat' dir='ltr'>fide</span> <span class='ocrx_word' id='word_1_149' title='bbox 888 2224 1092 2287; x_wconf 90' lang='lat' dir='ltr'>iuncti</span> <span class='ocrx_word' id='word_1_150' title='bbox 1153 2234 1310 2288; x_wconf 92' lang='lat' dir='ltr'>sunt</span> <span class='ocrx_word' id='word_1_151' title='bbox 1368 2224 1462 2286; x_wconf 91' lang='lat' dir='ltr'>sic</span> <span class='ocrx_word' id='word_1_152' title='bbox 1523 2225 1902 2306; x_wconf 88' lang='lat' dir='ltr'>praecipere</span> <span class='ocrx_word' id='word_1_153' title='bbox 1957 2224 2084 2287; x_wconf 91' lang='lat' dir='ltr'>illis</span> <span class='ocrx_word' id='word_1_154' title='bbox 2146 2225 2405 2301; x_wconf 89' lang='lat' dir='ltr'>uolunt,</span> <span class='ocrx_word' id='word_1_155' title='bbox 2455 2225 2577 2287; x_wconf 90' lang='lat' dir='ltr'>etsi</span> <span class='ocrx_word' id='word_1_156' title='bbox 2632 2234 2702 2289; x_wconf 92' lang='lat' dir='ltr'>et</span> 
     </span>
     <span class='ocr_line' id='line_1_19' title="bbox 282 2325 2699 2409; baseline -0 -18"><span class='ocrx_word' id='word_1_157' title='bbox 282 2328 368 2391; x_wconf 90' lang='lat' dir='ltr'>de</span> <span class='ocrx_word' id='word_1_158' title='bbox 407 2327 534 2391; x_wconf 90' lang='lat' dir='ltr'>illis</span> <span class='ocrx_word' id='word_1_159' title='bbox 574 2326 933 2408; x_wconf 87' lang='lat' dir='ltr'>loquantur</span> <span class='ocrx_word' id='word_1_160' title='bbox 962 2328 1049 2390; x_wconf 89' lang='lat' dir='ltr'>de</span> <span class='ocrx_word' id='word_1_161' title='bbox 1077 2327 1318 2409; x_wconf 89' lang='lat' dir='ltr'>quibus</span> <span class='ocrx_word' id='word_1_162' title='bbox 1361 2325 1508 2389; x_wconf 87' lang='lat' dir='ltr'>illos</span> <span class='ocrx_word' id='word_1_163' title='bbox 1539 2327 1851 2390; x_wconf 89' lang='lat' dir='ltr'>dominos</span> <span class='ocrx_word' id='word_1_164' title='bbox 1881 2347 2025 2389; x_wconf 90' lang='lat' dir='ltr'>esse</span> <span class='ocrx_word' id='word_1_165' title='bbox 2058 2348 2159 2390; x_wconf 89' lang='lat' dir='ltr'>res</span> <span class='ocrx_word' id='word_1_166' title='bbox 2190 2328 2336 2409; x_wconf 91' lang='lat' dir='ltr'>ipsa</span> <span class='ocrx_word' id='word_1_167' title='bbox 2365 2328 2658 2391; x_wconf 87' lang='lat' dir='ltr'>ostendit</span> <span class='ocrx_word' id='word_1_168' title='bbox 2683 2350 2699 2407; x_wconf 91' lang='lat'>;</span> 
     </span>
    </p>
   </div>
   <div class='ocr_carea' id='block_1_3' title="bbox 279 2524 1395 2821">
    <p class='ocr_par' dir='ltr' id='par_1_4' title="bbox 279 2524 1395 2821">
     <span class='ocr_line' id='line_1_20' title="bbox 378 2524 1174 2592; baseline 0.003 -18"><span class='ocrx_word' id='word_1_169' title='bbox 378 2524 409 2574; x_wconf 92' lang='lat'><strong>6</strong></span> <span class='ocrx_word' id='word_1_170' title='bbox 442 2525 566 2576; x_wconf 88' lang='lat' dir='ltr'>haec</span> <span class='ocrx_word' id='word_1_171' title='bbox 591 2525 705 2592; x_wconf 78' lang='lat' dir='ltr'>(sor</span> <span class='ocrx_word' id='word_1_172' title='bbox 723 2527 873 2591; x_wconf 85' lang='lat' dir='ltr'>quae)</span> <span class='ocrx_word' id='word_1_173' title='bbox 902 2527 946 2576; x_wconf 94' lang='lat' dir='ltr'><em>C</em></span> <span class='ocrx_word' id='word_1_174' title='bbox 967 2528 1116 2589; x_wconf 73' lang='lat' dir='ltr'>(cm)</span> <span class='ocrx_word' id='word_1_175' title='bbox 1142 2543 1174 2576; x_wconf 89' lang='lat' dir='ltr'>r</span> 
     </span>
     <span class='ocr_line' id='line_1_21' title="bbox 280 2603 993 2670; baseline 0.004 -17"><span class='ocrx_word' id='word_1_176' title='bbox 280 2603 518 2654; x_wconf 83' lang='lat' dir='ltr'>sructores</span> <span class='ocrx_word' id='word_1_177' title='bbox 539 2607 605 2655; x_wconf 83' lang='lat' dir='ltr'><em>H</em></span> <span class='ocrx_word' id='word_1_178' title='bbox 624 2606 632 2670; x_wconf 85' lang='grc' dir='ltr'>Ι</span> <span class='ocrx_word' id='word_1_179' title='bbox 663 2607 903 2656; x_wconf 79' lang='lat' dir='ltr'>utilitates</span> <span class='ocrx_word' id='word_1_180' title='bbox 924 2608 993 2656; x_wconf 79' lang='lat' dir='ltr'><em>H</em></span> 
     </span>
     <span class='ocr_line' id='line_1_22' title="bbox 279 2688 1395 2755; baseline 0.002 -17"><span class='ocrx_word' id='word_1_181' title='bbox 279 2690 314 2739; x_wconf 84' lang='grc' dir='ltr'>Ι.</span> <span class='ocrx_word' id='word_1_182' title='bbox 351 2691 428 2751; x_wconf 89' lang='grc'><strong>18)</strong></span> <span class='ocrx_word' id='word_1_183' title='bbox 450 2706 528 2739; x_wconf 81' lang='lat' dir='ltr'>om</span> <span class='ocrx_word' id='word_1_184' title='bbox 552 2707 585 2738; x_wconf 87' lang='lat' dir='ltr'>r</span> <span class='ocrx_word' id='word_1_185' title='bbox 607 2688 616 2753; x_wconf 77' lang='grc' dir='ltr'>Ι</span> <span class='ocrx_word' id='word_1_186' title='bbox 645 2689 851 2755; x_wconf 84' lang='lat' dir='ltr'>quidem</span> <span class='ocrx_word' id='word_1_187' title='bbox 875 2690 991 2754; x_wconf 82' lang='lat' dir='ltr'>(sor</span> <span class='ocrx_word' id='word_1_188' title='bbox 1010 2690 1236 2755; x_wconf 86' lang='lat' dir='ltr'>quidam)</span> <span class='ocrx_word' id='word_1_189' title='bbox 1265 2691 1395 2741; x_wconf 84' lang='lat' dir='ltr'>CH</span> 
     </span>
     <span class='ocr_line' id='line_1_23' title="bbox 281 2771 622 2821; baseline 0 -1"><span class='ocrx_word' id='word_1_190' title='bbox 281 2772 373 2820; x_wconf 84' lang='lat' dir='ltr'>etsi</span> <span class='ocrx_word' id='word_1_191' title='bbox 397 2771 496 2821; x_wconf 85' lang='lat' dir='ltr'>illis</span> <span class='ocrx_word' id='word_1_192' title='bbox 518 2772 584 2820; x_wconf 84' lang='lat' dir='ltr'><em>H</em></span> <span class='ocrx_word' id='word_1_193' title='bbox 594 2771 622 2797; x_wconf 77' lang='lat'>¹*</span> 
     </span>
    </p>
   </div>
   <div class='ocr_carea' id='block_1_4' title="bbox 270 2933 1437 4541">
    <p class='ocr_par' dir='ltr' id='par_1_5' title="bbox 270 2933 1437 4541">
     <span class='ocr_line' id='line_1_24' title="bbox 346 2933 1434 2998; baseline 0.001 -14"><span class='ocrx_word' id='word_1_194' title='bbox 346 2933 397 2984; x_wconf 91' lang='lat'>6.</span> <span class='ocrx_word' id='word_1_195' title='bbox 452 2950 578 2998; x_wconf 84' lang='lat' dir='ltr'>quae</span> <span class='ocrx_word' id='word_1_196' title='bbox 605 2940 675 2982; x_wconf 82' lang='lat' dir='ltr'>est</span> <span class='ocrx_word' id='word_1_197' title='bbox 704 2950 816 2998; x_wconf 80' lang='lat' dir='ltr'>ergo</span> <span class='ocrx_word' id='word_1_198' title='bbox 855 2935 1065 2995; x_wconf 82' lang='lat' dir='ltr'>utilitas,</span> <span class='ocrx_word' id='word_1_199' title='bbox 1100 2934 1216 2997; x_wconf 61' lang='grc' dir='ltr'>ἃς]</span> <span class='ocrx_word' id='word_1_200' title='bbox 1282 2935 1434 2985; x_wconf 87' lang='lat' dir='ltr'>From</span> 
     </span>
     <span class='ocr_line' id='line_1_25' title="bbox 278 3018 1435 3083; baseline 0.002 -17"><span class='ocrx_word' id='word_1_201' title='bbox 278 3025 661 3081; x_wconf 83' lang='lat' dir='ltr'>contemporary</span> <span class='ocrx_word' id='word_1_202' title='bbox 700 3018 1079 3067; x_wconf 50' lang='lat' dir='ltr'>commentari&amp;</span> <span class='ocrx_word' id='word_1_203' title='bbox 1131 3019 1171 3068; x_wconf 90' lang='lat' dir='ltr'>it</span> <span class='ocrx_word' id='word_1_204' title='bbox 1225 3035 1435 3083; x_wconf 86' lang='lat' dir='ltr'>appears</span> 
     </span>
     <span class='ocr_line' id='line_1_26' title="bbox 279 3099 1436 3164; baseline 0.003 -16"><span class='ocrx_word' id='word_1_205' title='bbox 279 3100 389 3150; x_wconf 81' lang='lat' dir='ltr'>that</span> <span class='ocrx_word' id='word_1_206' title='bbox 420 3100 506 3149; x_wconf 87' lang='lat' dir='ltr'>the</span> <span class='ocrx_word' id='word_1_207' title='bbox 538 3099 887 3164; x_wconf 79' lang='lat' dir='ltr'>genuineneSS,</span> <span class='ocrx_word' id='word_1_208' title='bbox 918 3117 975 3149; x_wconf 87' lang='lat' dir='ltr'>or</span> <span class='ocrx_word' id='word_1_209' title='bbox 1008 3107 1058 3149; x_wconf 88' lang='lat' dir='ltr'>at</span> <span class='ocrx_word' id='word_1_210' title='bbox 1090 3116 1188 3163; x_wconf 85' lang='lat' dir='ltr'>any</span> <span class='ocrx_word' id='word_1_211' title='bbox 1210 3110 1317 3151; x_wconf 89' lang='lat' dir='ltr'>rate</span> <span class='ocrx_word' id='word_1_212' title='bbox 1351 3102 1436 3151; x_wconf 89' lang='lat' dir='ltr'>the</span> 
     </span>
     <span class='ocr_line' id='line_1_27' title="bbox 278 3180 1437 3246; baseline 0.002 -17"><span class='ocrx_word' id='word_1_213' title='bbox 278 3180 590 3245; x_wconf 82' lang='lat' dir='ltr'>inspiration,</span> <span class='ocrx_word' id='word_1_214' title='bbox 618 3180 677 3229; x_wconf 84' lang='lat' dir='ltr'>os</span> <span class='ocrx_word' id='word_1_215' title='bbox 697 3180 795 3229; x_wconf 87' lang='lat' dir='ltr'>this</span> <span class='ocrx_word' id='word_1_216' title='bbox 820 3180 1015 3246; x_wconf 78' lang='lat' dir='ltr'>Epistle</span> <span class='ocrx_word' id='word_1_217' title='bbox 1038 3197 1141 3231; x_wconf 84' lang='lat' dir='ltr'>was</span> <span class='ocrx_word' id='word_1_218' title='bbox 1163 3183 1215 3231; x_wconf 90' lang='lat' dir='ltr'>in</span> <span class='ocrx_word' id='word_1_219' title='bbox 1239 3183 1324 3231; x_wconf 89' lang='lat' dir='ltr'>the</span> <span class='ocrx_word' id='word_1_220' title='bbox 1347 3182 1437 3245; x_wconf 81' lang='lat' dir='ltr'>4th</span> 
     </span>
     <span class='ocr_line' id='line_1_28' title="bbox 276 3261 1436 3326; baseline 0.001 -16"><span class='ocrx_word' id='word_1_221' title='bbox 276 3270 482 3325; x_wconf 85' lang='lat' dir='ltr'>century</span> <span class='ocrx_word' id='word_1_222' title='bbox 548 3262 833 3326; x_wconf 81' lang='lat' dir='ltr'>vigorously</span> <span class='ocrx_word' id='word_1_223' title='bbox 896 3261 1146 3321; x_wconf 79' lang='lat' dir='ltr'>attacked,</span> <span class='ocrx_word' id='word_1_224' title='bbox 1212 3278 1279 3311; x_wconf 89' lang='lat' dir='ltr'>on</span> <span class='ocrx_word' id='word_1_225' title='bbox 1349 3262 1436 3312; x_wconf 81' lang='lat' dir='ltr'>the</span> 
     </span>
     <span class='ocr_line' id='line_1_29' title="bbox 276 3344 1429 3408; baseline 0.002 -16"><span class='ocrx_word' id='word_1_226' title='bbox 276 3345 471 3407; x_wconf 83' lang='lat' dir='ltr'>ground</span> <span class='ocrx_word' id='word_1_227' title='bbox 495 3344 600 3393; x_wconf 84' lang='lat' dir='ltr'>that</span> <span class='ocrx_word' id='word_1_228' title='bbox 624 3344 708 3394; x_wconf 89' lang='lat' dir='ltr'>the</span> <span class='ocrx_word' id='word_1_229' title='bbox 731 3344 1127 3408; x_wconf 85' lang='lat' dir='ltr'>subject-matter</span> <span class='ocrx_word' id='word_1_230' title='bbox 1143 3361 1245 3394; x_wconf 84' lang='lat' dir='ltr'>was</span> <span class='ocrx_word' id='word_1_231' title='bbox 1268 3345 1429 3394; x_wconf 77' lang='lat' dir='ltr'>trivia!</span> 
     </span>
     <span class='ocr_line' id='line_1_30' title="bbox 275 3426 1431 3492; baseline 0.001 -17"><span class='ocrx_word' id='word_1_232' title='bbox 275 3427 372 3475; x_wconf 85' lang='lat' dir='ltr'>and</span> <span class='ocrx_word' id='word_1_233' title='bbox 392 3427 656 3491; x_wconf 84' lang='lat' dir='ltr'>unworthy</span> <span class='ocrx_word' id='word_1_234' title='bbox 670 3426 728 3476; x_wconf 84' lang='lat' dir='ltr'>os</span> <span class='ocrx_word' id='word_1_235' title='bbox 743 3442 806 3476; x_wconf 84' lang='lat' dir='ltr'>an</span> <span class='ocrx_word' id='word_1_236' title='bbox 832 3427 1051 3492; x_wconf 82' lang='lat' dir='ltr'>inspired</span> <span class='ocrx_word' id='word_1_237' title='bbox 1072 3427 1228 3476; x_wconf 89' lang='lat' dir='ltr'>book.</span> <span class='ocrx_word' id='word_1_238' title='bbox 1265 3428 1431 3477; x_wconf 86' lang='lat' dir='ltr'>“This</span> 
     </span>
     <span class='ocr_line' id='line_1_31' title="bbox 276 3508 1431 3573; baseline 0.003 -17"><span class='ocrx_word' id='word_1_239' title='bbox 276 3509 420 3557; x_wconf 89' lang='lat' dir='ltr'>letter</span> <span class='ocrx_word' id='word_1_240' title='bbox 433 3510 607 3571; x_wconf 87' lang='lat' dir='ltr'>taught</span> <span class='ocrx_word' id='word_1_241' title='bbox 630 3509 767 3558; x_wconf 88' lang='lat' dir='ltr'>them</span> <span class='ocrx_word' id='word_1_242' title='bbox 788 3508 999 3573; x_wconf 84' lang='lat' dir='ltr'>nothing</span> <span class='ocrx_word' id='word_1_243' title='bbox 1012 3509 1163 3558; x_wconf 82' lang='lat' dir='ltr'>about</span> <span class='ocrx_word' id='word_1_244' title='bbox 1178 3511 1431 3573; x_wconf 85' lang='lat' dir='ltr'>questions</span> 
     </span>
     <span class='ocr_line' id='line_1_32' title="bbox 274 3587 1431 3654; baseline 0.002 -17"><span class='ocrx_word' id='word_1_245' title='bbox 274 3587 333 3637; x_wconf 85' lang='lat' dir='ltr'>of</span> <span class='ocrx_word' id='word_1_246' title='bbox 355 3589 656 3653; x_wconf 86' lang='lat' dir='ltr'>theological</span> <span class='ocrx_word' id='word_1_247' title='bbox 676 3590 896 3649; x_wconf 84' lang='lat' dir='ltr'>interest,</span> <span class='ocrx_word' id='word_1_248' title='bbox 918 3590 1128 3654; x_wconf 83' lang='lat' dir='ltr'>nothing</span> <span class='ocrx_word' id='word_1_249' title='bbox 1139 3591 1293 3639; x_wconf 89' lang='lat' dir='ltr'>about</span> <span class='ocrx_word' id='word_1_250' title='bbox 1308 3598 1431 3639; x_wconf 89' lang='lat' dir='ltr'>mat·</span> 
     </span>
     <span class='ocr_line' id='line_1_33' title="bbox 273 3670 1429 3736; baseline 0.003 -17"><span class='ocrx_word' id='word_1_251' title='bbox 273 3677 372 3720; x_wconf 88' lang='lat' dir='ltr'>ters</span> <span class='ocrx_word' id='word_1_252' title='bbox 386 3670 445 3719; x_wconf 84' lang='lat' dir='ltr'>os</span> <span class='ocrx_word' id='word_1_253' title='bbox 459 3671 813 3721; x_wconf 84' lang='lat' dir='ltr'>ecclesiastical</span> <span class='ocrx_word' id='word_1_254' title='bbox 828 3671 1115 3736; x_wconf 79' lang='lat' dir='ltr'>discipline3</span> <span class='ocrx_word' id='word_1_255' title='bbox 1150 3672 1250 3721; x_wconf 85' lang='lat' dir='ltr'>and</span> <span class='ocrx_word' id='word_1_256' title='bbox 1271 3672 1429 3722; x_wconf 90' lang='lat' dir='ltr'>there·</span> 
     </span>
     <span class='ocr_line' id='line_1_34' title="bbox 273 3751 1427 3818; baseline 0.002 -18"><span class='ocrx_word' id='word_1_257' title='bbox 273 3751 378 3801; x_wconf 83' lang='lat' dir='ltr'>fore</span> <span class='ocrx_word' id='word_1_258' title='bbox 400 3753 518 3816; x_wconf 82' lang='lat' dir='ltr'>they</span> <span class='ocrx_word' id='word_1_259' title='bbox 541 3754 705 3802; x_wconf 87' lang='lat' dir='ltr'>would</span> <span class='ocrx_word' id='word_1_260' title='bbox 730 3753 857 3802; x_wconf 88' lang='lat' dir='ltr'>have</span> <span class='ocrx_word' id='word_1_261' title='bbox 880 3769 1012 3803; x_wconf 89' lang='lat' dir='ltr'>none</span> <span class='ocrx_word' id='word_1_262' title='bbox 1034 3753 1093 3803; x_wconf 83' lang='lat' dir='ltr'>os</span> <span class='ocrx_word' id='word_1_263' title='bbox 1115 3752 1198 3803; x_wconf 90' lang='lat' dir='ltr'>it”</span> <span class='ocrx_word' id='word_1_264' title='bbox 1231 3753 1427 3818; x_wconf 80' lang='lat' dir='ltr'>(Light-</span> 
     </span>
     <span class='ocr_line' id='line_1_35' title="bbox 274 3832 1425 3899; baseline 0.003 -19"><span class='ocrx_word' id='word_1_265' title='bbox 274 3832 395 3892; x_wconf 82' lang='lat' dir='ltr'>soot,</span> <span class='ocrx_word' id='word_1_266' title='bbox 434 3849 484 3897; x_wconf 90' lang='lat' dir='ltr'>p.</span> <span class='ocrx_word' id='word_1_267' title='bbox 529 3836 663 3897; x_wconf 82' lang='lat'><strong>38²)·</strong></span> <span class='ocrx_word' id='word_1_268' title='bbox 730 3834 810 3883; x_wconf 82' lang='lat' dir='ltr'>Cf.</span> <span class='ocrx_word' id='word_1_269' title='bbox 850 3835 1029 3885; x_wconf 67' lang='lat' dir='ltr'>Ilien:</span> <span class='ocrx_word' id='word_1_270' title='bbox 1079 3834 1215 3899; x_wconf 88' lang='lat' dir='ltr'>“qui</span> <span class='ocrx_word' id='word_1_271' title='bbox 1250 3836 1425 3884; x_wconf 88' lang='lat' dir='ltr'>nolunt</span> 
     </span>
     <span class='ocr_line' id='line_1_36' title="bbox 272 3914 1427 3980; baseline 0.002 -17"><span class='ocrx_word' id='word_1_272' title='bbox 272 3914 402 3963; x_wconf 83' lang='lat' dir='ltr'>inter</span> <span class='ocrx_word' id='word_1_273' title='bbox 439 3915 675 3979; x_wconf 78' lang='lat' dir='ltr'>epistolas</span> <span class='ocrx_word' id='word_1_274' title='bbox 710 3915 852 3965; x_wconf 80' lang='lat' dir='ltr'>Pauli</span> <span class='ocrx_word' id='word_1_275' title='bbox 888 3932 999 3965; x_wconf 81' lang='lat' dir='ltr'>eam</span> <span class='ocrx_word' id='word_1_276' title='bbox 1044 3917 1264 3980; x_wconf 84' lang='lat' dir='ltr'>recipere</span> <span class='ocrx_word' id='word_1_277' title='bbox 1297 3932 1427 3980; x_wconf 80' lang='lat' dir='ltr'>quae</span> 
     </span>
     <span class='ocr_line' id='line_1_37' title="bbox 273 3996 1424 4058; baseline 0.003 -14"><span class='ocrx_word' id='word_1_278' title='bbox 273 3996 337 4045; x_wconf 86' lang='lat' dir='ltr'>ad</span> <span class='ocrx_word' id='word_1_279' title='bbox 404 3996 748 4046; x_wconf 87' lang='lat' dir='ltr'>Philemonem</span> <span class='ocrx_word' id='word_1_280' title='bbox 808 3999 1055 4058; x_wconf 84' lang='lat' dir='ltr'>scribitur,</span> <span class='ocrx_word' id='word_1_281' title='bbox 1121 3998 1259 4048; x_wconf 82' lang='lat' dir='ltr'>aiunt</span> <span class='ocrx_word' id='word_1_282' title='bbox 1320 4014 1424 4047; x_wconf 92' lang='lat' dir='ltr'>non</span> 
     </span>
     <span class='ocr_line' id='line_1_38' title="bbox 271 4068 1424 4139; baseline 0.002 -14"><span class='ocrx_word' id='word_1_283' title='bbox 271 4068 468 4139; x_wconf 79' lang='lat' dir='ltr'>semper</span> <span class='ocrx_word' id='word_1_284' title='bbox 499 4076 779 4139; x_wconf 80' lang='lat' dir='ltr'>apostolum</span> <span class='ocrx_word' id='word_1_285' title='bbox 811 4093 903 4127; x_wconf 89' lang='lat' dir='ltr'>nec</span> <span class='ocrx_word' id='word_1_286' title='bbox 932 4078 1103 4127; x_wconf 83' lang='lat' dir='ltr'>omnia</span> <span class='ocrx_word' id='word_1_287' title='bbox 1137 4078 1339 4128; x_wconf 85' lang='lat' dir='ltr'>Christo</span> <span class='ocrx_word' id='word_1_288' title='bbox 1374 4078 1424 4127; x_wconf 89' lang='lat' dir='ltr'>in</span> 
     </span>
     <span class='ocr_line' id='line_1_39' title="bbox 271 4158 1423 4224; baseline 0.001 -17"><span class='ocrx_word' id='word_1_289' title='bbox 271 4174 325 4207; x_wconf 85' lang='lat' dir='ltr'>se</span> <span class='ocrx_word' id='word_1_290' title='bbox 347 4159 583 4222; x_wconf 83' lang='lat' dir='ltr'>loquente</span> <span class='ocrx_word' id='word_1_291' title='bbox 605 4158 1027 4208; x_wconf 83' lang='lat' dir='ltr'>dixisse...uolunt</span> <span class='ocrx_word' id='word_1_292' title='bbox 1050 4167 1134 4208; x_wconf 88' lang='lat' dir='ltr'>aut</span> <span class='ocrx_word' id='word_1_293' title='bbox 1161 4158 1423 4224; x_wconf 83' lang='lat' dir='ltr'>epistolam</span> 
     </span>
     <span class='ocr_line' id='line_1_40' title="bbox 274 4239 1420 4304; baseline 0.004 -17"><span class='ocrx_word' id='word_1_294' title='bbox 274 4256 371 4288; x_wconf 87' lang='lat' dir='ltr'>non</span> <span class='ocrx_word' id='word_1_295' title='bbox 410 4256 517 4289; x_wconf 83' lang='lat' dir='ltr'>esse</span> <span class='ocrx_word' id='word_1_296' title='bbox 548 4239 843 4290; x_wconf 83' lang='lat' dir='ltr'>Pauli...aut</span> <span class='ocrx_word' id='word_1_297' title='bbox 881 4241 1048 4300; x_wconf 88' lang='lat' dir='ltr'>etiam,</span> <span class='ocrx_word' id='word_1_298' title='bbox 1086 4242 1127 4290; x_wconf 84' lang='lat' dir='ltr'>si</span> <span class='ocrx_word' id='word_1_299' title='bbox 1167 4243 1304 4291; x_wconf 85' lang='lat' dir='ltr'>Pauli</span> <span class='ocrx_word' id='word_1_300' title='bbox 1340 4244 1420 4304; x_wconf 88' lang='lat' dir='ltr'>sit,</span> 
     </span>
     <span class='ocr_line' id='line_1_41' title="bbox 271 4318 1421 4386; baseline 0.004 -20"><span class='ocrx_word' id='word_1_301' title='bbox 271 4318 394 4366; x_wconf 85' lang='lat' dir='ltr'>nihil</span> <span class='ocrx_word' id='word_1_302' title='bbox 429 4320 611 4368; x_wconf 83' lang='lat' dir='ltr'>habere</span> <span class='ocrx_word' id='word_1_303' title='bbox 646 4319 781 4384; x_wconf 90' lang='lat' dir='ltr'>quod</span> <span class='ocrx_word' id='word_1_304' title='bbox 819 4319 1082 4369; x_wconf 84' lang='lat' dir='ltr'>aedificare</span> <span class='ocrx_word' id='word_1_305' title='bbox 1121 4337 1212 4371; x_wconf 90' lang='lat' dir='ltr'>nos</span> <span class='ocrx_word' id='word_1_306' title='bbox 1250 4323 1421 4386; x_wconf 87' lang='lat' dir='ltr'>possit,</span> 
     </span>
     <span class='ocr_line' id='line_1_42' title="bbox 270 4401 1425 4465; baseline 0.003 -17"><span class='ocrx_word' id='word_1_307' title='bbox 270 4410 319 4449; x_wconf 91' lang='lat' dir='ltr'>et</span> <span class='ocrx_word' id='word_1_308' title='bbox 342 4416 373 4448; x_wconf 85' lang='lat' dir='ltr'>a</span> <span class='ocrx_word' id='word_1_309' title='bbox 395 4401 643 4465; x_wconf 87' lang='lat' dir='ltr'>plerisque</span> <span class='ocrx_word' id='word_1_310' title='bbox 669 4401 918 4450; x_wconf 88' lang='lat' dir='ltr'>ueteribus</span> <span class='ocrx_word' id='word_1_311' title='bbox 952 4402 1278 4465; x_wconf 85' lang='lat' dir='ltr'>repudiatam,</span> <span class='ocrx_word' id='word_1_312' title='bbox 1305 4402 1425 4452; x_wconf 89' lang='lat' dir='ltr'>dum</span> 
     </span>
     <span class='ocr_line' id='line_1_43' title="bbox 271 4480 1418 4541; baseline -0.002 -10"><span class='ocrx_word' id='word_1_313' title='bbox 271 4480 656 4531; x_wconf 84' lang='lat' dir='ltr'>commendandi</span> <span class='ocrx_word' id='word_1_314' title='bbox 703 4487 897 4530; x_wconf 79' lang='lat' dir='ltr'>tantum</span> <span class='ocrx_word' id='word_1_315' title='bbox 940 4481 1183 4531; x_wconf 72' lang='lat' dir='ltr'>scribatur</span> <span class='ocrx_word' id='word_1_316' title='bbox 1240 4481 1418 4541; x_wconf 82' lang='lat' dir='ltr'>officie,</span> 
     </span>
    </p>
   </div>
   <div class='ocr_carea' id='block_1_5' title="bbox 1194 2608 1566 2671">
    <p class='ocr_par' dir='ltr' id='par_1_6' title="bbox 1194 2608 1566 2671">
     <span class='ocr_line' id='line_1_44' title="bbox 1194 2608 1566 2671; baseline -0.003 -14"><span class='ocrx_word' id='word_1_317' title='bbox 1194 2623 1250 2671; x_wconf 80' lang='lat'>14</span> <span class='ocrx_word' id='word_1_318' title='bbox 1285 2608 1511 2658; x_wconf 81' lang='lat' dir='ltr'>nolemus</span> <span class='ocrx_word' id='word_1_319' title='bbox 1534 2625 1566 2656; x_wconf 82' lang='lat' dir='ltr'>r</span> 
     </span>
    </p>
   </div>
   <div class='ocr_carea' id='block_1_6' title="bbox 1566 2527 2702 2753">
    <p class='ocr_par' dir='ltr' id='par_1_7' title="bbox 1566 2527 2702 2753">
     <span class='ocr_line' id='line_1_45' title="bbox 1566 2527 2702 2595; baseline 0.001 -16"><span class='ocrx_word' id='word_1_320' title='bbox 1566 2544 1625 2593; x_wconf 84' lang='lat'>13</span> <span class='ocrx_word' id='word_1_321' title='bbox 1659 2528 1912 2579; x_wconf 88' lang='lat' dir='ltr'>strictores</span> <span class='ocrx_word' id='word_1_322' title='bbox 1939 2527 2018 2579; x_wconf 72' lang='lat' dir='ltr'>C*</span> <span class='ocrx_word' id='word_1_323' title='bbox 2085 2528 2408 2579; x_wconf 81' lang='lat' dir='ltr'>instructores</span> <span class='ocrx_word' id='word_1_324' title='bbox 2435 2530 2480 2579; x_wconf 93' lang='lat' dir='ltr'><em>C</em></span> <span class='ocrx_word' id='word_1_325' title='bbox 2501 2527 2646 2595; x_wconf 80' lang='lat' dir='ltr'>(corr)</span> <span class='ocrx_word' id='word_1_326' title='bbox 2670 2547 2702 2580; x_wconf 87' lang='lat' dir='ltr'>r</span> 
     </span>
     <span class='ocr_line' id='line_1_46' title="bbox 1781 2607 2692 2675; baseline 0.002 -18"><span class='ocrx_word' id='word_1_327' title='bbox 1781 2607 1835 2659; x_wconf 90' lang='grc'><strong>16</strong></span> <span class='ocrx_word' id='word_1_328' title='bbox 1871 2609 1957 2658; x_wconf 92' lang='lat' dir='ltr'>sed</span> <span class='ocrx_word' id='word_1_329' title='bbox 1982 2608 2447 2674; x_wconf 84' lang='lat' dir='ltr'>quidam...peragit</span> <span class='ocrx_word' id='word_1_330' title='bbox 2474 2611 2554 2675; x_wconf 85' lang='lat' dir='ltr'>(p.</span> <span class='ocrx_word' id='word_1_331' title='bbox 2583 2610 2692 2669; x_wconf 80' lang='lat'>262,</span> 
     </span>
     <span class='ocr_line' id='line_1_47' title="bbox 1632 2690 2700 2753; baseline 0.001 -13"><span class='ocrx_word' id='word_1_332' title='bbox 1632 2701 1689 2753; x_wconf 86' lang='grc'><strong>17</strong></span> <span class='ocrx_word' id='word_1_333' title='bbox 1724 2698 1779 2740; x_wconf 82' lang='lat' dir='ltr'>ut</span> <span class='ocrx_word' id='word_1_334' title='bbox 1812 2690 1906 2741; x_wconf 72' lang='lat' dir='ltr'>etsi</span> <span class='ocrx_word' id='word_1_335' title='bbox 1939 2699 1989 2740; x_wconf 86' lang='lat' dir='ltr'>et</span> <span class='ocrx_word' id='word_1_336' title='bbox 2023 2691 2126 2740; x_wconf 88' lang='lat' dir='ltr'>illis</span> <span class='ocrx_word' id='word_1_337' title='bbox 2153 2692 2198 2740; x_wconf 89' lang='lat' dir='ltr'><em>C</em></span> <span class='ocrx_word' id='word_1_338' title='bbox 2214 2693 2281 2741; x_wconf 85' lang='lat' dir='ltr'><em>H</em></span> <span class='ocrx_word' id='word_1_339' title='bbox 2297 2692 2445 2753; x_wconf 82' lang='lat' dir='ltr'>(corr)</span> <span class='ocrx_word' id='word_1_340' title='bbox 2527 2700 2582 2741; x_wconf 89' lang='lat' dir='ltr'>ut</span> <span class='ocrx_word' id='word_1_341' title='bbox 2605 2692 2700 2741; x_wconf 88' lang='lat' dir='ltr'>etsi</span> 
     </span>
    </p>
   </div>
   <div class='ocr_carea' id='block_1_7' title="bbox 1525 2935 2698 4547">
    <p class='ocr_par' dir='ltr' id='par_1_8' title="bbox 1527 2935 2698 3890">
     <span class='ocr_line' id='line_1_48' title="bbox 1531 2935 2694 2999; baseline 0 -14"><span class='ocrx_word' id='word_1_342' title='bbox 1531 2952 1636 2985; x_wconf 85' lang='lat' dir='ltr'>non</span> <span class='ocrx_word' id='word_1_343' title='bbox 1669 2935 1937 2986; x_wconf 84' lang='lat' dir='ltr'>docendi.&#39;’</span> <span class='ocrx_word' id='word_1_344' title='bbox 2004 2937 2219 2999; x_wconf 83' lang='lat' dir='ltr'>Chrys.:</span> <span class='ocrx_word' id='word_1_345' title='bbox 2263 2937 2386 2986; x_wconf 66' lang='grc' dir='ltr'>τινές</span> <span class='ocrx_word' id='word_1_346' title='bbox 2419 2943 2571 2997; x_wconf 73' lang='grc' dir='ltr'>φασιν</span> <span class='ocrx_word' id='word_1_347' title='bbox 2607 2953 2694 2985; x_wconf 71' lang='grc' dir='ltr'>πε-</span> 
     </span>
     <span class='ocr_line' id='line_1_49' title="bbox 1533 3014 2694 3080; baseline 0 -14"><span class='ocrx_word' id='word_1_348' title='bbox 1533 3016 1697 3080; x_wconf 67' lang='grc' dir='ltr'>ριττὸν</span> <span class='ocrx_word' id='word_1_349' title='bbox 1738 3017 1859 3065; x_wconf 74' lang='grc' dir='ltr'>εἶναι</span> <span class='ocrx_word' id='word_1_350' title='bbox 1904 3018 1960 3065; x_wconf 86' lang='grc' dir='ltr'>τὸ</span> <span class='ocrx_word' id='word_1_351' title='bbox 2018 3021 2097 3066; x_wconf 75' lang='grc' dir='ltr'>καὶ</span> <span class='ocrx_word' id='word_1_352' title='bbox 2152 3014 2335 3076; x_wconf 73' lang='grc' dir='ltr'>ταύτην</span> <span class='ocrx_word' id='word_1_353' title='bbox 2376 3018 2694 3079; x_wconf 78' lang='grc' dir='ltr'>προσκεῖσθαι</span> 
     </span>
     <span class='ocr_line' id='line_1_50' title="bbox 1534 3098 2698 3162; baseline 0.001 -16"><span class='ocrx_word' id='word_1_354' title='bbox 1534 3098 1625 3158; x_wconf 73' lang='grc' dir='ltr'>τὴν</span> <span class='ocrx_word' id='word_1_355' title='bbox 1648 3099 1928 3157; x_wconf 65' lang='grc' dir='ltr'>ἐπιστολήν,</span> <span class='ocrx_word' id='word_1_356' title='bbox 1953 3101 2054 3159; x_wconf 63' lang='lat' dir='ltr'>elye</span> <span class='ocrx_word' id='word_1_357' title='bbox 2080 3099 2199 3161; x_wconf 73' lang='grc' dir='ltr'>ὑπὲρ</span> <span class='ocrx_word' id='word_1_358' title='bbox 2220 3099 2503 3161; x_wconf 76' lang='grc' dir='ltr'>πράγματος</span> <span class='ocrx_word' id='word_1_359' title='bbox 2527 3102 2698 3162; x_wconf 79' lang='grc' dir='ltr'>μικροῦ</span> 
     </span>
     <span class='ocr_line' id='line_1_51' title="bbox 1535 3177 2688 3244; baseline 0.004 -17"><span class='ocrx_word' id='word_1_360' title='bbox 1535 3177 1755 3239; x_wconf 75' lang='grc' dir='ltr'>ἠξίωσεν,</span> <span class='ocrx_word' id='word_1_361' title='bbox 1782 3179 1905 3243; x_wconf 71' lang='grc' dir='ltr'><strong><em>ὑπὲρ</em></strong></span> <span class='ocrx_word' id='word_1_362' title='bbox 1926 3181 2028 3231; x_wconf 71' lang='grc' dir='ltr'>ἑνὸς</span> <span class='ocrx_word' id='word_1_363' title='bbox 2060 3177 2225 3243; x_wconf 71' lang='grc' dir='ltr'><strong><em>ἀνδρός</em></strong></span> <span class='ocrx_word' id='word_1_364' title='bbox 2256 3181 2517 3244; x_wconf 78' lang='lat' dir='ltr'>(similarly</span> <span class='ocrx_word' id='word_1_365' title='bbox 2540 3182 2688 3241; x_wconf 89' lang='lat' dir='ltr'>Oec.,</span> 
     </span>
     <span class='ocr_line' id='line_1_52' title="bbox 1535 3259 2686 3325; baseline 0 -15"><span class='ocrx_word' id='word_1_366' title='bbox 1535 3261 1761 3325; x_wconf 58' lang='lat' dir='ltr'>Thphnz</span> <span class='ocrx_word' id='word_1_367' title='bbox 1795 3263 1947 3322; x_wconf 69' lang='grc' dir='ltr'>φασὶν</span> <span class='ocrx_word' id='word_1_368' title='bbox 1978 3263 2031 3311; x_wconf 80' lang='grc' dir='ltr'>δέ</span> <span class='ocrx_word' id='word_1_369' title='bbox 2053 3278 2174 3311; x_wconf 68' lang='grc' dir='ltr'>τινες</span> <span class='ocrx_word' id='word_1_370' title='bbox 2202 3259 2272 3321; x_wconf 79' lang='grc' dir='ltr'>μὴ</span> <span class='ocrx_word' id='word_1_371' title='bbox 2295 3259 2478 3324; x_wconf 76' lang='grc' dir='ltr'>,χρῆναι</span> <span class='ocrx_word' id='word_1_372' title='bbox 2504 3264 2686 3321; x_wconf 73' lang='grc' dir='ltr'>ταύτην</span> 
     </span>
     <span class='ocr_line' id='line_1_53' title="bbox 1530 3338 2694 3403; baseline 0.002 -15"><span class='ocrx_word' id='word_1_373' title='bbox 1530 3342 1928 3401; x_wconf 78' lang='grc' dir='ltr'>συναριθμεῖσθαι</span> <span class='ocrx_word' id='word_1_374' title='bbox 1986 3342 2092 3390; x_wconf 82' lang='grc' dir='ltr'>ταῖς</span> <span class='ocrx_word' id='word_1_375' title='bbox 2157 3342 2363 3400; x_wconf 77' lang='grc' dir='ltr'>λοιπαῖς,</span> <span class='ocrx_word' id='word_1_376' title='bbox 2420 3338 2505 3389; x_wconf 75' lang='grc' dir='ltr'>ὅτε</span> <span class='ocrx_word' id='word_1_377' title='bbox 2573 3342 2694 3403; x_wconf 70' lang='grc' dir='ltr'>ὑπὲρ</span> 
     </span>
     <span class='ocr_line' id='line_1_54' title="bbox 1531 3417 2693 3484; baseline 0.002 -15"><span class='ocrx_word' id='word_1_378' title='bbox 1531 3422 1751 3470; x_wconf 73' lang='grc' dir='ltr'>εὐτελοῦς</span> <span class='ocrx_word' id='word_1_379' title='bbox 1773 3417 1921 3469; x_wconf 77' lang='grc' dir='ltr'>οὖσαν</span> <span class='ocrx_word' id='word_1_380' title='bbox 1946 3421 2268 3483; x_wconf 77' lang='grc' dir='ltr'>πράγματος).</span> <span class='ocrx_word' id='word_1_381' title='bbox 2304 3421 2520 3484; x_wconf 88' lang='lat' dir='ltr'>Cyrinus</span> <span class='ocrx_word' id='word_1_382' title='bbox 2532 3437 2693 3471; x_wconf 86' lang='lat' dir='ltr'>seems</span> 
     </span>
     <span class='ocr_line' id='line_1_55' title="bbox 1534 3500 2689 3565; baseline 0.001 -16"><span class='ocrx_word' id='word_1_383' title='bbox 1534 3508 1587 3549; x_wconf 93' lang='lat' dir='ltr'>to</span> <span class='ocrx_word' id='word_1_384' title='bbox 1608 3500 1737 3550; x_wconf 85' lang='lat' dir='ltr'>have</span> <span class='ocrx_word' id='word_1_385' title='bbox 1767 3501 1894 3550; x_wconf 87' lang='lat' dir='ltr'>been</span> <span class='ocrx_word' id='word_1_386' title='bbox 1922 3501 2192 3565; x_wconf 86' lang='lat' dir='ltr'>perplexed</span> <span class='ocrx_word' id='word_1_387' title='bbox 2225 3502 2293 3564; x_wconf 86' lang='lat' dir='ltr'>by</span> <span class='ocrx_word' id='word_1_388' title='bbox 2321 3500 2461 3551; x_wconf 88' lang='lat' dir='ltr'>these</span> <span class='ocrx_word' id='word_1_389' title='bbox 2490 3502 2689 3558; x_wconf 90' lang='lat' dir='ltr'>doubts,</span> 
     </span>
     <span class='ocr_line' id='line_1_56' title="bbox 1532 3583 2692 3647; baseline 0.003 -17"><span class='ocrx_word' id='word_1_390' title='bbox 1532 3583 1632 3631; x_wconf 84' lang='lat' dir='ltr'>and</span> <span class='ocrx_word' id='word_1_391' title='bbox 1658 3592 1712 3631; x_wconf 88' lang='lat' dir='ltr'>to</span> <span class='ocrx_word' id='word_1_392' title='bbox 1733 3583 1860 3631; x_wconf 88' lang='lat' dir='ltr'>have</span> <span class='ocrx_word' id='word_1_393' title='bbox 1877 3583 2056 3647; x_wconf 83' lang='lat' dir='ltr'>sought</span> <span class='ocrx_word' id='word_1_394' title='bbox 2074 3599 2106 3632; x_wconf 84' lang='lat' dir='ltr'>a</span> <span class='ocrx_word' id='word_1_395' title='bbox 2122 3583 2340 3632; x_wconf 82' lang='lat' dir='ltr'>solution</span> <span class='ocrx_word' id='word_1_396' title='bbox 2357 3592 2408 3631; x_wconf 75' lang='lat' dir='ltr'>at</span> <span class='ocrx_word' id='word_1_397' title='bbox 2429 3583 2513 3633; x_wconf 87' lang='lat' dir='ltr'>the</span> <span class='ocrx_word' id='word_1_398' title='bbox 2529 3584 2692 3634; x_wconf 81' lang='lat' dir='ltr'>hands</span> 
     </span>
     <span class='ocr_line' id='line_1_57' title="bbox 1531 3664 2687 3729; baseline 0.002 -16"><span class='ocrx_word' id='word_1_399' title='bbox 1531 3664 1591 3713; x_wconf 85' lang='lat' dir='ltr'>os</span> <span class='ocrx_word' id='word_1_400' title='bbox 1629 3664 1897 3713; x_wconf 87' lang='lat' dir='ltr'>Theodore</span> <span class='ocrx_word' id='word_1_401' title='bbox 1935 3665 2124 3728; x_wconf 79' lang='lat' dir='ltr'>(supra,</span> <span class='ocrx_word' id='word_1_402' title='bbox 2170 3680 2220 3729; x_wconf 87' lang='lat' dir='ltr'>p.</span> <span class='ocrx_word' id='word_1_403' title='bbox 2263 3680 2290 3713; x_wconf 81' lang='lat'><em>2</em></span> <span class='ocrx_word' id='word_1_404' title='bbox 2297 3679 2375 3729; x_wconf 86' lang='lat'>59,</span> <span class='ocrx_word' id='word_1_405' title='bbox 2420 3665 2455 3713; x_wconf 87' lang='lat'>1.</span> <span class='ocrx_word' id='word_1_406' title='bbox 2503 3681 2529 3727; x_wconf 84' lang='lat'><strong>5</strong></span> <span class='ocrx_word' id='word_1_407' title='bbox 2554 3667 2687 3729; x_wconf 84' lang='lat' dir='ltr'>sq.);</span> 
     </span>
     <span class='ocr_line' id='line_1_58' title="bbox 1528 3743 2689 3809; baseline 0.002 -16"><span class='ocrx_word' id='word_1_408' title='bbox 1528 3743 1689 3793; x_wconf 87' lang='lat' dir='ltr'>hence</span> <span class='ocrx_word' id='word_1_409' title='bbox 1729 3744 1828 3793; x_wconf 89' lang='lat' dir='ltr'>this</span> <span class='ocrx_word' id='word_1_410' title='bbox 1875 3744 2080 3808; x_wconf 82' lang='lat' dir='ltr'>lengthy</span> <span class='ocrx_word' id='word_1_411' title='bbox 2122 3744 2439 3809; x_wconf 83' lang='lat' dir='ltr'>disquisition</span> <span class='ocrx_word' id='word_1_412' title='bbox 2482 3761 2550 3794; x_wconf 88' lang='lat' dir='ltr'>on</span> <span class='ocrx_word' id='word_1_413' title='bbox 2603 3746 2689 3796; x_wconf 91' lang='lat' dir='ltr'>the</span> 
     </span>
     <span class='ocr_line' id='line_1_59' title="bbox 1527 3826 2114 3890; baseline -0.003 -14"><span class='ocrx_word' id='word_1_414' title='bbox 1527 3826 1694 3890; x_wconf 82' lang='lat' dir='ltr'>utility</span> <span class='ocrx_word' id='word_1_415' title='bbox 1717 3826 1775 3875; x_wconf 83' lang='lat' dir='ltr'>os</span> <span class='ocrx_word' id='word_1_416' title='bbox 1792 3827 1876 3875; x_wconf 86' lang='lat' dir='ltr'>the</span> <span class='ocrx_word' id='word_1_417' title='bbox 1903 3827 2114 3889; x_wconf 82' lang='lat' dir='ltr'>Epistle.</span> 
     </span>
    </p>

    <p class='ocr_par' dir='ltr' id='par_1_9' title="bbox 1600 3907 2625 3974">
     <span class='ocr_line' id='line_1_60' title="bbox 1600 3907 2625 3974; baseline 0.004 -18"><span class='ocrx_word' id='word_1_418' title='bbox 1600 3924 1676 3957; x_wconf 82' lang='grc' dir='ltr'>ιι.</span> <span class='ocrx_word' id='word_1_419' title='bbox 1730 3908 1779 3956; x_wconf 77' lang='lat' dir='ltr'>si</span> <span class='ocrx_word' id='word_1_420' title='bbox 1799 3908 2081 3971; x_wconf 74' lang='lat' dir='ltr'>respexerit,</span> <span class='ocrx_word' id='word_1_421' title='bbox 2105 3907 2219 3968; x_wconf 67' lang='grc' dir='ltr'>δια]</span> <span class='ocrx_word' id='word_1_422' title='bbox 2259 3907 2339 3958; x_wconf 84' lang='lat' dir='ltr'>Cs.</span> <span class='ocrx_word' id='word_1_423' title='bbox 2370 3920 2404 3959; x_wconf 83' lang='lat'>1.</span> <span class='ocrx_word' id='word_1_424' title='bbox 2433 3925 2484 3974; x_wconf 89' lang='lat' dir='ltr'>p.</span> <span class='ocrx_word' id='word_1_425' title='bbox 2509 3910 2625 3960; x_wconf 82' lang='lat' dir='ltr'>lxix.</span> 
     </span>
    </p>

    <p class='ocr_par' dir='ltr' id='par_1_10' title="bbox 1525 3991 2686 4382">
     <span class='ocr_line' id='line_1_61' title="bbox 1597 3991 2685 4053; baseline 0.003 -13"><span class='ocrx_word' id='word_1_426' title='bbox 1597 4006 1672 4053; x_wconf 77' lang='lat'>13.</span> <span class='ocrx_word' id='word_1_427' title='bbox 1720 3997 1978 4039; x_wconf 80' lang='lat' dir='ltr'>structores</span> <span class='ocrx_word' id='word_1_428' title='bbox 1993 3991 2233 4039; x_wconf 75' lang='lat' dir='ltr'>utilitatis</span> <span class='ocrx_word' id='word_1_429' title='bbox 2245 3991 2485 4053; x_wconf 79' lang='lat' dir='ltr'>aliorum]</span> <span class='ocrx_word' id='word_1_430' title='bbox 2520 3998 2552 4019; x_wconf 90' lang='grc'>“</span> <span class='ocrx_word' id='word_1_431' title='bbox 2568 3995 2685 4043; x_wconf 87' lang='lat' dir='ltr'>Pur-</span> 
     </span>
     <span class='ocr_line' id='line_1_62' title="bbox 1526 4072 2684 4138; baseline 0 -14"><span class='ocrx_word' id='word_1_432' title='bbox 1526 4091 1702 4138; x_wconf 83' lang='lat' dir='ltr'>veyors</span> <span class='ocrx_word' id='word_1_433' title='bbox 1724 4074 1790 4131; x_wconf 84' lang='lat' dir='ltr'>os,</span> <span class='ocrx_word' id='word_1_434' title='bbox 1813 4082 2029 4123; x_wconf 84' lang='lat' dir='ltr'>caterers</span> <span class='ocrx_word' id='word_1_435' title='bbox 2052 4080 2122 4127; x_wconf 83' lang='lat' dir='ltr'>to,</span> <span class='ocrx_word' id='word_1_436' title='bbox 2141 4072 2227 4120; x_wconf 90' lang='lat' dir='ltr'>the</span> <span class='ocrx_word' id='word_1_437' title='bbox 2247 4072 2383 4135; x_wconf 86' lang='lat' dir='ltr'>good</span> <span class='ocrx_word' id='word_1_438' title='bbox 2401 4072 2459 4121; x_wconf 82' lang='lat' dir='ltr'>of</span> <span class='ocrx_word' id='word_1_439' title='bbox 2474 4075 2684 4124; x_wconf 88' lang='lat' dir='ltr'>others”</span> 
     </span>
     <span class='ocr_line' id='line_1_63' title="bbox 1534 4150 2686 4215; baseline -0.002 -11"><span class='ocrx_word' id='word_1_440' title='bbox 1534 4178 1582 4198; x_wconf 90' lang='lat'>==</span> <span class='ocrx_word' id='word_1_441' title='bbox 1601 4156 1992 4204; x_wconf 76' lang='grc' dir='ltr'>κατασκευασταὶ</span> <span class='ocrx_word' id='word_1_442' title='bbox 2024 4150 2109 4212; x_wconf 73' lang='grc' dir='ltr'>τῆς</span> <span class='ocrx_word' id='word_1_443' title='bbox 2141 4150 2238 4200; x_wconf 73' lang='grc' dir='ltr'>τῶν</span> <span class='ocrx_word' id='word_1_444' title='bbox 2259 4150 2427 4201; x_wconf 75' lang='grc' dir='ltr'>ἄλλων</span> <span class='ocrx_word' id='word_1_445' title='bbox 2449 4151 2686 4215; x_wconf 63' lang='grc' dir='ltr'>ὠφελείας</span> 
     </span>
     <span class='ocr_line' id='line_1_64' title="bbox 1528 4235 2684 4300; baseline 0.001 -15"><span class='ocrx_word' id='word_1_446' title='bbox 1528 4238 1605 4296; x_wconf 86' lang='grc'><strong>(01·</strong></span> <span class='ocrx_word' id='word_1_447' title='bbox 1638 4236 1868 4300; x_wconf 84' lang='lat' dir='ltr'>perhaps,</span> <span class='ocrx_word' id='word_1_448' title='bbox 1909 4236 2244 4297; x_wconf 69' lang='grc' dir='ltr'>προξενοῦντες</span> <span class='ocrx_word' id='word_1_449' title='bbox 2276 4235 2374 4285; x_wconf 73' lang='grc' dir='ltr'>τοῖς</span> <span class='ocrx_word' id='word_1_450' title='bbox 2406 4237 2589 4286; x_wconf 71' lang='grc' dir='ltr'>λοιποῖς</span> <span class='ocrx_word' id='word_1_451' title='bbox 2621 4238 2684 4286; x_wconf 78' lang='grc' dir='ltr'>τὰ</span> 
     </span>
     <span class='ocr_line' id='line_1_65' title="bbox 1525 4318 2092 4382; baseline -0.007 -2"><span class='ocrx_word' id='word_1_452' title='bbox 1525 4321 1746 4382; x_wconf 73' lang='grc' dir='ltr'>χρήσιμα</span> <span class='ocrx_word' id='word_1_453' title='bbox 1764 4335 1804 4367; x_wconf 77' lang='lat' dir='ltr'>s·</span> <span class='ocrx_word' id='word_1_454' title='bbox 1831 4318 2092 4379; x_wconf 73' lang='grc' dir='ltr'>ὠφέλιμα)-</span> 
     </span>
    </p>

    <p class='ocr_par' dir='ltr' id='par_1_11' title="bbox 1525 4399 2683 4547">
     <span class='ocr_line' id='line_1_66' title="bbox 1597 4399 2680 4464; baseline -0.002 -15"><span class='ocrx_word' id='word_1_455' title='bbox 1597 4414 1673 4464; x_wconf 85' lang='lat'>17.</span> <span class='ocrx_word' id='word_1_456' title='bbox 1741 4401 1932 4456; x_wconf 83' lang='lat' dir='ltr'>uolunt,</span> <span class='ocrx_word' id='word_1_457' title='bbox 1956 4400 2068 4461; x_wconf 84' lang='lat' dir='ltr'>etsi]</span> <span class='ocrx_word' id='word_1_458' title='bbox 2112 4400 2193 4456; x_wconf 84' lang='lat' dir='ltr'>Ut,</span> <span class='ocrx_word' id='word_1_459' title='bbox 2217 4399 2382 4449; x_wconf 87' lang='lat' dir='ltr'>which</span> <span class='ocrx_word' id='word_1_460' title='bbox 2407 4399 2492 4449; x_wconf 90' lang='lat' dir='ltr'>the</span> <span class='ocrx_word' id='word_1_461' title='bbox 2526 4400 2680 4449; x_wconf 81' lang='lat' dir='ltr'>MSS.</span> 
     </span>
     <span class='ocr_line' id='line_1_67' title="bbox 1525 4468 2683 4547; baseline -0.002 -15"><span class='ocrx_word' id='word_1_462' title='bbox 1525 4483 1676 4533; x_wconf 86' lang='lat' dir='ltr'>insert</span> <span class='ocrx_word' id='word_1_463' title='bbox 1700 4468 1928 4532; x_wconf 77' lang='lat' dir='ltr'>between</span> <span class='ocrx_word' id='word_1_464' title='bbox 1951 4481 2089 4532; x_wconf 75' lang='lat' dir='ltr'>these</span> <span class='ocrx_word' id='word_1_465' title='bbox 2114 4481 2296 4542; x_wconf 79' lang='lat' dir='ltr'>wordS,</span> <span class='ocrx_word' id='word_1_466' title='bbox 2320 4480 2414 4531; x_wconf 83' lang='lat' dir='ltr'>has</span> <span class='ocrx_word' id='word_1_467' title='bbox 2434 4481 2683 4547; x_wconf 78' lang='lat' dir='ltr'>probably</span> 
     </span>
    </p>
   </div>
   <div class='ocr_carea' id='block_1_8' title="bbox 2786 1005 2816 1073">
    <p class='ocr_par' dir='ltr' id='par_1_12' title="bbox 2786 1005 2816 1073">
     <span class='ocr_line' id='line_1_68' title="bbox 2786 1005 2816 1073; baseline 0 0"><span class='ocrx_word' id='word_1_468' title='bbox 2786 1005 2816 1073; x_wconf 90' lang='grc'>5</span> 
     </span>
    </p>
   </div>
   <div class='ocr_carea' id='block_1_9' title="bbox 2740 1522 2818 1568">
    <p class='ocr_par' dir='ltr' id='par_1_13' title="bbox 2740 1522 2818 1568">
     <span class='ocr_line' id='line_1_69' title="bbox 2740 1522 2818 1568; baseline 0.013 -1"><span class='ocrx_word' id='word_1_469' title='bbox 2740 1522 2818 1568; x_wconf 90' lang='lat'>10</span> 
     </span>
    </p>
   </div>
  </div>
 </body>
</html>
