3221 5116
506 438 633 489 212
1174 438 1630 495 mEoDoRus
1678 441 2263 496 MOPSUESTENUS
2491 426 2610 514 [11.
2644 427 2924 510 24—26.

506 607 974 692 adnascuntur,
1022 631 1304 697 quorum
1358 633 1481 679 nec
1529 622 1712 679 recta
1754 620 1858 679 est
1910 613 2230 680 intentio!
2320 621 2389 680 et
2441 614 2598 698 quia
2642 634 2748 679 res
2795 614 2925 679 ista

506 734 630 779 nec
660 716 1015 782 conueniat
1044 737 1167 782 nec
1197 717 1432 782 deceat
1461 716 1521 782 ei
1553 717 1885 783 ostendit:

634 888 896 933 seruum
931 869 1194 954 (inquit)
1224 870 1506 935 Domini
1530 890 1657 933 non
1688 877 1924 953 oportet
1950 867 2228 952 litigare.

633 1001 878 1079 deinde
919 1020 990 1079 et
1036 1014 1314 1079 modum
1358 1012 1451 1077 illi
1492 1032 1843 1097 exponens
1888 1011 2233 1096 quomodo
2279 1011 2527 1077 debeat
2578 1011 2926 1076 doctrinae

437 1123 470 1191 5
504 1114 881 1181 intendere:

515 1338 518 1341 ,
630 1267 750 1332 sed
793 1268 1146 1334 modestum
1193 1291 1322 1334 esse
1365 1270 1464 1334 ad
1501 1290 1732 1347 omneS,
1784 1267 2134 1347 docibilem,
2184 1287 2311 1331 non
2356 1265 2735 1350 litigiosum,
2772 1285 2921 1332 cum

499 1367 809 1435 modestia
837 1370 1153 1435 docentem
1180 1393 1282 1436 eos
1308 1372 1428 1457 qui
1454 1371 1765 1436 resistunt
1791 1369 2076 1435 uen‘tati.

628 1506 699 1561 et
744 1495 1104 1563 utilitatem
1142 1495 1350 1582 ipsius
1392 1498 1484 1563 rei
1526 1499 1890 1564 ostendens
1928 1507 1997 1563 et
2037 1506 2363 1581 quantum
2410 1497 2648 1562 melius
2695 1497 2782 1562 sit
2826 1496 2922 1561 sic

498 1597 738 1665 docere
769 1601 1168 1680 resistentes,
1201 1602 1487 1666 adiecit:

393 1754 473 1804 10
628 1770 710 1813 ne
737 1750 997 1832 quando
1030 1749 1139 1815 det
1176 1751 1270 1815 eis
1306 1747 1489 1816 Deus
1520 1750 1981 1835 poenitentiam
2019 1752 2117 1815 ad
2147 1751 2567 1834 cognitionem
2597 1750 2922 1830 ueritatis,

495 1862 561 1917 et
586 1852 961 1936 resipiscant
999 1875 1045 1917 a
1078 1854 1325 1924 diaboli
1344 1855 1608 1938 laqueis,
1649 1876 1693 1920 a
1739 1876 1863 1938 quo
1903 1855 2077 1940 capti
2113 1864 2410 1921 tenentur
2444 1856 2529 1922 ab
2565 1876 2633 1920 eo
2680 1856 2749 1920 in
2777 1854 2921 1920 eius

498 1954 841 2020 uoluntate.

627 2100 717 2144 ex
769 2083 1197 2147 contentione
1246 2090 1471 2147 autem
1532 2082 1780 2166 placari
1840 2081 2260 2146 aduersarios
2320 2081 2708 2164 inpossibile
2768 2090 2919 2160 est;

496 2183 798 2248 doctrina
872 2204 1030 2248 uero
1090 2186 1599 2250 mansuetudine
1660 2184 1947 2269 probata
2005 2206 2208 2268 saepe
2282 2186 2408 2250 scit
2489 2188 2770 2251 suadere
2846 2195 2919 2250 et

391 2295 463 2363 15
495 2288 807 2353 duritiam
862 2289 1065 2353 animi
1127 2289 1402 2355 mollire.
1491 2298 1847 2373 praeparat
1906 2289 2085 2353 enim
2148 2298 2221 2353 ut
2282 2300 2351 2355 et
2409 2291 2499 2353 ad
2558 2290 2913 2355 ueritatem

490 2394 862 2476 perspicere
890 2393 1167 2477 possint,
1194 2393 1616 2458 discedentes
1645 2414 1687 2457 a
1717 2392 2283 2475 praesumptione,
2317 2414 2357 2457 a
2388 2414 2523 2477 qua
2558 2401 2629 2456 et
2674 2393 2914 2458 antici—

495 2495 635 2580 pati
696 2497 885 2582 quasi
938 2493 1233 2581 quodam
1288 2497 1529 2583 laqueo
1589 2495 1926 2562 diabolico
1976 2498 2317 2562 constricti
2378 2507 2707 2576 tenentur,
2759 2517 2911 2582 pro-

494 2607 781 2665 tractum
812 2600 1086 2683 quidem
1118 2601 1185 2664 in
1215 2600 1523 2678 deterius,
1553 2600 2029 2665 correctionem
2061 2621 2220 2666 uero
2262 2600 2330 2664 in
2374 2599 2613 2665 melius
2654 2600 2910 2666 nullam

597 2786 617 2820 1
656 2784 786 2835 quae
807 2769 926 2835 (for
944 2769 1084 2835 quia)
1113 2770 1158 2821 C
1177 2770 1244 2820 Η
1461 2783 1490 2818 2
1533 2785 1647 2820 eum
1678 2786 1711 2820 r
1936 2783 1966 2833 5
2009 2768 2081 2820 ait
2116 2767 2230 2833 (ast
2257 2768 2474 2829 intend.)
2498 2767 2606 2819 add
2628 2782 2661 2816 r
2881 2767 2915 2815 8

491 2858 682 2915 quanto
717 2853 763 2902 C
780 2867 813 2900 r
1022 2866 1055 2917 9
1086 2852 1316 2903 sistentes
1354 2850 1474 2902 C':
1507 2867 1586 2902 om
1619 2853 1688 2902 H
1703 2849 1716 2912 1
1743 2849 1896 2901 adicit
1920 2867 1953 2901 r
2170 2867 2231 2901 ιο
2261 2849 2570 2915 agnitionem
2602 2866 2637 2898 r
2855 2865 2908 2899 ιι

489 2932 678 2998 captiui
699 2950 732 2983 r
756 2931 765 2998 Ι
796 2940 1091 2984 tenenentur
1114 2931 1216 2998 (sic)
1246 2934 1290 2984 C
1478 2949 1533 2984 ια
1569 2933 1881 2984 uoluntatem
1902 2934 1972 2983 H
2151 2947 2210 2996 ¹3
2243 2931 2540 2982 aduersariis
2561 2948 2595 2981 r
2618 2929 2628 2996 Ι
2657 2937 2733 2980 est
2753 2945 2831 2980 om
2855 2930 2921 2979 H

496 3030 552 3075 14
589 3014 643 3065 in
680 3014 789 3081 (bes
808 3016 992 3081 mans.)
1029 3017 1136 3067 add
1164 3017 1231 3067 Η
1462 3030 1521 3081 15
1555 3023 1610 3067 ut
1649 3032 1755 3067 uer.
1797 3015 2080 3082 prospicere
2115 3029 2165 3079 p.
2209 3013 2236 3063 l
2470 3024 2528 3076 17
2561 3013 2706 3080 quasi
2742 3029 2821 3063 om
2856 3015 2922 3064 H

498 3096 556 3144 18
588 3096 793 3162 quidem
818 3095 915 3162 (ast
934 3100 1263 3163 protractum)
1285 3114 1363 3150 om
1391 3098 1435 3150 C
1459 3096 1468 3163 Ι
1497 3098 1804 3149 correctione
1827 3098 1895 3147 Η

555 3243 605 3295 6.
672 3244 960 3309 modestum]
1025 3246 1096 3298 So
1134 3247 1306 3299 Sedul.
1340 3249 1510 3310 Scot.;
1561 3248 1649 3300 the

488 3325 634 3375 other
657 3326 807 3376 Latin
829 3328 1120 3379 authorities
1140 3330 1269 3380 have
1292 3335 1323 3358 “
1338 3330 1511 3381 mitem
1527 3330 1558 3355 ”
1589 3347 1649 3383 or

490 3407 901 3457 “mansuetum’'
956 3409 1036 3458 Cf.
1066 3424 1085 3457 1
1114 3410 1291 3461 Tbess.
1312 3411 1408 3475 ii.7
1429 3413 1639 3477 (supra).

487 3488 607 3538 Non
645 3490 915 3555 litigiosum
956 3489 1292 3558 (ἀνεξίκακον);
1349 3495 1499 3545 Latin
1538 3511 1645 3546 ver·

485 3568 636 3630 sions,
667 3571 1037 3635 “patientem-’⁹
1106 3574 1167 3623 In
1199 3591 1217 3624 1
1245 3575 1377 3625 Tim.
1409 3575 1477 3625 iii.
1502 3591 1531 3638 3
1555 3592 1648 3627 our

486 3647 753 3698 translator
786 3649 1012 3715 employs
1045 3667 1147 3700 non
1179 3651 1446 3716 litigiosum
1480 3660 1534 3703 to
1569 3669 1643 3703 re·

484 3736 684 3791 present
709 3730 914 3791 ἄμαχον.
962 3731 1075 3795 Just
1096 3730 1284 3789 before,
1308 3731 1360 3781 in
1383 3748 1413 3781 a
1435 3733 1643 3783 citation

485 3809 544 3859 os
566 3810 654 3859 the
687 3820 887 3875 present
922 3828 1145 3878 passage,
1184 3814 1249 3865 he
1281 3814 1372 3865 has
1401 3816 1641 3866 rendered

482 3891 659 3951 ἁνεξίκ.
683 3893 751 3957 by
766 3909 868 3942 non
890 3895 1219 3944 recordantem
1244 3897 1487 3946 malitiam
1502 3911 1527 3955 ,·
1559 3913 1644 3948 see

483 3972 715 4024 however
738 3975 824 4025 the
844 3983 963 4026 note
984 3992 1051 4026 on
1073 3994 1125 4042 p.
1151 3993 1257 4043 109,
1287 3979 1321 4027 l.
1344 3993 1403 4028 22
1431 3979 1640 4043 (supra).

487 4052 747 4104 Docentem
772 4055 1095 4118 (παιδεύοντα,
1124 4057 1187 4108 cs.
1211 4059 1642 4109 indoctas=daew

484 4137 688 4196 δεὺτους,
727 4152 777 4185 v.
815 4154 842 4187 2
848 4139 929 4202 3);
973 4140 1123 4191 Latin
1163 4142 1400 4202 versionS,
1445 4147 1479 4171 ‘⁸
1494 4142 1641 4193 corri-

483 4216 762 4281 pientem.‘'

551 4301 600 4350 8.
665 4309 913 4364 quantum
946 4307 1144 4369 melius]
1202 4308 1287 4358 Cf.
1313 4324 1392 4358 vv.
1421 4308 1506 4368 11.;
1541 4309 1643 4359 and

482 4395 565 4430 see
590 4380 787 4447 Bensly,
815 4384 894 4434 M.
923 4386 981 4436 F.
1011 4403 1099 4452 pp.
1125 4386 1202 4450 62,
1231 4391 1313 4452 87.

554 4478 629 4513 ιο.
685 4464 758 4513 ad
787 4481 923 4530 cogn.
962 4470 1211 4532 uen'tatis]
1279 4471 1351 4521 So
1390 4471 1489 4522 Gk.
1509 4489 1525 4533 3
1574 4471 1639 4521 cf.

481 4546 749 4605 Ambrstr.,
775 4552 805 4576 ‘⁸
821 4550 883 4597 ad
909 4566 1024 4613 agn.
1041 4550 1180 4601 uer.’'
1248 4553 1395 4602 Latin
1418 4554 1640 4604 versions

1747 3250 2017 3315 generally,
2052 3253 2085 3279 ⁸⁸
2100 3248 2165 3299 ad
2179 3247 2578 3313 cognoscendam
2596 3243 2911 3297 ueritatem.'’

1819 3347 1895 3381 11.
1950 3347 1984 3379 a
2005 3347 2114 3396 quo,
2137 3329 2253 3393 δια]
2296 3328 2380 3381 Cf.
2400 3329 2677 3378 Ambrstr.:
2707 3331 2738 3356 ‘⁸
2754 3344 2785 3377 a
2805 3342 2909 3392 quo

1748 3419 1979 3462 tenentur
2011 3412 2148 3476 capti
2186 3412 2252 3461 ab
2290 3427 2353 3462 eo
2383 3411 2449 3460 ad
2489 3409 2643 3476 ipsius
2678 3410 2906 3458 uolunta-

1746 3494 1900 3545 tem.’'
1964 3495 2077 3544 The
2111 3494 2262 3559 Vulg.
2298 3495 2444 3544 reads
2480 3489 2770 3558 “captiui,'’
2802 3491 2906 3541 and

1747 3573 1922 3638 rejects
1943 3574 2004 3623 ab
2024 3590 2089 3624 eo.
2154 3574 2252 3624 Th.
2279 3573 2554 3632 doubtless,
2584 3571 2705 3622 with
2727 3569 2797 3620 au
2819 3570 2906 3620 the

1746 3656 1912 3705 Greek
1941 3656 2232 3707 authorities
2265 3653 2344 3720 (F,
2374 3656 2421 3705 G
2450 3670 2535 3704 are
2567 3652 2788 3717 scarcely
2819 3668 2906 3703 ex-

1743 3733 2003 3801 ceptions),
2041 3737 2159 3787 read
2193 3736 2514 3801 ἐζωγρημένοι
2542 3730 2620 3784 ὐι·’
2655 3729 2808 3784 αὑτοῦ
2839 3737 2906 3785 εἰς

1741 3822 1799 3870 τὸ
1837 3821 2019 3870 ἐκείνου
2063 3821 2266 3880 θέλημα.
2352 3818 2439 3868 He
2476 3832 2638 3868 seems
2678 3824 2731 3868 to
2774 3818 2905 3868 have

1742 3902 2046 3952 understood
2092 3901 2178 3951 the
2213 3907 2448 3950 sentence
2481 3915 2537 3948 as
2577 3899 2723 3950 Oec.:
2765 3916 2905 3949 τουτ-

1742 3985 1890 4044 έστιν,
1909 3981 1972 4046 τῇ
1995 3981 2154 4045 πλάνῃ
2175 3983 2497 4043 ἐνειλημμένοι
2520 3982 2600 4031 καὶ
2625 3981 2906 4031 Aremtha·

1741 4067 1908 4126 σμένοι
1933 4068 1997 4116 dr
2018 4066 2075 4115 τὸ
2096 4061 2183 4114 τοῦ
2204 4061 2435 4127 διαβόλου
2458 4064 2663 4124 θέλημα.

1815 4161 1892 4211 15.
1948 4153 2009 4197 ut
2025 4154 2071 4197 et
2088 4147 2162 4196 ad
2178 4147 2454 4207 ueritatem,
2474 4146 2592 4208 &c.]
2631 4144 2904 4195 lanfranc:

1744 4229 1845 4279 “id
1868 4238 1958 4290 est,
1985 4235 2040 4278 ut
2064 4228 2324 4279 ueritatem
2348 4227 2631 4293 prospicere
2653 4224 2903 4293 possint.”

1815 4321 1889 4371 17.
1935 4308 2271 4374 protractum]
2330 4309 2436 4373 Lq.
2461 4317 2769 4374 prouectum,
2787 4325 2903 4370 προ·

1741 4392 1910 4452 κοπήν.
1975 4391 2256 4441 Protractio
2299 4405 2472 4440 occurs
2525 4389 2579 4438 in
2620 4387 2903 4454 Justinian3

1727 4481 2020 4542 protractus
2051 4475 2093 4526 is
2125 4474 2257 4525 cited
2293 4474 2362 4538 by
2396 4474 2484 4524 the
2511 4472 2643 4523 lexx.
2674 4471 2802 4523 from
2836 4486 2902 4521 an

1739 4555 2046 4622 inscription.
