3221 5116
340 2057 471 2123 ,15

497 365 621 430 160
1150 379 1605 431 THEODORUS
1655 378 2240 430 MOPSUESTENUS

2715 361 2822 445 [ν.
2853 377 2913 442 9·

498 549 599 630 (ut
644 549 978 634 adsolent)
1028 551 1204 614 mala
1263 547 1880 627 adnascebantur3*
1941 570 2023 612 eo
2082 550 2262 631 quod
2325 569 2447 611 nec
2505 556 2580 611 ut
2633 545 2915 610 decebat

436 647 449 654 ’
496 653 768 737 [uiuere]
825 655 1185 718 studebant
1237 677 1409 738 quae
1463 676 1596 718 non
1649 653 2226 736 contemplatione⁴
2269 651 2533 716 uirtutis
2594 672 2738 714 sese
2797 651 2914 714 ad-

495 758 774 820 scribere
826 758 1062 821 uiduas
1113 758 1490 840 cupiebant,
1540 758 1655 819 sed
1719 755 1862 819 solo
1910 757 2280 819 securitatis
2333 756 2676 831 desideriO,
2723 764 2792 818 et
2839 763 2914 818 ut

496 861 636 923 sine
667 860 889 943 aliquo
921 861 1146 924 labore
1191 862 1295 924 uel
1342 882 1541 943 opere
1588 860 1778 924 facile
1820 861 2230 924 cotidianum
2274 862 2525 924 uictum
2569 860 2911 924 haberent.

430 972 463 1039 5
503 964 665 1028 haec
695 986 853 1048 ergo
878 966 1113 1029 beatus
1138 967 1379 1030 Paulus
1402 967 1785 1029 cautissime
1807 966 2084 1047 cupiens
2107 966 2517 1043 confirmare,
2543 963 2815 1049 †aetate
2846 973 2914 1027 et

497 1068 740 1130 uirtute
785 1069 1017 1132 statuit
1063 1070 1304 1133 debere
1346 1069 1608 1150 probari
1657 1068 1837 1131 illam
1871 1090 2043 1151 quae
2105 1069 2276 1133 inter
2322 1071 2559 1133 uiduas
2613 1090 2683 1132 se
2731 1069 2915 1152 cupit

497 1171 780 1234 adscribi
811 1171 870 1249 ;*
917 1181 1136 1235 aetate
1177 1174 1467 1255 quidem,
1503 1194 1587 1236 eo
1626 1176 1805 1256 quod
1843 1185 1999 1236 ante
2030 1173 2156 1237 hoc
2199 1183 2464 1257 tempus
2495 1175 2734 1238 aetatis
2765 1195 2916 1257 pos-

498 1284 647 1337 sent
694 1275 896 1338 etiam
947 1297 1064 1358 per
1110 1297 1311 1358 opera
1361 1297 1679 1339 manuum
1732 1297 1998 1339 suarum
2050 1277 2173 1339 sibi
2229 1278 2479 1342 uictum
2529 1280 2913 1362 adquirere;

496 1378 741 1440 uirtute
772 1398 946 1454 uei-0,
977 1400 1057 1441 eo
1088 1381 1267 1461 quod
1302 1380 1546 1442 iustum
1579 1399 1723 1441 esse
1754 1380 2185 1443 existimabat
2216 1390 2292 1443 ut
2324 1402 2456 1444 non
2490 1382 2916 1446 ecclesiastici

396 1495 474 1543 10
500 1490 805 1562 sumptus
849 1482 1151 1545 absolute
1200 1483 1263 1544 in
1311 1481 1642 1563 quaslibet
1683 1481 1918 1544 uiduas
1958 1484 2511 1564 expenderentur,
2541 1487 2658 1548 sed
2704 1488 2917 1568 magis

500 1589 732 1651 decere
779 1588 1175 1651 existimans
1226 1597 1300 1651 ut
1342 1589 1585 1651 uirtute
1636 1589 1768 1651 sint
1815 1590 2204 1654 inlustratae
2249 1611 2421 1672 quae
2473 1590 2919 1656 ecclesiastica

502 1702 657 1755 sunt
709 1693 998 1756 tuendae
1046 1693 1404 1774 diligentia.
1495 1694 1672 1755 unde
1732 1694 1961 1756 dicens
2021 1696 2106 1758 de
2166 1704 2485 1776 tempore,
2548 1696 2789 1758 adiecit
2849 1696 2916 1757 in

504 1795 1056 1877 subsequentibus
1085 1798 1287 1860 etiarn
1320 1799 1404 1861 de
1447 1797 1741 1860 moribus
1771 1818 2018 1871 earum,
2052 1820 2188 1881 quo
2228 1798 2428 1862 uellet
2467 1818 2584 1860 eas
2615 1797 2920 1861 instituto

503 1901 746 1966 haberi.
838 1912 905 1967 et
936 1903 1222 1985 primum
1256 1905 1457 1968 dicit:

633 2069 795 2130 quae
824 2048 1020 2112 unius
1050 2048 1193 2112 uiri
1217 2070 1395 2112 uxor.

632 2174 819 2257 †non
874 2186 1097 2239 autem
1158 2175 1284 2239 hoc
1347 2176 1412 2238 in
1463 2175 1608 2239 loco
1664 2177 1891 2240 dicens
1947 2177 2176 2241 ‘unius
2220 2178 2342 2242 uiri
2389 2179 2707 2242 uxorem’
2758 2179 2920 2243 illud

644 2341 836 2408 ...διὰ
873 2345 1066 2408 τοῦτο
1105 2340 1337 2431 ἡλικίᾳ
1377 2340 1491 2407 καὶ
1524 2340 1725 2429 ἀρετῇ
1769 2340 2060 2429 ὥρι’σατο
2097 2342 2217 2424 τὴν
2262 2343 2351 2414 εἷς
2392 2343 2506 2410 τὸν
2551 2343 2928 2427 κατάλογον

504 2447 638 2511 τῶν
679 2449 910 2534 χηρῶν
954 2451 1294 2512 συντελεῖν
1338 2443 1759 2532 ὀφείλουσαν.

640 2548 916 2654 remmia
961 2551 1109 2617 ἑΝόε
1155 2551 1382 2639 ἆΝΔΡόε
1432 2555 1601 2629 frmi,
1637 2549 1801 2636 [οὐκ]
1853 2550 2000 2619 ἀντὶ
2030 2556 2147 2619 τοῦ
2189 2551 2314 2638 ’μὴ
2347 2551 2643 2642 δεύτερον
2682 2551 2927 2639 a’rya‘yo-

612 2725 631 2758 1
670 2706 953 2757 dicebatH

528 2790 660 2839 inter
686 2790 731 2838 C
759 2788 907 2848 (cor-r)
931 2803 995 2835 r.-
1030 2793 1111 2835 txt
1130 2787 1199 2835 H

514 2887 566 2920 τι
606 2868 771 2918 dicere
805 2868 872 2916 H
1183 2883 1239 2918 η
1274 2867 1428 2917 adicit
1457 2868 1501 2917 C
1518 2883 1552 2915 r

515 2968 534 3002 ι
545 2967 571 3016 5
606 2959 681 3001 est
704 2950 801 3015 (ast
821 2948 962 3013 uxor)
987 2948 1093 2998 add
1105 2950 1174 2998 H

516 3050 575 3101 ¹9
609 3050 684 3099 sq.
711 3033 869 3084 Coisl.
896 3047 1014 3095 204,
1036 3034 1070 3081 l.
1096 3048 1135 3081 c.

581 3176 627 3226 7.
692 3177 743 3211 eo
769 3161 1038 3227 quodante
1060 3160 1160 3222 hoc,
1190 3161 1308 3223 &c.]
1376 3161 1453 3211 Cf.
1480 3162 1666 3212 Thdt.:

513 3245 574 3294 ὡς
627 3241 722 3293 τῶν
771 3240 1080 3307 ἀκμαζυυσῶν
1129 3244 1209 3291 καὶ
1259 3242 1543 3307 ἐργάζεσθαι
1593 3244 1674 3293 καὶ

514 3328 779 3390 τρέφεσθαι
804 3322 1093 3384 δυναμένων.

580 3423 626 3474 9.
694 3423 796 3457 non
895 3406 1122 3462 absolute,
1158 3405 1276 3466 &c.]
1340 3405 1562 3471 Thpht.:
1619 3408 1675 3455 οὔ

514 3491 613 3552 ’γὰρ
636 3489 804 3538 ἅπλῶς
816 3486 966 3538 οὕτως
987 3492 1076 3549 τὴν
1095 3487 1427 3547 ἐξακοντοῦτιν
1447 3489 1673 3551 ἐγκρίνει·

515 3573 649 3619 ἔστιν
669 3570 768 3631 ’γὰρ
790 3570 870 3617 καὶ
891 3570 1121 3627 τοιαύτην
1141 3564 1338 3626 ἀναξίαν
1359 3569 1494 3617 εἶναι.

586 3651 657 3702 16.
728 3667 830 3700 non
850 3656 1030 3711 autem,
1054 3650 1177 3712 &c.]
1242 3649 1337 3699 See
1351 3667 1430 3699 vv.
1454 3651 1509 3699 11.
1562 3650 1674 3699 The

515 3733 745 3799 negative
766 3732 858 3781 has
880 3733 1008 3781 been
1044 3733 1140 3782 lost
1174 3732 1226 3781 in
1261 3732 1347 3782 the
1371 3732 1470 3782 Gk.
1499 3732 1557 3781 os
1585 3732 1674 3781 the

514 3825 707 3877 catena,
733 3817 832 3865 and
856 3816 908 3864 in
933 3815 1017 3865 the
1037 3816 1187 3865 Latin
1210 3816 1540 3866 transformed
1565 3816 1674 3865 into

516 3915 652 3948 nunc
676 3899 758 3960 (cs.
792 3911 828 3947 1.
854 3914 940 3963 pp.
978 3912 1055 3962 35,
1098 3901 1175 3962 38,
1204 3915 1285 3948 vv.
1314 3898 1413 3961 11.).
1486 3899 1668 3962 Comp.

516 3982 693 4031 Thdt.:
730 3984 791 4031 οὐ
812 3983 901 4041 τὴν
921 3983 1150 4044 διγαμίαν
1175 3984 1419 4046 ἐκβάλλει,
1449 3983 1582 4031 ἀλλὰ
1618 3981 1675 4029 τὸ

516 4064 774 4125 σωφρόνως
795 4064 846 4110 ἐν
866 4064 1010 4124 γάμῳ
1037 4065 1173 4126 βιοῦν
1202 4065 1466 4124 νομοθετεῖ·
1499 4065 1555 4112 οὐ
1576 4063 1675 4126 γὰρ

518 4146 546 4195 ὁ
567 4145 670 4192 ἅνω
689 4145 775 4193 τὸν
810 4146 1026 4208 δεύτερον
1055 4147 1213 4207 ’γάμον
1237 4146 1559 4205 νομοθετήσας
1582 4162 1674 4195 σω·

517 4225 722 4285 ματικῆς
742 4222 1018 4274 ἀπολαῦσαι
1042 4228 1297 4288 θεραπείας
1318 4224 1560 4275 ἐκώλυσεν
1584 4227 1678 4285 τὴν

519 4308 750 4369 δευτέρως
772 4304 1075 4366 ὀμιλήσασαν
1090 4307 1279 4368 γάμοις.
1328 4307 1411 4357 On
1430 4307 1514 4357 the
1531 4307 1676 4357 other

518 4387 653 4437 hand
699 4387 913 4451 Thpht.:
962 4389 1134 4437 ἔπειτα
1179 4391 1258 4438 καὶ
1302 4390 1674 4451 μονογαμίαν

523 4470 705 4529 αὐτὴν
751 4465 1007 4529 ἀπαιτεῖ,
1065 4469 1134 4518 ὡς
1189 4471 1431 4529 σημεῖον
1476 4471 1676 4530 σεμνό-

1380 2948 1440 2999 16
1472 2964 1605 2998 nunc
1632 2946 1745 3013 (sor
1764 2950 1886 3015 non)
1917 2953 1961 3000 C
1978 2952 2042 3001 H
2059 2968 2093 3002 r

1078 2722 1104 2755 π
1130 2706 1300 2755 uiuere
1322 2721 1400 2755 om
1424 2705 1533 2755 CH
1550 2704 1557 2769 Ι
1590 2706 2066 2771 contemplationem
2091 2706 2168 2757 C*
2197 2705 2205 2772 1
2236 2708 2582 2758 adscribuntur
2602 2709 2646 2757 C
2649 2707 2678 2733 ⁴*
2712 2710 2929 2759 adscribi

1384 2802 1416 2853 9
1449 2801 1552 2834 non
1589 2802 1668 2834 om
1704 2787 1772 2835 H

1976 2803 2038 2838 10
2069 2787 2297 2837 obsolute
2320 2790 2388 2837 H
2408 2786 2417 2852 Ι
2445 2790 2804 2853 expenderetur
2848 2790 2928 2839 C*

1849 2884 1907 2932 13
1943 2885 2116 2919 eorum
2146 2872 2190 2919 C
2213 2869 2222 2925 Ι
2252 2871 2510 2935 quomodo
2533 2887 2564 2919 r
2588 2870 2596 2934 Ι
2628 2870 2879 2919 institutas
2902 2886 2935 2919 r

2290 2965 2347 3013 17
2383 2969 2458 3018 sq.
2486 2953 2645 3002 Coisl.
2687 2968 2799 3016 204,
2825 2954 2862 3002 l.
2881 2969 2928 3001 c.

1772 3182 1943 3224 τητος
1993 3167 2073 3214 καὶ
2127 3168 2580 3229 φιλοσωφροσύνης.
2668 3167 2739 3217 So
2802 3166 2926 3227 a150,

1772 3263 1961 3312 among
2005 3250 2090 3298 the
2130 3249 2323 3310 LatinS,
2362 3250 2453 3299 but
2485 3249 2723 3314 allow-ing
2755 3264 2931 3314 excep-

1773 3328 1905 3378 tions
1930 3338 1981 3378 to
2005 3330 2091 3379 the
2113 3331 2234 3389 rule,
2263 3329 2319 3379 S.
2357 3330 2606 3379 Ambrose
2630 3330 2704 3390 (de
2736 3330 2840 3379 uid.
2873 3343 2930 3378 a:

1775 3413 1987 3475 “neque
2009 3426 2130 3460 uero
2163 3412 2205 3459 si
2239 3427 2340 3476 qua
2372 3410 2426 3460 in
2457 3410 2701 3460 secundas
2733 3408 2934 3474 nuptias

1773 3487 2021 3549 inciderit,
2062 3505 2187 3553 quas
2241 3490 2413 3554 utique
2467 3489 2743 3554 apostolica
2792 3503 2933 3552 prae-

1775 3577 1923 3635 cepta
1950 3586 2053 3620 non
2075 3571 2448 3621 damnant...ab
2472 3570 2658 3620 affectu
2678 3569 2936 3619 uiduitatis

1775 3658 1981 3701 arcetur.
2071 3651 2276 3702 habebit
2322 3651 2410 3700 illa
2443 3651 2648 3715 quidem
2681 3652 2763 3701 uel
2797 3666 2935 3702 serae

1776 3732 2009 3783 meritum
2066 3734 2325 3791 castitati5‚
2381 3733 2469 3782 sed
2537 3733 2793 3798 probatior
2842 3734 2936 3783 erit

1775 3831 1904 3880 quae
1960 3814 2162 3864 alterius
2217 3830 2318 3864 non
2369 3814 2517 3864 fuerit
2564 3823 2768 3880 experta
2813 3831 2934 3870 con-

1775 3896 1968 3960 iugium
1993 3894 2062 3960 ’'),
2124 3896 2358 3945 followed
2398 3897 2465 3961 by
2504 3896 2555 3946 S.
2599 3897 2802 3960 Jerome
2847 3895 2935 3960 (ep.

1783 3977 1893 4040 123)
1929 3978 2031 4025 and
2065 3976 2119 4026 S.
2147 3976 2428 4041 Angustiae
2465 3976 2543 4039 (de
2569 3978 2689 4026 bono
2722 3978 2826 4025 uid.
2857 3993 2876 4027 ι
2888 3992 2935 4039 5,

1775 4058 1889 4123 sq.).
1962 4060 2239 4109 Tertullian
2263 4061 2369 4109 will
2391 4067 2479 4109 not
2503 4059 2650 4109 suffer
2677 4077 2777 4124 any
2797 4075 2935 4109 com·

1774 4142 1991 4206 promise
2013 4141 2136 4190 with
2160 4142 2338 4207 regard
2369 4149 2422 4191 to
2445 4141 2606 4191 either
2633 4141 2843 4191 widows
2877 4158 2937 4192 or

1775 4222 2056 4287 presbyters
2073 4223 2164 4282 (ad
2171 4238 2315 4271 uxor.
2332 4222 2364 4273 i.
2396 4234 2447 4284 7:
2463 4224 2750 4288 “quantum
2774 4223 2938 4273 detra-

1775 4303 1900 4355 hant
1923 4304 2059 4363 fidei,
2093 4313 2337 4370 quantum
2360 4307 2650 4370 obstrepent
2685 4306 2940 4356 sanctitati

1777 4386 1984 4451 nuptiae
2024 4387 2274 4436 secundae
2313 4386 2581 4452 disciplina
2617 4386 2855 4437 ecclesiae
2888 4396 2940 4438 et

1774 4475 2093 4532 praeceptum
2130 4466 2344 4532 apostoli
2378 4467 2615 4527 declarat,
2652 4483 2766 4517 cum
2803 4468 2940 4532 diga·

3209 0 3221 148 --.-ιι-ιι
