3221 5116
448 342 569 408 150
1111 342 1569 404 TnEonoRus
1619 340 2207 393 MOPSUESTENUS
2581 327 2727 411 [Iv,
2767 345 2860 407 14

440 513 758 578 lationem
820 515 979 578 illud
1040 513 1370 595 accipiens
1430 532 1678 596 perque
1738 513 2209 596 inpositionem
2272 534 2590 577 manuum
2661 515 2863 597 pluri-

446 637 704 681 morum
764 626 832 680 et
891 616 1018 680 hoc
1077 637 1211 680 non
1272 616 1767 694 uilissimorum,
1817 617 1932 698 qui
1981 617 2047 679 in
2103 626 2221 680 tua
2267 619 2687 683 ordinatione
2741 622 2866 704 ipsi

443 721 697 802 gratiae
755 721 880 784 uisi
940 731 1096 784 sunt
1157 722 1585 785 ministrasse.
1679 720 1905 803 itaque
1954 722 2136 784 omni
2190 742 2281 784 ex
2335 731 2524 804 parte
2577 742 2710 785 non
2765 733 2869 787 est

444 836 714 888 cautum
747 826 869 888 tibi
901 835 974 889 ut
1007 825 1323 908 neglegas
1365 826 1477 888 illa
1517 845 1690 908 quae
1731 825 1853 888 tibi
1896 837 2051 888 sunt
2083 827 2395 902 iniuncta,
2429 826 2570 889 siue
2601 836 2874 909 propter

385 938 416 1005 5
448 928 919 993 reuelationem
950 951 1102 994 cum
1151 951 1285 1011 qua
1329 932 1686 993 adsecutus
1717 949 1805 1004 eS,
1841 931 1981 992 siue
2024 930 2112 993 ob
2143 930 2603 1014 dignationem
2636 952 2866 995 eorum

447 1034 560 1113 qui
608 1033 695 1096 ob
739 1033 867 1097 hoe
914 1035 1128 1116 ipsum
1178 1036 1629 1098 ministrantes
1677 1055 1915 1098 manus
1959 1035 2082 1097 tibi
2131 1032 2604 1117 inposuerunt.’
2687 1048 2870 1119 pres-

451 1135 681 1215 hyterii
733 1158 891 1201 uero
950 1137 1076 1200 hoc
1138 1138 1201 1200 in
1266 1137 1412 1200 loco
1473 1158 1605 1201 non
1668 1157 1784 1200 eos
1859 1159 2035 1201 nunc
2096 1139 2468 1202 nominauit
2527 1140 2640 1221 qui
2697 1161 2871 1204 nunc

450 1241 880 1304 nominantur
930 1241 1510 1323 presbyteri—nec
1564 1249 1790 1303 autem
1837 1260 1939 1303 res
1985 1241 2386 1305 admittebat
2423 1243 2586 1305 istos
2635 1264 2872 1308 manus

454 1343 768 1425 inponere
810 1347 895 1410 ad
941 1346 1426 1408 ordinationem
1475 1345 1682 1427 ipsius
1728 1345 2132 1423 functionis;
2179 1348 2296 1410 sed
2351 1345 2867 1428 †apostolorum

354 1464 432 1511 10
453 1447 614 1511 dicit
664 1457 1068 1512 conuentum
1123 1449 1236 1531 qui
1290 1449 1520 1511 aderat
1565 1448 1873 1530 apostolo
1929 1448 2136 1513 Paulo
2184 1460 2252 1513 et
2304 1471 2455 1513 cum
2509 1472 2589 1514 eo
2637 1473 2872 1516 manus

454 1552 866 1633 inponebant
915 1555 980 1615 in
1027 1553 1168 1616 eius
1224 1554 1728 1618 ordinationem.
1820 1554 2377 1636 ‘presbyterium’
2424 1564 2648 1619 autem
2712 1555 2872 1619 illud

457 1656 830 1720 nominauit
860 1656 1424 1738 contemplatione
1453 1656 1743 1720 honoris,
1811 1657 1938 1720 ista
1969 1678 2128 1736 uero
2158 1660 2640 1722 consuetudine
2670 1660 2873 1723 etiam
2926 1715 2931 1719 .

459 1781 633 1824 nunc
680 1770 888 1845 agunt
917 1782 1127 1844 usque
1168 1761 1314 1838 hue,
1356 1771 1431 1825 ut
1472 1761 1538 1824 in
1581 1761 2045 1843 episcoporum
2088 1763 2507 1826 ordinatione
2539 1783 2672 1826 non
2706 1784 2877 1826 unus

458 1867 574 1929 sed
630 1866 895 1948 plurimi
937 1876 1005 1929 et
1057 1865 1438 1930 huiusmodi
1487 1867 1977 1930 ordinationem
2034 1865 2421 1951 impleant*
2511 1867 2757 1930 deinde
2810 1876 2877 1930 et

356 1984 428 2052 15
458 1971 818 2051 persistens
871 1971 937 2034 in
971 1971 1355 2053 praebendo
1385 1971 1663 2035 consilio
1694 1972 1896 2035 adicit
1931 1991 1950 2035 ε

590 2184 704 2251 τὸν
738 2189 871 2252 τῶν
911 2187 1311 2253 αποστόλων
1351 2187 1691 2272 σύλλογον
1732 2189 1957 2275 φησίν,
1990 2186 2054 2253 οἳ
2092 2187 2428 2274 συνῄεσάν
2459 2214 2532 2253 τε
2560 2186 2738 2275 αὐτῷ
2767 2185 2882 2254 καὶ

460 2287 961 2374 συνεφήπτοντο
993 2289 1078 2359 ὥς
1110 2289 1282 2359 εἰκὸς
1310 2290 1677 2378 ποιουμένῳ
1709 2290 1830 2372 τὴν
1860 2290 1963 2357 ἐπ’
1995 2290 2175 2378 αὐτῷ
2204 2290 2631 2379 χειροτονίαν,
2652 2298 2884 2377 ’πρεσ-

459 2388 801 2474 βυτέριον’
847 2389 1006 2457 αὐτὸ
1049 2390 1379 2475 ὀνομάσας
1420 2391 1555 2458 ἀπὸ
1597 2397 1718 2460 τοῦ
1748 2393 2026 2477 ἐντίμου.
2117 2396 2310 2458 τοῦτο
2344 2391 2412 2457 δὲ
2442 2391 2556 2458 καὶ
2597 2397 2710 2458 νῦν
2739 2391 2885 2459 ἔθος

462 2494 531 2558 ἐν
564 2498 708 2565 ταῖς
748 2497 881 2561 τῶν
925 2494 1317 2562 ἐπισκόπων
1355 2495 1665 2580 ’γίνεσθαι
1711 2498 2108 2585 προβολαῖς,
2139 2493 2215 2562 τὸ
2250 2493 2343 2579 μὴ
2376 2492 2488 2580 ὑφ’
2528 2493 2686 2576 ἑνός,
2728 2491 2884 2560 ἀλλ’

353 2612 439 2662 20
465 2596 595 2663 ὑπὸ
655 2598 983 2666 πλειόνων
1040 2598 1159 2671 τὰς
1219 2600 1528 2671 τοιαύτας
1588 2601 1657 2666 ἐν
1714 2604 1794 2685 τῇ
1854 2599 2179 2688 ἐκκλησίᾳ
2235 2597 2644 2689 χειροτονίας
2713 2607 2888 2678 πλη-

460 2700 757 2788 ροῦσθαι.

566 2898 584 2931 1
636 2897 726 2946 per
747 2897 897 2946 quem
925 2881 1089 2932 C'II
1143 2899 1234 2948 per
1259 2883 1461 2948 inquam
1486 2899 1519 2932 r
1600 2898 1607 2907 ·
1743 2899 1775 2944 4
1809 2890 2012 2933 auctum
2038 2882 2153 2947 (sor
2172 2881 2324 2943 caut.)
2347 2882 2418 2932 H
2645 2892 2673 2942 5
2710 2896 2770 2931 ea
2794 2877 2891 2945 (ast

461 2959 580 3027 qua)
605 2962 672 3011 H
678 2977 711 3010 r
948 2961 981 3012 6
1013 2964 1328 3028 presbyteros
1369 2965 1413 3014 C
1442 2963 1589 3025 (corr)
1609 2980 1642 3012 r
1882 2976 1909 3026 7
1949 2971 2067 3013 tunc
2110 2963 2222 3028 (sor
2257 2962 2408 3023 nunc)
2455 2963 2499 3012 C
2528 2961 2673 3025 (corr)
2698 2979 2711 3011 ε
2745 2976 2824 3011 om
2860 2977 2892 3009 r
2955 2968 2962 2975 ·

468 3058 524 3106 13
558 3051 712 3107 agunt
733 3059 811 3093 om
840 3044 885 3092 C
945 3052 1099 3108 agunt
1122 3053 1176 3094 ut
1200 3061 1279 3093 om
1301 3045 1369 3093 Η
1389 3043 1397 3109 Ι
1425 3044 1587 3108 agitur
1610 3042 1709 3109 (ast
1728 3047 1905 3109 usque)
1929 3044 2036 3093 add
2058 3045 2100 3094 C
2121 3044 2298 3105 (corr):
2330 3049 2413 3092 txt
2444 3059 2476 3091 r
2719 3041 2776 3092 16
2809 3057 2887 3107 sq.

463 3123 617 3174 Coisl.
648 3140 758 3189 204,
783 3125 817 3175 l.
845 3142 884 3174 c.
911 3127 1151 3188 θεόδωρος.
1218 3122 1252 3186 ἢ
1276 3128 1354 3175 καὶ
1380 3127 1462 3175 τὸν
1482 3129 1594 3182 τῶν,
1619 3128 1769 3175 κ.τ.λ.

528 3278 576 3325 8.
642 3292 730 3325 nec
759 3284 925 3325 autem
961 3293 1039 3326 res
1069 3278 1379 3340 admittebat]
1445 3279 1508 3329 In
1534 3280 1620 3329 the
1724 3281 1779 3328 οὐ
1825 3281 1936 3340 περὶ
1997 3276 2335 3343 πρεσβυτέρων
2377 3279 2542 3341 φησίν,
2597 3275 2725 3327 ἀλλὰ
2779 3278 2890 3340 περὶ

461 3357 586 3407 East
600 3359 879 3422 presbyters
895 3359 995 3408 had
1017 3375 1085 3409 no
1108 3369 1219 3425 part
1237 3361 1287 3410 in
1306 3362 1392 3410 the
1414 3361 1617 3426 imposi-
1721 3361 2014 3411 ἐπισκόπων·
2054 3365 2109 3411 οὔ
2123 3360 2218 3425 γὰρ
2248 3357 2309 3422 δὴ
2328 3359 2644 3424 πρεσβύτεροι
2671 3359 2755 3409 τὸν
2784 3361 2886 3409 ἐπί-

461 3439 569 3488 tion
592 3438 650 3488 os
669 3438 846 3499 hands,
875 3454 1000 3488 even
1024 3447 1074 3488 at
1100 3439 1184 3489 the
1207 3441 1491 3490 ordination
1514 3441 1575 3491 of
1589 3457 1622 3491 a
1721 3461 1907 3493 σκοπον
1931 3442 2278 3507 ἐχειροτόνουν.
2339 3443 2515 3492 Thdt.:
2542 3438 2888 3504 πρεσβυτέριον

459 3522 612 3586 priest
628 3539 643 3582 ;
687 3523 786 3571 and
832 3521 1024 3572 neither
1056 3524 1105 3571 in
1142 3523 1263 3573 East
1298 3540 1355 3573 or
1396 3525 1537 3574 West
1573 3525 1617 3574 is
1724 3528 1776 3574 δὲ
1798 3523 2007 3574 ἐνταῦθα.
2021 3522 2298 3588 [ἐκάλεσεν]
2322 3526 2430 3573 τοὺς
2457 3520 2540 3583 τῆς
2562 3520 2886 3582 ἀποστολικῆς

461 3604 601 3653 there
634 3620 732 3668 any
758 3604 1109 3655 well-attested
1140 3605 1363 3655 instance
1396 3606 1457 3655 os
1482 3608 1617 3670 pres·
1727 3605 1920 3671 χάριτος
1937 3605 2236 3666 ἠξιωμένους.

457 3687 625 3750 byters
654 3685 841 3750 having
871 3685 1021 3735 taken
1044 3695 1155 3751 part
1180 3687 1231 3735 in
1263 3687 1346 3737 the
1369 3702 1625 3737 consecra·
1800 3705 1875 3739 η.
1926 3689 2323 3752 contemplatione
2341 3687 2560 3748 honor-125]
2612 3687 2691 3737 Cf.
2714 3694 2885 3752 supra,

457 3769 564 3819 tion
582 3767 641 3817 of
657 3784 754 3819 one
776 3768 835 3818 os
852 3768 981 3818 their
1002 3784 1117 3817 own
1142 3769 1277 3832 body
1292 3777 1345 3817 to
1369 3769 1453 3818 the
1482 3768 1626 3833 Epis·
1732 3785 1784 3834 p.
1816 3782 1925 3833 119,
1949 3769 1984 3818 l.
2015 3784 2088 3830 10,
2116 3777 2251 3818 note.

458 3860 655 3916 copate.
690 3852 784 3902 See
802 3852 883 3900 Mr
897 3850 1162 3900 Haddan’s
1177 3852 1350 3901 article
1363 3848 1626 3916 “Bishop”
1799 3867 1876 3914 13.
1946 3866 2046 3899 non
2070 3866 2206 3899 unus
2224 3849 2561 3914 sedplum'mz]
2627 3849 2707 3899 Cf.
2741 3849 2887 3899 Had-

462 3934 515 3983 in
546 3933 633 3982 the
667 3934 807 3982 Dict.
845 3933 908 3997 of
932 3933 1055 3983 Chr.
1085 3936 1216 3983 Ant.
1254 3934 1303 3997 (i.
1344 3937 1477 4000 229),
1514 3935 1619 3983 and
1730 3932 1846 3990 dan,
1877 3933 1911 3980 l.
1935 3948 1996 3989 c.‚
2021 3948 2072 3997 p.
2100 3947 2194 3995 2²3
2221 3948 2297 3997 sq.
2375 3932 2474 3981 Th.
2497 3947 2708 3996 appears
2731 3938 2783 3980 to
2817 3946 2894 3981 re·

457 4031 623 4080 comp.
667 4016 750 4064 Mr
802 4015 1015 4065 Hatch's
1057 4016 1231 4066 article
1287 4033 1353 4065 on
1416 4016 1616 4066 “Ordi-
1726 4015 1851 4079 gard
1878 4015 1965 4064 the
1988 4016 2091 4080 Ap.
2124 4031 2179 4064 as
2212 4014 2452 4078 referring
2475 4014 2528 4062 in
2550 4013 2650 4063 this
2673 4014 2816 4077 place
2838 4021 2891 4062 to

459 4096 634 4145 nation
652 4093 685 4117 ’'
716 4095 788 4157 (ἰί.
828 4097 951 4159 1518
977 4095 1077 4163 sq.)
1098 4116 1112 4158 3
1147 4099 1248 4147 add
1285 4097 1476 4155 Routh,
1510 4097 1620 4146 rell.
1728 4098 1781 4147 S.
1806 4096 2087 4161 Timothy’s
2110 4097 2395 4146 ordination
2419 4104 2472 4145 to
2497 4096 2582 4145 the
2602 4097 2892 4159 episcopal&

457 4191 584 4225 sacr.
612 4188 688 4224 IV.
706 4191 757 4240 p.
785 4191 876 4238 144
898 4191 971 4240 sq.
988 4177 1076 4238 [on
1099 4176 1183 4227 the
1207 4186 1311 4226 text
1329 4177 1387 4227 of
1400 4176 1486 4226 the
1505 4176 1623 4237 13th
1726 4178 1790 4228 cf.
1850 4178 2025 4240 Chrys.
2086 4176 2239 4239 (cited
2284 4178 2483 4236 above),
2535 4177 2635 4226 and
2683 4177 2890 4241 Pelag.:

459 4258 637 4308 Canon
660 4257 719 4308 of
734 4258 976 4322 AncyraJ.
1734 4260 1771 4284 ‘⁴
1803 4258 2098 4323 prophetiae
2128 4259 2343 4323 gratiam
2376 4257 2594 4307 habebat
2619 4273 2734 4307 cum
2756 4258 2892 4307 ordi-

521 4355 566 4408 9.
640 4342 966 4407 apostolorum
979 4342 1029 4392 d.
1050 4343 1372 4403 conuentum]
1407 4343 1447 4393 1.
1463 4358 1509 4392 e.
1535 4343 1623 4393 the
1726 4342 1930 4391 natione
1951 4339 2318 4406 episcopatus.”
2395 4340 2499 4389 For
2528 4340 2738 4389 another
2767 4340 2894 4391 view

454 4422 710 4487 primitive
725 4422 961 4487 bishops3
994 4422 1061 4472 cf.
1087 4435 1145 4472 11.
1167 4440 1217 4488 p.
1242 4437 1353 4484 123.
1412 4425 1588 4488 ChryS.
1610 4442 1623 4473 ε
1733 4440 1817 4474 see
1843 4424 2192 4474 Wordsworth
2216 4424 2312 4473 and
2342 4422 2568 4480 Ellicott,
2594 4423 2665 4471 ad
2681 4423 2730 4472 k.
2760 4424 2794 4472 l.
