3221 5116
246 385 398 450 ·IV.
433 400 488 468 5,
521 386 608 471 6.]

870 399 951 450 IN
1000 398 1106 451 ΕΡ.
1149 399 1254 449 ΑΙ)
1298 397 2044 451 THESSALONICENSES
2090 399 2135 447 1.
2613 397 2694 461 23

276 573 364 636 ad
397 571 675 637 alteram
706 571 980 637 ulterius
1013 572 1366 637 intueatur.
1428 573 1725 654 apertius
1751 591 1910 635 uero
1943 570 2122 635 dixit
2154 588 2280 634 non
2311 568 2383 632 in
2397 562 2699 650 passione

274 676 810 758 concupiscentiae,
842 697 924 741 eo
954 679 1135 760 quod
1168 677 1298 741 ista
1328 696 1534 758 agens
1571 697 1707 740 non
1755 675 1947 758 quasi
1990 673 2188 737 uxori
2234 692 2394 735 suae
2434 672 2697 735 iunctus

277 798 424 842 esse
455 779 731 856 uidetur,
764 781 881 844 sed
914 789 1187 863 propter
1216 779 1737 862 permixtionem
1770 778 1982 842 solam
2016 778 2082 842 id
2117 777 2339 859 agitur
2371 774 2694 850 absolute,

279 901 484 963 quam
519 874 929 964 ‘passionem
960 883 1535 965 concupiscentiae
1557 882 1571 908 ’
1609 878 2084 965 nuncupauit*
2158 878 2699 962 concupiscentia

280 982 460 1045 enim
508 984 574 1046 in
619 985 893 1049 crimine
938 985 1160 1049 uocari
1207 1005 1340 1048 non
1387 994 1628 1068 potest,
1660 1005 1740 1048 eo
1784 985 1964 1066 quod
2009 991 2287 1047 naturae
2328 990 2586 1045 motum
2628 980 2693 1042 in
2729 992 2760 1059 5

281 1102 475 1146 suam
517 1085 788 1167 explere
818 1087 1083 1151 uidetur
1111 1107 1412 1153 uxorem.
1488 1085 1941 1170 ‘passionem’
1988 1106 2146 1149 uero
2193 1083 2699 1166 ‘concupiscen-

280 1183 452 1247 tiae’
496 1186 694 1268 dixit,
740 1189 919 1271 quod
974 1188 1119 1252 aliis
1172 1188 1435 1252 feminis
1479 1189 1797 1272 permixti
1844 1188 2048 1253 etiam
2092 1207 2248 1251 suas
2303 1204 2549 1248 uxores
2611 1181 2696 1245 ad

281 1287 787 1354 similitudinem
833 1312 1061 1356 earum
1107 1293 1294 1357 abuti
1354 1293 1580 1359 uelint.
1669 1294 1913 1357 deinde
1976 1289 2477 1376 comparatione
2540 1306 2699 1351 con-

283 1388 564 1453 trarium
595 1410 765 1473 opus
796 1393 1013 1477 ipsum
1045 1395 1447 1459 sufficienter
1475 1396 1868 1479 derogauit:

414 1541 585 1607 sicut
608 1553 672 1607 et
687 1554 911 1628 gentes
937 1564 1099 1627 quae
1129 1544 1421 1610 nesciunt
1447 1544 1684 1611 Deum.
2544 1594 2553 1598 -
2736 1551 2817 1601 10

416 1673 582 1737 haec
612 1672 840 1736 dicens
879 1673 965 1736 de
1007 1673 1135 1737 illis
1179 1673 1376 1751 dixit,
1409 1673 1524 1755 qui
1568 1693 1816 1737 uxores
1855 1672 2183 1737 habentes
2224 1670 2369 1736 aliis
2415 1669 2703 1734 mulieri-

286 1773 413 1836 bus
444 1775 1043 1856 permiscebantur3
1092 1775 1159 1839 in
1205 1775 1764 1858 subsequentibus
1800 1795 1962 1838 uero
2003 1775 2308 1857 disputat
2349 1782 2417 1837 et
2457 1773 2543 1836 de
2574 1770 2704 1835 illis

284 1876 405 1959 qui
436 1879 846 1960 usurpabant
869 1877 1263 1960 permiscere
1294 1877 1422 1941 illis
1454 1878 1859 1956 mulieribuS,
1883 1898 2058 1961 quae
2087 1876 2385 1962 legitime
2416 1876 2703 1940 maritali

289 1987 482 2042 erant
512 1979 775 2042 iunctae
806 1979 1049 2044 affectu
1078 2003 1093 2045 ε

421 2140 497 2193 ut
523 2150 648 2194 non
674 2131 1207 2215 supergrediatur
1232 2142 1296 2195 et
1306 2131 1592 2214 fraudet
1620 2131 1692 2195 in
1723 2130 1972 2214 negotio
1984 2132 2285 2214 fratrem
2314 2150 2524 2194 suum.
2742 2135 2812 2202 15

421 2258 849 2340 pudicissime
880 2259 1151 2341 quidem
1193 2259 1371 2323 dixit
1403 2260 1473 2323 in
1521 2259 1768 2342 negotio
1785 2283 1816 2335 ;
1862 2280 1983 2343 per
2010 2258 2238 2322 omnia
2278 2278 2437 2321 uero
2467 2257 2706 2341 iniqui-

290 2367 503 2422 tatem
535 2359 752 2441 operis
782 2360 1023 2423 enIxus
1054 2370 1156 2423 est
1186 2382 1478 2443 arguere.
1568 2380 1726 2424 nam
1765 2362 1927 2423 dum
1971 2360 2134 2424 dicit
2164 2380 2288 2422 non
2315 2356 2706 2440 supergredi,

291 2462 484 2544 quasi
532 2463 852 2525 terminos
904 2463 1232 2544 quosdam
1284 2464 1538 2546 positos
1588 2463 2021 2526 inuadentem
2078 2460 2315 2544 arguit.
2396 2480 2477 2522 eo
2526 2458 2708 2541 quod

290 2563 473 2627 dixit
485 2564 839 2644 fraudare,
873 2565 1064 2648 quasi
1096 2566 1210 2648 qui
1243 2565 1531 2628 alienam
1564 2564 1824 2629 auferat
1853 2565 2363 2648 possessionem.
2428 2572 2498 2627 et
2526 2561 2708 2644 quod

291 2666 475 2731 dixit
503 2667 818 2748 fratrem,
868 2669 1083 2732 maius
1134 2668 1385 2731 crimen
1435 2669 1799 2750 aggerauit,
1854 2669 1909 2731 si
1964 2678 2033 2732 et
2077 2686 2229 2731 cum
2278 2686 2491 2729 uxore
2537 2665 2710 2728 illius
2739 2681 2825 2730 20

293 2769 411 2854 qui
462 2789 582 2851 per
634 2769 836 2834 fidem
884 2771 1085 2835 frater
1136 2780 1240 2835 est
1290 2771 1808 2853 permisceatur3
1862 2790 2064 2853 quem
2113 2781 2183 2835 et
2227 2769 2498 2834 fratrem
2544 2787 2712 2831 nun·

293 2970 371 3037 τὸ
430 2973 518 3036 mvi
571 2972 643 3038 ἐκ
706 2975 886 3039 πάθει
938 2971 1266 3049 intermine,
1315 2970 1403 3043 ὥς
1461 2971 1545 3038 ἂν
1594 2977 1793 3039 τοῦτο
1843 2974 2188 3041 ποιοῦντος·
2233 2969 2456 3037 οὐκέτι
2507 2968 2715 3056 ταύτῃ

293 3071 379 3144 ὥς
422 3070 679 3156 «γυναικὶ
728 3071 1050 3151 συνόντος,
1098 3073 1281 3139 ἀλλὰ
1332 3070 1437 3138 διὰ
1489 3072 1668 3158 μίξιν
1716 3075 1921 3158 μόνην
1971 3072 2215 3144 ἁπλῶς·
2268 3070 2429 3160 ὅπερ
2472 3070 2717 3142 πάθος

294 3173 708 3258 ἐπιθυμίας
751 3173 1080 3243 ἐκάλεσεν.

398 3337 702 3402 sagitr.

294 3432 328 3483 9
373 3419 524 3485 ipsud
549 3417 629 3469 C*
831 3430 890 3482 17
923 3419 1089 3469 enisus
1115 3419 1327 3483 C(c0rr)

368 3587 412 3623 ι.
482 3570 722 3636 apo-tius]
783 3572 993 3637 Jacobi=
1033 3572 1342 3623 “translator
1371 3573 1457 3631 ἐμ-

299 3649 629 3714 φατικώτερου
676 3651 811 3701 male
862 3651 1108 3702 intellexit
1159 3653 1299 3717 quasi
1351 3653 1450 3703 Th.

297 3734 574 3799 scripsisset
603 3730 1014 3795 &marem-epar?

362 3817 413 3867 8.
495 3813 823 3876 contrarium]
899 3813 1122 3879 Perhaps
1147 3834 1192 3855 =
1216 3814 1460 3863 contrari·

299 3914 462 3958 orum,
511 3899 604 3948 Le.
636 3894 734 3946 τῶν
777 3897 998 3946 ἐναντίω
1041 3898 1107 3958 (=
1119 3896 1219 3946 τῶν
1273 3895 1456 3958 ἐθνῶν).

302 3981 445 4032 With
465 3981 900 4045 opus...derogam·t
919 3980 983 4029 cs.
1010 3992 1047 4029 1.
1072 3996 1122 4045 p.
1151 3996 1193 4029 1.
1223 3978 1254 4028 l.
1289 3993 1366 4041 13.

373 4076 449 4124 ¹3·
514 4060 845 4125 usurpabant]
912 4058 1245 4124 ‘presumed‚’
1302 4064 1315 4087 ⁸
1332 4073 1462 4108 were

303 4141 462 4205 guilty
482 4140 541 4190 of
555 4141 641 4191 the
661 4141 816 4192 crime
837 4140 925 4202 σίζ’
950 4141 1041 4192 &c.
1104 4140 1187 4191 Cf.
1209 4148 1381 4206 supra,
1405 4156 1454 4205 p.

311 4236 383 4284 14,
410 4220 447 4270 1.
472 4234 553 4271 αι.

373 4312 449 4363 15.
496 4298 733 4364 fraudet]
798 4298 864 4351 Ο.
889 4300 950 4350 L.
974 4299 1075 4349 and
1098 4298 1272 4363 vulg„
1319 4297 1462 4347 “cir-

305 4378 639 4431 cumueniat.”

372 4461 447 4514 16.
504 4463 940 4528 pudicissime...in
956 4462 1159 4528 negotio]
1195 4461 1463 4513 Cf-Dam.=

889 3349 917 3402 5
964 3337 1017 3386 in
1054 3337 1244 3387 crimen
1277 3339 1476 3390 euocari
1518 3339 1563 3390 C
1592 3337 1738 3403 (corr)

1524 3435 1582 3471 οι
1621 3419 1721 3470 fide
1748 3420 1794 3470 C
1811 3417 1963 3483 (corr)

2002 3338 2033 3387 8
2079 3335 2505 3402 comparationem
2545 3332 2623 3385 C*
2657 3334 2726 3385 H

1555 3570 1780 3634 εὐφήμως
1816 3588 1878 3635 γε
1915 3571 2106 3634 σφόδρα
2148 3570 2230 3620 καὶ
2274 3566 2720 3628 ἑτικεκαλυμμένως

1556 3653 1648 3711 τὴν
1690 3653 1909 3713 μοιχείαν
1952 3651 2211 3722 ὠνόμασεν.
2284 3648 2502 3711 Thpht.:
2558 3649 2609 3695 ἐν
2649 3646 2726 3707 τῷ

1558 3730 1826 3794 πράγματι·
1870 3734 2139 3787 τουτέστιν,
2178 3728 2245 3790 τῇ
2278 3730 2417 3789 μίξει.
2489 3727 2721 3793 Pelagius

1558 3813 1708 3864 offers
1735 3830 1766 3862 a
1794 3813 2068 3863 somewhat
2098 3809 2288 3861 similar
2320 3808 2713 3873 interpretation,

1562 3894 1653 3943 but
1675 3893 1828 3943 adds:
1868 3893 2017 3942 “siue
2038 3892 2091 3941 in
2114 3889 2390 3955 quolibet
2421 3891 2719 3952 (τῳετυίῗ)

1560 3975 1779 4040 negotio,
1807 3989 1873 4024 ne
1894 3974 2005 4037 quis
2026 3972 2236 4023 alterum
2257 3970 2505 4023 fraudet.’'

1635 4056 1710 4105 18.
1776 4055 1924 4120 quasi
1953 4056 2184 4104 terminos
2224 4050 2719 4119 quosdam...arguit]

1564 4137 1638 4188 So
1692 4136 1898 4199 Chrys.=
1982 4134 2176 4196 ἐκάπῳ
2229 4136 2256 4185 ὀ
2311 4137 2415 4185 θεὸς
2469 4132 2722 4193 ἀπένειμεν

1559 4217 1782 4278 γυναῖκα,
1809 4216 1970 4278 ὅρους
1992 4217 2160 4275 ἔθηκεν
2180 4216 2242 4278 τῇ
2265 4217 2426 4277 φύσει.

1630 4311 1707 4346 20.
1780 4296 1943 4345 maius
1978 4297 2164 4345 crimen
2198 4294 2475 4360 aggerauil]
2534 4294 2719 4344 Thdtz
2817 4327 2824 4334 -

1561 4378 1766 4437 ηὔξησεν
1795 4378 1847 4427 δὲ
1879 4378 1970 4436 τὴν
1998 4379 2304 4439 κατηγορίαν,
2331 4374 2548 4438 ἀδελφὸν
2570 4377 2723 4435 δείξας

1560 4461 1647 4510 τὸν
1667 4456 1984 4520 ἀδικούμενον.
