3221 5116
508 383 629 464 ¹36
1160 398 1617 450 THEononus
1665 397 2252 450 MOPSUESTENUS
2622 381 2781 466 [ΙΙΙ.
2824 384 2915 447 16.

496 594 657 656 pore
701 583 931 640 contra
977 575 1244 659 pietatis
1290 575 1665 640 doctrinam
1711 575 1963 658 dogma
2012 570 2305 640 Simonis
2351 572 2531 654 magi
2592 569 2916 654 pullulare

499 674 887 757 uidebatur;
930 677 1111 760 quod
1151 679 1402 761 dogma
1435 677 1744 741 uniuersa
1783 678 1912 740 ista
1953 697 2128 760 quae
2169 675 2484 738 uidentur
2522 673 2611 738 ab
2647 672 2915 756 opifica-

496 779 680 843 tione
726 779 854 844 Dei
900 780 1190 844 alienare
1235 781 1635 864 temptabat.
1727 790 2000 866 propter
2041 779 2170 843 hoc
2215 780 2420 846 etiam
2466 779 2679 841 carnis
2720 778 2919 841 dene-

494 880 705 963 gabat
748 880 994 946 sactam
1037 882 1241 947 fuisse
1281 883 1857 966 adsumptionem;
1905 883 2172 946 dicebat
2218 882 2397 945 enim
2444 880 2915 964 phantasmate

433 997 462 1063 5
495 982 641 1047 solo
680 983 1026 1048 dominum
1068 985 1456 1069 adparuisse
1496 987 1565 1049 in
1598 1006 1814 1062 carne,
1849 987 1943 1049 ita
1975 994 2048 1049 ut
2081 1006 2213 1048 non
2249 984 2585 1048 uideretur
2614 1004 2767 1047 caro
2799 980 2913 1046 tali

497 1087 753 1150 ratione
791 1086 1042 1152 honore
1082 1098 1150 1153 et
1189 1089 1539 1171 diligentia
1579 1089 1786 1172 digna
1826 1089 2056 1165 uideri,
2099 1088 2428 1171 siquidem
2476 1095 2544 1150 et
2590 1084 2915 1150 inhabita·

495 1189 680 1251 tione
709 1188 937 1252 diuina
967 1191 1173 1274 digna
1205 1190 1417 1256 fuerit.
1507 1192 1752 1256 deinde
1790 1193 2019 1256 dicens
2059 1192 2177 1275 qui
2212 1190 2678 1273 manffestatus
2712 1198 2809 1251 est
2841 1186 2912 1250 in

495 1313 686 1356 carne
724 1293 935 1380 (quod
975 1297 1062 1359 de
1106 1295 1258 1360 Deo
1305 1295 1434 1359 dici
1478 1296 1616 1359 iure
1658 1296 2029 1373 uidebatur,
2061 1314 2219 1358 nam
2257 1293 2370 1357 illa
2416 1302 2560 1357 erat
2603 1291 2913 1355 diuinitas

496 1416 670 1480 quae
721 1393 789 1460 in
838 1418 1035 1462 carne
1088 1398 1332 1464 Christi
1386 1397 1600 1464 suerat
1651 1399 1839 1483 uisa),
1886 1400 2125 1463 transit
2176 1408 2245 1462 et
2304 1398 2390 1462 ad
2439 1398 2554 1462 illa
2606 1417 2779 1482 quae
2826 1398 2912 1461 de

394 1522 472 1569 10
497 1502 768 1568 homine
811 1503 941 1568 dici
988 1513 1318 1587 poterant,
1349 1512 1424 1568 ut
1459 1504 1785 1587 ampliore
1830 1522 2212 1566 sermonum
2259 1503 2722 1585 prosecutione
2762 1521 2913 1566 con-

497 1607 789 1673 firmaret
820 1608 980 1671 illud
1013 1609 1192 1692 quod
1225 1618 1385 1673 tune
1414 1609 1784 1673 uocabatur
1813 1609 1880 1671 in
1912 1606 2188 1671 dubium
2215 1626 2231 1671 ε

628 1760 1016 1844 τ’τιςίῂῖεατιις
1047 1760 1116 1824 in
1152 1760 1431 1844 Spiritu.

628 1889 904 1959 euidens
953 1888 1080 1956 hoc
1127 1888 1447 1970 quoniam
1495 1887 1582 1955 ad
1632 1887 1955 1955 deitatem
2007 1908 2431 1971 nequaquam
2481 1896 2704 1971 potest
2765 1910 2913 1972 per.

496 1993 747 2070 tinere;
794 1992 1129 2056 humanae
1178 2014 1339 2057 uero
1392 2002 1672 2057 naturae
1721 1993 2066 2057 euidenter
2113 2000 2339 2076 potest
2389 1994 2626 2077 aptari,
2680 1996 2794 2077 qui
2847 2004 2918 2060 et

598 2167 617 2201 1
658 2150 864 2201 siminus
886 2150 1045 2215 magis
1072 2151 1116 2200 C
1132 2150 1156 2173 ⁸
1181 2151 1248 2200 H
1262 2167 1295 2201 r
1318 2149 1326 2214 Ι
1356 2150 1587 2215 pulurare
1616 2149 1692 2201 C·

1253 2245 1280 2295 5
1315 2232 1423 2282 sola
1450 2232 1573 2283 CH
1588 2250 1602 2282 z
1637 2238 1721 2282 txt
1737 2248 1771 2281 r

1170 2330 1226 2365 η
1262 2314 1555 2365 iustificantur
1579 2317 1626 2366 C
1674 2314 1994 2365 iustificatum
2016 2322 2092 2365 est
2114 2332 2148 2364 r

497 2230 788 2297 (bescarnis)
812 2232 917 2281 add
938 2231 1016 2281 C*
1040 2233 1109 2281 H

496 2315 621 2375 uisa)
645 2310 741 2379 ΗΙ
767 2314 1022 2364 adomH

563 2479 607 2514 ς.
673 2464 736 2514 ab
778 2462 1082 2529 opzjficationc
1120 2461 1227 2511 Dea·
1267 2461 1505 2521 alienare,
1540 2461 1661 2524 &c.]

496 2547 576 2598 Cf.
618 2547 747 2598 Iren.
792 2546 826 2596 i.
857 2562 918 2611 23
949 2548 977 2608 5
1009 2563 1068 2598 a:
1103 2550 1137 2574 ‘⁸
1162 2544 1416 2598 Ennoiam
1451 2545 1660 2612 degredi

495 2629 561 2678 ad
597 2628 831 2678 inferiora
873 2636 924 2678 et
959 2643 1198 2693 generare
1238 2628 1446 2692 angelos
1483 2635 1534 2678 et
1568 2642 1659 2693 po-

495 2718 715 2771 testates»,
760 2726 791 2760 a
829 2711 1052 2776 quibus
1083 2718 1142 2760 et
1176 2710 1462 2759 mundum
1497 2709 1661 2761 hune

492 2792 725 2842 factum
760 2789 978 2842 dixit.”
1047 2791 1263 2857 Hippol.
1302 2790 1367 2841 vi.
1411 2794 1500 2841 18:
1555 2793 1661 2841 ἐτί-

496 2893 602 2928 νοια
642 2876 854 2938 μεγάλη,
901 2876 1088 2936 θήλεια,
1137 2871 1360 2936 γεννῶσα
1400 2876 1467 2923 τὰ
1499 2875 1663 2923 Ιπάντα

497 2958 831 3024 —Opzjficatio
866 2956 883 3020 (
891 2979 939 3003 =
950 2956 1250 3021 δημιουργία)
1307 2957 1349 3007 is
1403 2957 1662 3007 unknown

499 3047 553 3090 to
575 3041 662 3090 the
683 3040 920 3101 lexicons,
944 3055 1048 3090 exc.
1072 3039 1202 3089 from
1225 3040 1326 3090 this
1348 3040 1656 3090 translation.

566 3137 612 3185 3.
702 3128 909 3185 propter
955 3122 1042 3171 hoc
1105 3122 1257 3172 etiam
1299 3123 1490 3180 carnis,
1546 3121 1664 3185 &c.]

500 3201 635 3249 That
659 3201 836 3250 Simon
858 3202 1177 3266 represented
1217 3203 1305 3252 the
1337 3203 1663 3253 Incarnation

501 3281 601 3333 and
626 3280 831 3333 Passion
853 3296 910 3330 as
932 3281 1142 3341 docetiC,
1172 3282 1214 3331 is
1236 3284 1399 3333 stated
1434 3285 1502 3347 by
1526 3285 1662 3335 Iren.

501 3362 535 3413 i.
587 3362 709 3424 235
754 3377 810 3424 33
866 3363 953 3411 the
988 3363 1157 3413 Greek
1203 3364 1295 3414 has
1337 3366 1570 3415 survived
1608 3366 1664 3416 in

502 3440 719 3505 Hippol.
764 3441 830 3490 vi.
886 3455 975 3505 19:
1027 3438 1182 3491 κακῶς
1222 3445 1320 3506 ’γὰρ
1364 3444 1663 3492 διοικούντων

500 3518 601 3571 τῶν
628 3522 859 3581 ἀγγέλων
886 3523 973 3571 τὸν
1001 3523 1179 3581 κόσμον
1201 3524 1280 3572 διὸ.
1310 3525 1369 3572 τὸ
1402 3526 1663 3587 φιλαρχεῒν

503 3600 685 3663 αὐτούς,
726 3605 793 3653 είς
835 3604 1164 3667 ἐπανόρθωσιν
1196 3605 1481 3665 ἐληλυθέναι
1520 3608 1668 3655 αὐτὸν

503 3686 726 3748 ἔφη...ὡς
748 3689 828 3736 καὶ
861 3684 1114 3749 ἄνθρωπον
1150 3688 1410 3748 φαίνεσθαι
1444 3691 1514 3750 μὴ
1546 3690 1666 3739 ὄντα

505 3773 773 3833 ἄνθρωπον,
819 3772 900 3820 καὶ
941 3772 1116 3820 παθεῖν
1161 3772 1212 3820 δὲ
1259 3772 1311 3819 ἐν
1353 3768 1416 3835 τῇ
1451 3770 1666 3833 Ἰουδαίᾳ

503 3854 808 3913 δεδοκηκέναι
821 3854 890 3912 μὴ
913 3853 1149 3906 παθόντα.
1215 3852 1341 3905 This
1362 3853 1405 3904 is
1427 3855 1666 3920 repeated

503 3935 574 4000 by
595 3934 751 3983 Thdt.
779 3935 911 3983 haer.
920 3933 1035 3999 sab.
1065 3933 1099 3985 i.
1131 3950 1175 3983 1.

571 4029 619 4079 5.
686 4014 1190 4077 uideretur...u2dm]
1236 4016 1288 4067 A
1328 4016 1551 4082 singular
1589 4018 1663 4069 in-

506 4102 676 4146 stance
714 4096 773 4145 os
808 4096 895 4147 the
928 4096 1085 4162 laxity
1127 4097 1186 4147 of
1222 4113 1314 4148 our
1359 4097 1665 4150 translator’s

506 4177 658 4227 Latin
680 4177 824 4240 style.

572 4262 620 4311 8.
690 4259 826 4324 quod
878 4259 938 4309 de
991 4262 1113 4319 Deo,
1169 4259 1289 4325 &c.]
1363 4260 1444 4313 cf.
1503 4263 1662 4313 Thdt.

506 4342 736 4393 Eram'st.
785 4341 818 4390 l.
843 4356 922 4391 c.:
969 4341 1201 4403 ἁρμοδίως
1242 4345 1405 4393 τοίνυν
1458 4345 1485 4394 ὀ
1542 4347 1665 4394 θεῖος

507 4424 596 4472 ἀπ’.
640 4422 776 4470 εἶπεν
819 4422 834 4446 ‘
852 4422 958 4473 θεὸς
999 4423 1284 4485 ἐφανερώθη
1323 4425 1373 4474 ἐν
1409 4427 1564 4488 σαρκί·
1601 4423 1664 4475 δι’

505 4506 689 4566 ἐκείνης
742 4505 838 4567 γὰρ
892 4501 925 4563 ἠ
982 4504 1182 4556 ἀθέατος
1226 4506 1448 4567 ἐπεφάνη
1504 4503 1663 4568 φύσις.

1962 2167 1990 2200 2
2025 2151 2093 2202 ob
2115 2150 2488 2215 opificationem
2511 2169 2544 2203 r

2866 2173 2920 2206 ln

1918 2219 1949 2282 8
1981 2231 2218 2287 diuinitas
2238 2241 2344 2284 erat
2364 2235 2432 2283 H
2801 2171 2830 2220 3

2574 2250 2606 2302 9
2639 2251 2788 2286 causa
2812 2238 2927 2303 (for

2280 2332 2339 2379 14
2372 2332 2501 2381 quae
2524 2326 2574 2368 et
2598 2318 2665 2367 H
2721 2320 2842 2385 quia
2864 2321 2890 2369 l

1759 2461 1882 2512 And
1902 2461 1977 2511 ad
1990 2461 2084 2515 lul.
2107 2481 2119 2512 :
2153 2463 2206 2512 ἐν
2227 2463 2373 2527 σαρκὶ
2400 2464 2499 2526 γὰρ
2533 2463 2623 2525 τὴν
2651 2463 2786 2514 θείαν
2822 2467 2921 2530 ἔφη

1760 2544 2093 2606 φανερωθῆναι
2115 2538 2279 2604 φύσιν.

1832 2637 1906 2685 ¹4·
1973 2622 2489 2688 humanae...accepit]
2522 2623 2671 2675 Cited
2694 2626 2764 2690 by
2783 2626 2917 2676 Lan-

1758 2701 1897 2753 franc
1911 2722 1928 2765 3
1960 2719 2043 2754 see
2066 2720 2147 2752 vv.
2175 2703 2236 2754 11.

1824 2787 2077 2836 humanae
2106 2803 2221 2838 uero
2253 2794 2480 2845 naturae,
2513 2787 2630 2851 &c.]
2680 2789 2918 2841 Manifes-

1759 2867 1919 2921 tation
1954 2868 2104 2917 could
2138 2868 2201 2918 be
2235 2868 2344 2933 fitly
2376 2869 2662 2933 predicated
2703 2871 2763 2921 of
2802 2872 2918 2921 God

1762 2950 1847 3000 the
1871 2951 2049 3011 Word,
2081 2951 2406 3015 justification
2438 2952 2557 3017 only
2580 2951 2639 3002 of
2665 2952 2750 3002 the
2779 2954 2920 3004 homo

1759 3039 2006 3097 stu-ceptus
2039 3035 2097 3095 (⁶⁸
2116 3034 2168 3083 h.
2192 3041 2435 3087 naturae..
2462 3037 2604 3101 qui,'’
2637 3035 2765 3102 (ᾖα).
2834 3037 2914 3088 Cf.

1762 3115 1848 3164 the
1893 3114 2070 3180 fragm.
2129 3116 2188 3167 os
2229 3117 2326 3168 Th.
2375 3119 2436 3169 de
2478 3119 2673 3169 incarn.
2716 3118 2820 3168 xiii.
2865 3119 2919 3168 in

1763 3194 1938 3258 Migne
1960 3193 2355 3259 l.c.(=Sachau,
2382 3215 2469 3264 pp.
2490 3214 2568 3264 53,
2599 3195 2761 3261 nah
2800 3203 2916 3252 δεδι-

1761 3275 1997 3326 καιῶσθαι
2018 3278 2070 3327 ἐν
2096 3276 2331 3338 πνεύματι
2362 3283 2522 3341 λέγων
2555 3285 2712 3345 αὐτόν,
2744 3291 2838 3337 εἴτε
2860 3288 2921 3337 ὡς

1763 3359 1855 3421 Ιπρὸ
1876 3361 1961 3408 τοῦ
1982 3361 2323 3423 βαπτίσματος
2338 3363 2462 3421 μετὰ
2484 3366 2568 3424 τῆς
2590 3366 2921 3429 προσηκούσης

1764 3441 2004 3504 ἀκριβείας
2024 3442 2108 3491 τὸν
2133 3440 2276 3501 νόμον
2293 3446 2590 3504 φυλάξαντα,
2615 3448 2710 3496 εἴτε
2733 3448 2793 3498 ὠς
2812 3452 2920 3510 μετ’

1762 3522 1916 3571 ἐκεῖνο
1950 3526 2041 3584 τὴν
2084 3519 2171 3583 τῆς
2211 3525 2409 3585 χάριτος
2443 3529 2692 3578 πολιτείαν
2734 3527 2797 3593 τί
2835 3534 2920 3583 τοῦ

1764 3600 2031 3661 πνεύματος
2046 3606 2300 3666 συνεργείᾳ
2308 3607 2435 3665 μετὰ
2447 3604 2632 3668 πολλῆς
2645 3611 2923 3672 πληροῦντα

1763 3684 1850 3744 τῆς
1871 3687 2130 3749 ἀκριβείας.
2201 3687 2264 3737 Ῑῐι
2291 3689 2423 3739 what
2454 3706 2596 3741 sense
2620 3691 2718 3741 Th.
2742 3695 2919 3745 under·

1762 3768 1909 3818 stood
1952 3770 2208 3831 ἐδικαιώθη
2251 3786 2464 3836 appears
2505 3772 2633 3823 from
2679 3791 2711 3825 a
2743 3775 2917 3842 fragm.

1762 3849 1821 3899 os
1835 3849 1915 3900 his
1935 3850 2145 3901 liberad
2160 3853 2473 3916 baptizandos
2495 3855 2709 3920 (Migne,
2743 3861 2919 3923 1015):

1766 3930 2073 3987 “Christum
2122 3932 2440 3987 iustificatum
2482 3940 2534 3984 et
2577 3934 2922 3987 immacula-

1763 4019 1887 4061 tum
1916 4011 2140 4063 factum
2170 4015 2350 4065 virtute
2380 4031 2419 4066 s·
2461 4016 2693 4082 Spiritus,
2717 4019 2843 4068 sicut
2866 4020 2919 4068 b.

1765 4096 1947 4147 Paulus
1968 4099 2123 4148 modo
2154 4100 2358 4163 quidem
2392 4100 2518 4151 dixit
2551 4104 2689 4167 quod
2719 4103 2917 4154 ‘iustifi-

1760 4186 1902 4229 catus
1924 4188 1999 4230 est
2020 4180 2073 4229 in
2100 4180 2324 4246 Spiritu‚’
2350 4186 2505 4234 modo
2529 4201 2649 4236 uero
2687 4187 2800 4253 ‘qui
2830 4203 2919 4252 per

1760 4267 2018 4309 aeternum
2055 4259 2298 4326 Spiritum
2336 4264 2708 4317 immaculatum
2743 4284 2797 4318 se
2831 4269 2919 4318 ob·

1762 4341 1877 4391 tulit
1912 4342 2072 4402 Deo;’
2105 4359 2273 4408 comp.
2303 4345 2392 4396 the
2417 4346 2691 4412 important
2712 4365 2920 4415 passage

1761 4439 1827 4474 on
1866 4440 1958 4474 our
1981 4425 2159 4476 Lord’s
2212 4426 2412 4479 conflict
2463 4429 2582 4480 with
2640 4431 2725 4482 the
2774 4432 2914 4495 flesh,

1762 4506 1961 4572 printed
1985 4507 2053 4574 by
2072 4509 2315 4576 Lagarde,
2337 4513 2473 4564 anal.
2498 4529 2630 4576 syrr.
2655 4530 2703 4579 p.
2728 4529 2813 4567 101
2841 4529 2917 4581 sq.
