3221 5116
499 436 621 501 302
1449 423 1838 487 AP‘PENDix
1890 429 1959 487 Α.

493 600 527 662 ὁ
564 600 880 684 μονογενής
919 603 1267 681 κατηξίωσεν
1308 601 1484 667 αὐτοῦ
1525 630 1661 684 μνη-
1751 605 2103 674 memoriam
2132 603 2659 684 uisitationemque
2701 607 2917 672 facere.

491 699 709 776 σθῆναί
729 725 792 761 τε
820 701 912 762 καὶ
932 703 1253 780 ἐπισκοπὴν
1271 702 1651 781 ποιήσασθαι.
1750 704 1860 764 sed
1900 704 2070 782 quod
2110 704 2358 782 quidem
2400 724 2527 766 non
2568 706 2796 766 dictum
2827 717 2923 768 est

490 792 631 854 ἀλλ’
673 794 763 857 ὅτι
809 795 879 857 οὐ
924 799 1057 877 περὶ
1095 801 1307 864 παντὸς
1354 795 1657 879 ἀνθρώπου
1752 803 1830 862 de
1876 802 2061 876 omni,
2107 802 2172 862 in
2215 789 2617 880 superioribus
2673 806 2922 865 demon-

491 889 598 970 μὲν
643 891 872 973 εἴρηται,
921 899 980 961 ἐν
1026 899 1145 961 τοῖς
1185 889 1444 977 ἀνωτέρω
1489 895 1656 960 Bisa-
1751 911 2001 960 stratum
2042 911 2133 961 est
2148 917 2168 976 3
2224 902 2389 978 quod
2430 913 2634 962 autem
2675 921 2799 963 non
2841 904 2921 964 de

430 1005 461 1065 5
496 1009 644 1051 κται·
682 985 772 1052 ὅτι
800 987 860 1053 δὲ
888 985 1017 1054 οὐδὲ
1042 994 1172 1073 περὶ
1204 994 1322 1059 ἑνός
1358 1020 1508 1059 τινος
1543 999 1655 1057 τῶν
1751 1009 1875 1059 uno
1924 998 2212 1076 quolibet,
2263 1011 2321 1059 et
2367 998 2484 1059 hoc
2533 1011 2762 1060 eertum
2806 1011 2917 1062 est.

492 1086 792 1167 τυχόντων,
823 1085 916 1150 καὶ
942 1091 1111 1151 -ι-οῦτο
1141 1085 1392 1167 εὔδηλον.
1475 1089 1566 1151 ἵνα
1594 1091 1656 1151 δὲ
1749 1106 1816 1154 ut
1858 1105 2060 1155 autem
2104 1093 2311 1155 omnia
2358 1095 2918 1172 praetermittamus,

492 1186 715 1250 ‹ivn-awa
739 1182 1017 1268 mpaessptv,
1049 1188 1114 1250 τὸ
1140 1188 1365 1251 πάντων
1392 1185 1656 1253 εὐπιστό-
1750 1194 1917 1268 quod
1959 1192 2241 1253 omnibus
2282 1191 2624 1254 credibilius
2654 1207 2745 1256 est
2772 1215 2918 1273 apo-

493 1303 655 1362 τερον
717 1281 821 1361 τήν
885 1279 1279 1364 ἅποστολικήν
1346 1279 1655 1367 μαρτυρίαν
1751 1289 2028 1350 stolicum
2072 1289 2486 1351 testimonium
2528 1292 2914 1370 excipiamus.

494 1373 858 1461 ἑκδεξῶμεθτι.
1749 1381 1953 1444 scribit
1975 1381 2152 1461 igitur
2170 1386 2482 1461 apostolus
2499 1386 2579 1445 ad
2601 1387 2917 1446 Hebraeos

391 1499 465 1540 10
490 1491 733 1540 narrans
781 1477 860 1541 de
909 1475 1165 1558 Christo,
1214 1495 1654 1560 personamque
1699 1499 1870 1543 suam
1924 1495 2048 1543 non
2101 1482 2537 1560 acceptabilem
2593 1483 2760 1561 apud
2814 1503 2917 1545 eos

488 1577 850 1638 confirmans
886 1576 971 1639 ita
1010 1578 1191 1640 dicit:
1251 1579 1577 1658 testfficatus
1615 1587 1698 1640 est
1737 1597 1871 1639 uero
1909 1575 2129 1639 alicubi
2159 1582 2398 1656 quidam
2424 1577 2609 1640 dicens
2641 1585 2657 1613 ‘
2672 1581 2818 1658 quid
2838 1588 2925 1641 est

488 1671 653 1733 homo
687 1676 843 1749 quod
874 1691 1089 1735 memor
1109 1693 1167 1737 es
1191 1669 1311 1737 εἰπε
1328 1682 1355 1737 t
1395 1678 1687 1754 autfilt‘us
1711 1677 1962 1737 hominiis·
1986 1677 2145 1753 quod
2165 1680 2374 1738 uisitas
2397 1693 2525 1737 eum
2545 1681 2574 1737 t
2615 1680 2930 1759 minorasti

488 1783 614 1829 eum
642 1772 829 1847 paulo
869 1775 1063 1832 minus
1100 1774 1176 1832 ab
1214 1775 1443 1851 angeles,
1484 1774 1681 1850 gloria
1711 1779 1770 1831 et
1791 1773 2003 1832 honore
2034 1776 2318 1833 coronasti
2349 1787 2477 1833 eum
2503 1782 2560 1832 et
2579 1777 2930 1836 constituisti

488 1881 614 1924 eum
641 1876 825 1942 supra
850 1869 1023 1942 vpera
1052 1881 1334 1927 mannum
1361 1877 1602 1928 tuarum
1610 1892 1640 1939 ,·
1679 1870 1877 1928 omnia
1902 1867 2187 1927 subiecisti
2208 1872 2315 1928 sub
2327 1870 2573 1946 pedibus
2596 1872 2720 1931 eius
2728 1863 2778 1931 ἦ
2859 1883 2922 1933 et

392 1980 460 2040 15
488 1975 627 2019 cum
669 1957 1079 2021 testimonium
1120 1962 1365 2023 dixisset
1407 1962 1799 2038 interpretans
1840 1962 2037 2038 ipsum
2077 1959 2313 2022 intulit=
2365 1965 2685 2025 sube‘dendo
2725 1975 2921 2026 autem

484 2052 700 2129 omnia,
736 2060 896 2118 nihil
913 2055 1137 2119 dimisit
1160 2077 1276 2120 non
1316 2061 1637 2120 subtectum.
1723 2059 1884 2119 modo
1914 2066 2103 2118 autem
2140 2057 2391 2117 nondum
2431 2061 2687 2120 ualemus
2720 2066 2920 2122 omnia

487 2156 546 2213 ei
575 2153 832 2215 subiecta.
916 2166 977 2216 et
1019 2151 1149 2233 quis
1192 2149 1379 2215 homo
1422 2164 1510 2215 est
1536 2153 1764 2213 docens
1791 2171 1921 2227 nm,
1952 2151 2235 2230 quoniam
2264 2149 2513 2214 dubium
2541 2165 2668 2215 erat
2694 2171 2733 2215 a
2758 2176 2916 2219 uoce

489 2251 684 2328 posita
722 2251 885 2329 apud
926 2249 1168 2313 beatum
1213 2250 1430 2322 Dauid,
1469 2247 1702 2309 intulit:
1731 2251 1914 2325 paulo
1948 2257 2136 2309 autem
2166 2251 2361 2311 minus
2386 2252 2461 2310 ab
2485 2251 2703 2329 angelis
2730 2256 2914 2314 mino-

489 2354 683 2407 ratum
713 2349 967 2408 m'demus
992 2351 1202 2423 Iesum,
1220 2355 1461 2424 propter
1470 2346 1801 2422 passionem
1830 2347 2032 2405 mortis
2043 2346 2233 2422 gloria
2253 2354 2312 2405 et
2333 2345 2545 2407 honore
2559 2356 2913 2412 coronatum.

387 2465 462 2505 20
489 2444 539 2504 si
581 2444 755 2523 igitur
795 2465 869 2506 ex
908 2443 1225 2522 euangeliis
1266 2443 1513 2520 quidem
1554 2440 1859 2503 erudimur
1897 2441 1978 2502 ad
2020 2440 2352 2503 Dominum
2400 2442 2621 2505 dixisse
2667 2445 2913 2507 beatum

491 2540 694 2602 Dauid
734 2539 939 2603 omnia
978 2560 1133 2618 quae
1160 2549 1300 2600 sunt
1327 2538 1562 2618 psalmi,
1591 2549 1653 2600 et
1680 2551 1897 2614 cetera,
1928 2551 1989 2600 et
2017 2540 2184 2617 quod
2212 2557 2426 2600 memor
2447 2561 2505 2601 es
2530 2550 2592 2601 et
2620 2542 2828 2603 m‘sitas
2854 2553 2913 2604 et

487 2641 805 2699 minorasti
840 2648 900 2699 et
942 2639 1232 2711 subiecisti,
1277 2656 1353 2698 ex
1396 2636 1678 2715 apostolo
1725 2656 1871 2698 uero
1920 2636 2123 2697 Iesum
2169 2656 2302 2698 esse
2344 2634 2630 2698 discimus
2670 2638 2749 2698 de
2789 2658 2914 2715 quo

486 2738 741 2815 loquens
784 2735 988 2796 Dauid
1030 2734 1176 2796 dicit
1217 2746 1278 2796 et
1311 2736 1475 2813 quod
1504 2735 1633 2795 eius
1651 2750 1894 2795 *memor
1921 2743 2014 2795 est
2040 2745 2102 2794 et
2129 2736 2298 2811 quod
2325 2753 2462 2795 eum
2490 2734 2773 2808 uisitauit,
2803 2737 2912 2797 sed

485 2834 669 2894 etiam
706 2833 875 2910 quod
914 2832 1121 2895 omnia
1158 2830 1412 2893 subiecit
1454 2832 1511 2892 ei
1550 2850 1693 2891 cum
1734 2832 1916 2909 paulo
1958 2830 2155 2892 minus
2196 2832 2273 2892 ab
2309 2831 2536 2911 angelis
2562 2832 2914 2894 minorasset

387 2948 418 2989 2
429 2948 460 3007 5
486 2950 643 3005 eum,
682 2940 913 2991 cessate
954 2930 1054 2991 uel
1095 2930 1198 2989 uix
1236 2927 1559 3007 aliquando
1587 2944 1627 2989 a
1653 2940 1851 2989 uestra
1883 2926 2260 3006 impudentia
2287 2940 2720 3007 cognoscentes
2750 2931 2915 3007 quod

484 3034 743 3107 oporte&
825 3028 1043 3089 uidetis
1073 3027 1250 3103 enim,
1287 3049 1327 3090 o
1355 3026 1627 3089 omnium
1656 3025 1973 3088 hominum
2002 3026 2454 3099 sceleratissimi,
2483 3038 2711 3103 quanta
2749 3039 2914 3088 natu-

484 3145 683 3186 rarum
720 3136 813 3186 est
847 3125 1201 3198 differentia,
1230 3120 1398 3201 quod
1436 3121 1534 3183 hic
1576 3122 1827 3201 quidem
1865 3124 2232 3201 stupefactus
2274 3135 2367 3184 est
2400 3123 2544 3201 quia
2584 3134 2648 3184 et
2685 3142 2915 3184 memor

485 3232 618 3284 esse
657 3221 919 3284 hominis
961 3222 1239 3301 dignatur
1278 3234 1340 3285 et
1378 3221 1620 3283 uisitare
1649 3240 1806 3293 eum,
1835 3232 2286 3299 ceterorumque
2314 3220 2668 3299 participem
2698 3222 2912 3294 facere,

485 3332 739 3396 quorum
781 3338 921 3379 eum
961 3318 1313 3397 participem
1352 3317 1529 3390 fecit3
1571 3318 1673 3378 ille
1699 3330 1844 3379 uero
1873 3336 1909 3377 e
1936 3315 2232 3378 contrario
2261 3316 2504 3378 miratur
2532 3318 2697 3394 quod
2721 3320 2916 3378 'tanto-

384 3440 464 3497 30
486 3430 620 3476 rum
648 3414 944 3493 particeps
972 3434 1103 3476 esse
1131 3433 1312 3492 supra
1338 3433 1507 3474 suam
1538 3424 1811 3473 naturam
1839 3411 2071 3472 meruit.
2131 3411 2308 3473 ethic
2328 3411 2577 3487 quidem
2601 3423 2914 3489 tamquam

489 3511 847 3572 beneficium
890 3513 1039 3572 dans
1081 3509 1422 3571 mirificatur
1462 3521 1536 3574 et.
1563 3529 1784 3588 magna
1818 3520 2126 3587 praestans
2166 3518 2228 3568 et
2269 3522 2449 3585 supra
2488 3518 2760 3569 naturam
2787 3505 2915 3568 eius

488 3610 592 3687 qui
635 3608 1018 3688 consequitur
1044 3607 1402 3669 beneficium
1424 3629 1442 3684 3
1484 3606 1584 3668 ille
1612 3626 1757 3668 uero
1785 3616 2093 3684 tamquam
2120 3604 2481 3666 beneficium
2509 3624 2909 3684 consequenS,

487 3721 550 3772 et
576 3706 802 3769 maiora
826 3720 1008 3785 quam
1037 3717 1129 3768 est
1154 3706 1232 3767 ab
1261 3722 1336 3766 eo
1362 3701 1708 3782 suscipiens.

1814 3849 1853 3890 1.

650 3930 810 4017 [Act.
847 3932 1033 3994 Cone.
1068 3932 1187 3993 (ΣΡ.
1220 3929 1275 3990 ii.
1309 3947 1390 3989 VI.
1426 3834 1926 4009 (“i1113(1)1(1)11de3:(im0
1951 3920 2106 3989 libro
2133 3924 2213 3988 de
2242 3922 2753 4007 Incarnatione”).

1334 4036 1584 4109 Sachau,
1616 4053 1714 4112 pp.
1753 4014 1934 4133 ΔΨ»,
1967 4030 2090 4116 49].

610 4163 712 4223 Ad
740 4164 890 4222 haec
926 4160 1129 4237 itaque
1161 4157 1460 4220 sufficiunt
1491 4157 1740 4235 quidem
1770 4168 1829 4217 et
1857 4176 2012 4233 quae
2040 4155 2316 4231 diximuS,
2347 4156 2453 4218 ubi
2481 4169 2540 4218 et
2569 4168 2911 4219 naturarum

387 4275 461 4337 35
490 4257 883 4320 differentiam
918 4256 1289 4319 ostendimus
1317 4266 1377 4316 et
1403 4272 1696 4334 personae
1733 4252 2041 4328 unitatem,
2081 4266 2141 4314 et
2177 4255 2344 4331 quod
2380 4255 2709 4315 secundum
2746 4266 2914 4315 natu-

489 4375 584 4417 ras
630 4354 742 4416 iste
787 4354 1030 4431 quidem
1086 4352 1445 4415 beneficium
1491 4349 1730 4429 accipit,
1781 4350 1882 4411 ille
1927 4363 2130 4412 autem
2174 4351 2534 4413 beneficium
2578 4352 2700 4425 dat,
2750 4363 2914 4413 certa

490 4450 814 4512 constituta
842 4448 1068 4512 unitate
1096 4468 1167 4510 ex
1194 4467 1317 4526 qua
1342 4446 1600 4509 indiuise
1627 4448 1707 4508 ab
1735 4445 2012 4508 uniuersa
2037 4457 2304 4507 creatura
2332 4447 2525 4507 honor
2552 4446 2847 4524 impletur.

1467 4562 1495 4588 ⁴·
1534 4562 1673 4612 neb.
1699 4562 1751 4611 ii.
1778 4561 1923 4627 6-9.
