3221 5116
303 397 436 464 111.
470 398 560 484 6.]

1010 412 1092 462 IN
1143 413 1245 463 ΕΡ.
1294 413 1395 462 AD
1441 413 1908 466 TIMOTHEUM
1960 416 2004 468 1.

2599 416 2715 481 1¹3

300 583 553 648 incidat
606 585 868 649 diaboli.
957 584 1160 650 elatio
1221 585 1401 648 enim
1454 583 1698 648 dicitur
1744 586 1859 667 qui
1901 585 1966 648 in
2018 582 2146 648 illis
2193 595 2365 668 quae
2411 585 2535 648 sibi
2583 604 2717 648 non

299 689 546 753 adsunt
604 689 967 766 extollitur,
1014 710 1262 772 magna
1320 689 1407 752 de
1468 709 1540 752 se
1599 690 1885 771 sapiens.
1974 710 2184 772 nuper
2236 709 2399 771 ergo
2443 688 2719 752 credens

299 802 369 857 et
398 793 713 876 baptismi
745 795 1030 878 gratiam
1064 794 1315 877 potitus
1347 803 1415 858 et
1446 793 1732 858 necdum
1767 795 1866 857 sui
1899 794 2220 877 propositi
2254 793 2717 877 probationem

298 898 623 979 praebens
673 919 889 981 neque
934 898 1300 962 secundum
1345 898 1651 964 ordinem
1702 897 1939 961 doctus
1982 898 2069 962 de
2118 898 2247 961 illis
2293 918 2465 980 quae
2510 896 2597 961 ad
2646 918 2720 961 se

298 1003 720 1080 conueniunt,
768 1005 823 1065 si
869 1002 1230 1085 productus
1275 1001 1470 1065 fuerit
1523 1001 1612 1065 ad
1662 1000 1791 1066 hoc
1837 1011 1910 1065 ut
1953 1001 2119 1066 alios
2159 1003 2302 1086 ipse
2343 1002 2599 1079 doceat,
2630 1001 2718 1065 ab

299 1100 443 1185 ipsa
489 1104 905 1168 ordinatione
952 1104 1166 1168 elatus
1213 1124 1460 1186 magna
1506 1103 1808 1186 desipiet.
1896 1105 2009 1187 qui
2056 1112 2123 1167 et
2170 1103 2360 1187 quasi
2405 1102 2721 1186 magister

299 1205 559 1271 discere
594 1209 682 1273 ab
713 1208 936 1292 aliquo
968 1209 1299 1272 interdum
1344 1229 1476 1272 non
1516 1210 1823 1291 patietur,
1857 1229 1938 1273 eo
1969 1209 2150 1292 quod
2192 1210 2429 1273 doctor
2458 1208 2544 1271 sit
2576 1208 2722 1289 ipse

299 1312 736 1392 constitutus;
780 1313 1017 1377 docere
1061 1324 1285 1377 autem
1329 1314 1552 1389 nescit,
1587 1334 1669 1376 eo
1715 1314 1895 1397 quod
1944 1314 2250 1397 primitus
2283 1335 2418 1378 non
2464 1313 2715 1377 didicit.

300 1414 514 1479 elatus
544 1437 703 1480 uero
733 1418 964 1481 extitit
996 1418 1062 1480 in
1112 1416 1240 1480 illis
1286 1437 1457 1499 quae
1497 1417 1621 1480 sibi
1655 1417 2025 1481 secundum
2057 1418 2409 1481 ueritatem
2444 1416 2719 1480 minime

299 1521 584 1601 adsunt;
661 1543 834 1587 uane
879 1543 1038 1586 uero
1084 1522 1423 1587 extollens
1467 1542 1541 1586 se
1590 1532 1865 1605 propter
1928 1523 2286 1605 inpositam
2353 1520 2715 1604 magisterii
2756 1531 2834 1578 10

301 1627 610 1709 speciem,
642 1628 801 1691 nihil
834 1629 1095 1693 differre
1126 1628 1463 1692 uidebitur
1490 1626 1780 1702 diabolo,
1811 1628 1923 1709 qui
1958 1628 2257 1690 minister
2298 1624 2425 1689 Dei
2459 1632 2719 1689 creatus

301 1751 476 1813 quae
528 1753 773 1815 magna
831 1733 918 1796 de
970 1753 1043 1796 se
1089 1753 1322 1815 sapere
1383 1741 1485 1796 est
1532 1731 1823 1805 adnisuS,
1883 1731 2009 1814 Dei
2058 1732 2184 1795 sibi
2229 1733 2604 1797 adsciscens
2651 1738 2720 1795 et

302 1854 546 1898 nomen
579 1845 646 1899 et
676 1833 998 1899 honorem
1024 1857 1040 1915 ;
1088 1837 1154 1899 in
1188 1836 1315 1899 illis
1345 1856 1417 1899 se
1448 1833 1782 1899 extollens
1823 1856 1995 1918 quae
2027 1835 2152 1898 sibi
2185 1856 2319 1899 non
2352 1834 2720 1900 adhaerent

301 1939 543 2003 iustam
588 1939 822 2003 iudicis
863 1959 1151 2022 poenam
1191 1947 1527 2022 expectat.
1617 1938 1711 2002 ita
1761 1948 1838 2002 ut
1888 1938 2314 2004 manifestum
2357 1942 2444 2004 sit
2484 1961 2574 2005 ex
2614 1939 2720 2004 his

304 2041 464 2106 illud
486 2043 666 2126 quod
691 2042 812 2127 [in]
842 2045 1287 2127 superioribus
1311 2044 1716 2121 dicebamus,
1743 2045 2060 2127 quoniam
2084 2044 2327 2110 Paulus
2352 2068 2472 2129 per
2492 2046 2718 2110 omnia
2756 2055 2826 2123 15

302 2150 625 2232 propositi
672 2149 1135 2231 probationem
1179 2150 1467 2233 requirit,
1500 2150 1707 2213 talem
1753 2169 1899 2213 esse
1936 2158 2005 2213 et
2051 2150 2440 2233 episcopum
2481 2149 2717 2214 uolens

301 2253 413 2334 qui
464 2254 531 2317 in
585 2275 788 2338 opere
837 2256 1160 2338 propositi
1214 2257 1314 2318 sui
1363 2256 1768 2319 documenta
1826 2265 2162 2337 praestare
2221 2255 2447 2338 possit.
2537 2253 2720 2339 quod

300 2357 691 2440 baptismati
723 2360 958 2424 adesse
1000 2381 1422 2444 nequaquam
1465 2368 1709 2442 potest,
1764 2360 2221 2424 remissionem
2261 2359 2439 2424 enim
2489 2380 2723 2442 pecca-

298 2467 521 2526 torum
568 2464 906 2547 baptisma
946 2474 1318 2547 praestat—
1333 2465 1388 2526 si
1434 2463 1529 2527 sic
1570 2462 1880 2527 absolute
1931 2472 2224 2546 excepto
2266 2463 2611 2547 proposito
2653 2471 2722 2526 et

401 2617 432 2663 4
466 2616 568 2649 non
596 2599 773 2664 (beffad
796 2604 871 2664 se)
892 2601 1083 2651 addH

302 2683 436 2747 sup.)
470 2698 549 2732 om
577 2682 740 2732 CHr

373 2818 414 2856 1.
482 2804 627 2855 elatio
664 2804 798 2854 enim
844 2805 1037 2854 dicitur
1068 2806 1174 2869 qui,
1214 2804 1326 2866 δια]
1417 2802 1467 2853 Is

299 2885 443 2936 elatio
471 2886 513 2936 is
545 2893 753 2943 correct,
778 2886 862 2937 the
886 2886 987 2936 Gk.
1012 2902 1129 2950 may
1148 2887 1278 2936 have
1299 2887 1429 2937 been
1451 2905 1464 2937 ε

302 2969 453 3030 τύφος
472 2970 574 3031 γὰρ
595 2969 795 3030 λέγεται
818 2973 892 3025 (or
922 2970 1077 3031 τύφον
1102 2970 1203 3032 γὰρ
1224 2970 1380 3031 λέγει)
1405 2972 1464 3020 τὸ

300 3052 384 3100 ἐπὶ
439 3051 539 3099 τοῖς
597 3052 690 3111 οὐχ
745 3047 1041 3111 ὑπάρχουσιν
1105 3052 1461 3113 ὑπεραίρεσθαι.

301 3130 413 3181 The
449 3131 648 3180 remark
683 3130 727 3179 is
757 3133 991 3195 repeated
1020 3132 1073 3180 in
1102 3131 1367 3181 substance
1396 3147 1463 3181 on

300 3229 346 3265 c.
372 3214 438 3262 vi.
462 3231 524 3277 43
555 3213 620 3263 cs.
650 3213 736 3264 the
769 3229 949 3263 comm.
984 3229 1051 3263 on
1089 3227 1116 3260 α
1152 3214 1285 3262 Tim.
1318 3214 1388 3262 iii.
1412 3232 1464 3276 4,

302 3296 483 3355 where,
532 3295 781 3356 however,
830 3296 1160 3357 τετυφωμένος
1213 3296 1256 3345 is
1299 3311 1463 3360 repre·

300 3380 475 3428 sented
520 3378 589 3442 by
631 3377 856 3441 inflatus,
903 3378 1062 3427 elatus
1102 3378 1290 3443 having
1333 3379 1462 3428 been

300 3460 423 3510 used
444 3459 522 3509 for
543 3458 734 3518 ἀλαζών
754 3459 807 3509 in
828 3475 877 3508 v.
901 3474 950 3508 2.

374 3557 449 3593 ιο.
515 3543 752 3592 extollens
851 3540 1103 3603 honorem]
1191 3541 1340 3591 cited
1396 3541 1467 3605 by

302 3623 568 3674 Lanl'ranc.

373 3724 391 3758 ι
406 3725 448 3758 r.
516 3707 653 3756 nihil
669 3706 866 3771 differre
893 3706 995 3757 uid.
1023 3705 1234 3767 diabolo]
1277 3705 1465 3756 Thdt.=

300 3786 385 3848 τῆς
423 3786 696 3849 ἀλαζονείας
730 3790 787 3837 τὸ
823 3786 968 3838 πάθος
1001 3789 1058 3836 ἐκ
1089 3785 1173 3847 τῆς
1214 3789 1463 3850 προεδρίας

302 3870 549 3930 δεξάμενος
572 3868 635 3932 τῇ
656 3868 740 3920 τοῦ
772 3869 1001 3932 διαβόλου
1029 3871 1231 3931 τιμωρίᾳ
1263 3886 1459 3930 περιπε-

299 3953 476 4001 σεῖται.
542 3953 688 4015 κρίμα
728 3952 827 4015 γὰρ
863 3952 1068 4002 ἐνταῦθα
1107 3953 1197 4011 τὴν
1232 3951 1464 4013 τιμωρίαν

301 4038 552 4087 ἐκάλεσεν.

374 4117 447 4169 16.
505 4117 752 4184 propositi
760 4116 900 4181 prob.
920 4114 1156 4181 requirit]
1189 4115 1285 4166 See
1301 4115 1464 4165 above

299 4217 368 4251 on
390 4217 440 4250 v.
466 4215 511 4250 a.

371 4286 447 4335 18.
513 4282 842 4332 remissionem
939 4280 1183 4346 baptisma
1216 4279 1467 4344 praestat]

302 4367 351 4415 A
374 4364 622 4430 fragment
645 4380 702 4414 or
724 4372 826 4413 two
855 4363 915 4413 os
935 4360 1083 4413 Th.’s
1115 4361 1316 4412 treatise
1346 4362 1466 4425 πρὸς

300 4448 410 4496 τοὺς
442 4448 678 4507 λέγοντας
708 4446 853 4506 φύσει
879 4446 960 4493 καὶ
985 4446 1043 4492 οὐ
1068 4444 1241 4506 γνώμῃ
1270 4444 1465 4492 πταίειν

297 4530 408 4579 τοὺς
430 4528 706 4589 ἀνθρώπους
728 4526 992 4592 preserved
1015 4525 1081 4590 by
1109 4524 1315 4576 Photius
1350 4524 1467 4586 (bib-

479 4638 531 4688 S.
596 4638 674 4688 11.

1265 2599 1298 2651 6
1331 2598 1545 2665 desipiat
1568 2600 1637 2649 H

1860 2601 1892 2649 8
1925 2613 2027 2648 non
2049 2598 2194 2664 prim.
2223 2614 2257 2648 r
2464 2612 2521 2663 15
2557 2597 2609 2649 in
2632 2596 2739 2663 (off

1557 2801 1697 2852 liolh.
1711 2800 1825 2851 cod.
1844 2817 1864 2850 r
1875 2798 1970 2865 77),
1991 2800 2152 2851 throw
2163 2800 2290 2866 light
2305 2817 2372 2850 on
2391 2800 2476 2851 the
2490 2796 2726 2866 meaning

1560 2883 1728 2933 which
1751 2899 1842 2932 our
1863 2882 2050 2932 author
2073 2882 2305 2932 attached
2336 2890 2390 2932 to
2421 2882 2507 2932 the
2537 2883 2726 2948 baptis-

1561 2964 1667 3013 mal
1704 2964 1984 3013 remissiori.
2051 2964 2261 3014 Photius
2303 2964 2573 3015 maintains
2617 2965 2726 3015 that

1563 3048 1630 3097 he
1663 3046 1842 3112 taught
1875 3054 1977 3096 two
2007 3045 2223 3109 ἀφέσεις,
2264 3048 2354 3106 τὴν
2387 3049 2474 3107 μὲν
2504 3050 2604 3096 τῶν
2640 3065 2725 3097 πε-

1562 3132 1873 3192 πραγμένων,
1887 3132 1977 3189 τὴν
2000 3130 2180 3180 δὲ...ὡς
2203 3130 2378 3180 ἐκεῖνος
2398 3133 2552 3192 λέγει,
2575 3132 2728 3189 αὐτὴν

1562 3214 1653 3272 τὴν
1682 3211 2060 3275 ἀναμαρτησίαν,
2090 3209 2198 3272 ἤτοι
2222 3214 2280 3263 τὸ
2302 3214 2477 3273 μηκέτι
2511 3214 2726 3279 ἁμαρτά·

1563 3293 1843 3358 νειν...ὅπερ
1863 3296 1889 3345 ὀ
1909 3297 1999 3355 μὲν
2018 3296 2154 3357 ὀρθὸς
2185 3297 2331 3357 λόγος
2364 3294 2730 3360 ἅναμαρτησίαν

1563 3378 1703 3433 οἶδεν,
1728 3373 1862 3426 οὗτος
1885 3377 1937 3425 δὲ
1964 3374 2141 3438 ἄφεσιν
2161 3373 2405 3438 ἁμαρτιῶν
2429 3379 2622 3425 τελείαν
2646 3369 2726 3425 ital

1563 3458 1860 3518 κυριωτάτην
1898 3458 1980 3505 καὶ
2024 3454 2269 3517 ἀναίρεσιν
2311 3457 2455 3506 καλεῖ
2495 3455 2728 3518 ἁμαρτίας

1563 3537 1801 3595 παντελῆ.
1871 3536 2117 3586 Whether
2139 3538 2238 3586 Th.
2256 3537 2473 3601 actually
2494 3536 2654 3601 spoke
2676 3535 2735 3586 of

1564 3619 1648 3670 δύο
1669 3618 1865 3681 ἀφέσεις
1887 3619 1930 3668 is
1952 3625 2041 3669 not
2075 3620 2209 3669 clear
2231 3618 2361 3668 from
2386 3619 2513 3676 this;
2549 3618 2637 3667 but
2660 3619 2727 3668 he

1561 3704 1804 3768 certainly
1826 3703 2073 3753 extended
2107 3703 2194 3752 the
2224 3709 2351 3751 term
2380 3699 2552 3762 ἄφεσις
2583 3717 2640 3751 so
2670 3718 2727 3751 as

1564 3793 1619 3837 to
1658 3785 1859 3835 include
1897 3785 1984 3834 the
2024 3783 2141 3833 final
2177 3783 2389 3833 release:
2430 3780 2605 3844 ἤρξατο
2638 3785 2728 3841 μὲν

1566 3867 1759 3931 (φησὶν)
1807 3866 2152 3929 ἐμφανίζεσθαι
2193 3862 2291 3913 άπὸ
2333 3865 2420 3922 τῆς
2462 3864 2589 3913 κατὰ
2638 3865 2724 3913 τὸν

1563 3950 1807 4008 δεσπότην
1841 3947 2052 4010 Χριστὸν
2082 3946 2349 4003 οἰκονομίας
2384 3946 2462 3993 καὶ
2498 3947 2550 3994 ἐν
2583 3942 2725 4007 άρρα·

1560 4031 1717 4094 βῶνος
1739 4027 1851 4088 ἡμῖν
1872 4028 2086 4077 διδόσθαι
2102 4025 2251 4086 τάξει·
2270 4027 2451 4075 δίδοται
2466 4027 2519 4075 δὲ
2534 4028 2727 4078 τελείως

1563 4116 1643 4165 καὶ
1665 4113 1745 4162 ἐπ’
1767 4115 1926 4163 αὐτοῖς
1946 4113 2106 4174 ἔργοις
2135 4112 2186 4160 ἐν
2209 4106 2275 4172 τῇ
2302 4111 2428 4170 μετὰ
2457 4109 2548 4170 τὴν
2579 4108 2724 4159 ἀνάσ-
2764 4159 2776 4167 ,

1562 4214 1706 4246 τισιν
1738 4193 2146 4245 οἱποκαταστάσει.
2218 4193 2299 4244 Cs.
2332 4194 2418 4244 the
2449 4210 2634 4245 comm.
2658 4212 2727 4245 on

1565 4280 1678 4330 Col.
1708 4278 1742 4328 i.
1774 4294 1848 4340 14,
1873 4285 2060 4343 supra;
2092 4276 2194 4327 and
2226 4293 2311 4327 see
2344 4279 2598 4341 Noender,
2633 4280 2726 4329 Ch.

1564 4361 1640 4410 Η.
1666 4373 1744 4410 1v.
1769 4376 1820 4425 p.
1843 4373 1957 4422 431.

1638 4453 1713 4503 19.
1779 4440 1828 4489 si
1846 4438 1917 4488 sic
1936 4439 2163 4501 absolute,
2192 4440 2309 4503 δια]
2375 4440 2457 4491 Cf.
2480 4447 2650 4505 supra,
2671 4458 2720 4505 p.

1572 4536 1680 4585 107,
1705 4522 1740 4573 l.
1770 4537 1847 4582 τι,
1883 4529 2034 4585 note;
2064 4525 2164 4574 and
2188 4540 2271 4575 see
2293 4525 2426 4588 Aug.
2450 4525 2509 4574 de
2528 4525 2657 4588 bapt.
2681 4541 2721 4573 c.

2513 4621 2550 4681 8
