3221 5116
723 1238 1445 1315 THEODORUS
1541 1236 2467 1314 MOPSUESTENUS

859 1462 976 1535 IN
1077 1460 1729 1536 EPISTOLAM
1821 1461 1898 1534 B.
1984 1460 2320 1535 PAULI

594 1689 806 1837 ‘AD
916 1635 2403 1787 THESSALONICENSES
2502 1689 2570 1781 1.

382 2028 447 2135 Β*
1223 2005 1950 2072 ARGUMENTUM.

502 2180 799 2248 BEATUS
829 2183 1173 2265 apostolus
1218 2181 1459 2246 Paulus
1501 2180 1902 2264 peragrabat
1934 2180 2232 2245 diuersas
2263 2180 2570 2243 ciuitates
2602 2198 2792 2261 prae-

369 2285 600 2350 dicans
639 2286 837 2353 fidem
884 2308 1057 2371 quae
1098 2287 1162 2350 in
1209 2286 1476 2351 Christo
1517 2292 1634 2349 est.
1720 2284 1949 2347 diuina
1996 2304 2154 2347 uero
2201 2283 2493 2347 monitus
2539 2280 2791 2345 reuela-

366 2386 551 2451 tione
580 2389 765 2451 uenit
794 2387 879 2451 ad
911 2390 1216 2452 ciuitates
1249 2387 1703 2461 Macedoniae,
1727 2385 1975 2448 exinde
2007 2405 2164 2448 uero
2195 2385 2378 2448 uenit
2408 2392 2477 2447 et
2505 2382 2793 2445 Thessa-

366 2486 641 2566 lonicae,
672 2490 841 2553 sicut
888 2499 991 2554 est
1034 2492 1416 2554 cautissime
1458 2489 1712 2551 discere
1758 2507 1845 2549 ex
1892 2486 2060 2549 libro
2106 2485 2405 2549 Actuum
2453 2483 2792 2567 apostolo-

365 2611 511 2656 rum
536 2613 551 2670 ;
617 2594 1025 2675 praedicauit
1076 2615 1233 2677 ergo
1289 2596 1460 2657 inter
1517 2601 1772 2656 ceteras
1825 2592 2028 2655 etiam
2083 2589 2789 2655 Thessalonicensibus
2862 2605 2895 2674 5

363 2692 634 2772 pietatis
685 2694 1077 2760 doctrinam.
1168 2695 1560 2759 aduersariis
1621 2713 1780 2770 uero
1831 2713 2028 2775 super
2079 2691 2205 2755 hoc
2267 2692 2785 2773 indignantibuS,

362 2795 587 2857 euenit
617 2803 690 2858 ut
722 2797 932 2861 multa
961 2807 1300 2882 pateretur
1330 2799 1506 2863 idem
1539 2797 1880 2881 apostolus
1913 2799 1979 2860 in
2011 2795 2249 2860 eadem
2280 2798 2552 2863 ciuitate
2576 2797 2787 2863 Thes-

360 2899 907 2980 salonicensium3
951 2904 1018 2967 in
1050 2925 1185 2988 qua
1214 2913 1283 2968 et
1312 2903 1406 2966 illi
1438 2903 1551 2986 qui
1583 2900 2007 2966 crediderunt
2049 2898 2316 2964 Christo
2348 2901 2559 2968 multa
2590 2903 2786 2967 susti-

362 3016 647 3071 nuerunt
686 3009 864 3072 mala
905 3030 945 3072 a
974 3006 1454 3072 contribulibus
1486 3007 1640 3083 suls,
1672 3007 1766 3069 ita
1795 3013 1870 3068 ut
1899 3013 2245 3086 cogeretur
2274 3003 2508 3067 beatus
2541 3005 2784 3069 Paulus

359 3132 401 3175 a
425 3111 901 3176 Thessalonica
932 3112 1283 3176 discedens
1315 3108 1606 3174 Athenis
1639 3107 2069 3191 proficiscere.
2118 3106 2592 3189 pertimescens
2624 3130 2781 3172 uero
2817 3125 2897 3173 10

459 3292 486 3326 α
520 3279 741 3329 munitus
762 3279 829 3329 H
1029 3295 1058 3342 3
1093 3277 1502 3327 Thessalonicam
1525 3291 1557 3324 r
1766 3284 1793 3336 7
1827 3279 1876 3322 et
1899 3271 2037 3321 uenit
2062 3269 2174 3335 (sor
2191 3269 2378 3335 euenit)
2403 3288 2434 3320 r
2458 3269 2468 3336 Ι
2498 3271 2550 3320 id
2571 3281 2644 3322 est
2671 3273 2785 3338 (for

354 3359 510 3424 idem)
540 3359 619 3410 C*
641 3377 674 3409 r
908 3374 969 3432 ιο
1001 3359 1228 3410 Athenas
1250 3376 1284 3408 r
1310 3357 1318 3421 Ι
1345 3356 1593 3423 proficisci
1618 3372 1650 3403 r

421 3522 470 3558 α.
535 3507 718 3557 diuina
739 3524 791 3557 u.
817 3523 945 3558 mon.
974 3506 1100 3567 ναι]
1166 3507 1294 3555 Acts
1315 3505 1414 3554 xvi.
1438 3518 1514 3553 10.
1618 3499 1843 3560 Athenis,
1878 3500 2016 3560 dat-3
2061 3498 2123 3549 cf.
2165 3499 2498 3548 Romae=erl
2542 3502 2632 3562 τὴν
2662 3500 2774 3552 Ῥώ-

351 3588 467 3638 ‘rhe
496 3590 719 3639 ciuitates
749 3590 828 3638 M.
864 3604 994 3639 were
1029 3588 1268 3654 Philippi,
1298 3585 1513 3651 Amphi·
1612 3600 1711 3643 μην
1745 3580 1805 3646 (1.
1841 3599 1894 3647 p.
1936 3597 2045 3645 ¹17,
2085 3582 2139 3631 11.
2176 3583 2222 3642 8,
2264 3581 2362 3644 το),
2410 3582 2775 3633 Thessalonicae

350 3670 501 3737 polis»,
524 3672 623 3721 and
649 3670 952 3735 Apollonia;
983 3671 1110 3722 Acts
1139 3669 1238 3720 xvi.
1276 3681 1349 3726 ια,
1386 3667 1502 3717 xvii.
1614 3662 1809 3728 (above,
1837 3662 1872 3710 l.-
1899 3663 1968 3726 3).

354 3767 399 3801 ι.
468 3751 621 3800 Thdt.
676 3751 866 3800 notices
921 3750 1007 3799 the
1062 3747 1407 3813 preeminence
1456 3746 1515 3795 of
1669 3743 2008 3807 pertimescens
2030 3759 2159 3802 uero,
2190 3740 2305 3802 &ol
2370 3741 2481 3792 The
2504 3743 2771 3795 substance

346 3833 729 3884 Thessalonioez
769 3830 802 3892 ἡ
838 3832 1177 3891 θεσσαλονίκη
1214 3832 1503 3893 πρωτεύει...
1608 3825 1669 3875 of
1690 3825 1789 3874 this
1821 3841 2032 3889 passage
2066 3825 2108 3875 is
2131 3824 2245 3874 thus
2267 3822 2419 3887 given
2443 3823 2496 3872 in
2520 3825 2769 3877 Cramer's

344 3910 436 3972 τῆς
459 3912 771 3962 Μακεδονίας·
1607 3929 1800 3979 catena,
1830 3920 1995 3969 which
2019 3919 2138 3970 here
2159 3919 2250 3968 has
2275 3900 2342 3984 ὃ]
2363 3919 2413 3969 in
2437 3918 2524 3970 the
2544 3920 2767 3985 margin:

410 3991 459 4043 6.
531 3993 836 4043 aduersari-ek
880 4007 994 4041 uero
1104 3989 1506 4055 indignantibus]
1609 3994 1852 4042 δειλιάσας
1903 3994 2094 4052 μήποτε
2147 3995 2478 4050 μετατεθῶσιν
2532 3989 2629 4040 ἀπό
2681 3990 2769 4052 τῆς

346 4073 474 4123 Acts
490 4073 608 4121 xvii.
628 4089 677 4136 5:
703 4072 1073 4134 ζηλώσαντες
1095 4074 1146 4122 δὲ
1167 4073 1213 4121 01
1228 4070 1507 4121 Ἰουδαῖοι
1606 4075 1829 4130 πίστεως,
1854 4075 2035 4132 πέμπει
2059 4071 2289 4132 Τιμόθεον
2315 4073 2432 4137 πρὸς
2465 4075 2635 4123 αὐτοὺς
2666 4075 2766 4123 ἀπὸ

345 4154 427 4203 καὶ
455 4154 841 4215 προσλαβόμενοι
869 4149 966 4201 τῶν
992 4150 1232 4215 ἀγοραίων
1265 4152 1394 4202 τινὰς
1427 4153 1503 4200 b·
1602 4151 1933 4214 τῶνἈθηνῶν
1948 4166 1961 4179 ·
1984 4151 2168 4203 ἐκείνου
2190 4156 2241 4203 δὲ
2263 4157 2487 4206 ἐλθόντος
2504 4158 2585 4204 καὶ
2601 4156 2762 4217 ἀπαγ-

344 4236 459 4298 apat
475 4236 704 4297 πονηρούς
718 4235 822 4294 (the
838 4234 1504 4296 contribules=evu4>eras
1602 4239 1864 4298 γείλαντος
1898 4232 1958 4286 ὦς
1992 4236 2113 4284 εἰσὶν
2145 4236 2337 4299 ἑδραῖοι,
2364 4239 2554 4300 χαίρων
2579 4238 2762 4300 ’γράφει

340 4316 403 4367 os
428 4317 516 4367 the
541 4315 904 4367 Thessa-Ionian
932 4316 1235 4379 Christians3
1268 4316 1329 4367 cf.
1359 4317 1501 4382 infra
1601 4319 1719 4380 πρὸς
1741 4314 1931 4366 αὐτούς·
1968 4317 2071 4375 ἅμα
2103 4319 2154 4367 δὲ
2188 4315 2395 4369 ἀκούσας
2428 4316 2501 4368 ὅτι
2534 4319 2643 4380 περὶ
2675 4320 2760 4366 τὸν

339 4412 409 4446 on
432 4412 477 4446 c.
505 4396 558 4445 ii.
589 4398 668 4458 14)
692 4399 772 4445 καὶ
793 4394 1220 4458 ὀχλοποιήσαντες,
1248 4401 1394 4449 κ.τ.λ.
1596 4401 1707 4462 βίον
1731 4395 2056 4457 ἐλαττώματά
2077 4416 2185 4448 τινα
2207 4401 2358 4460 εῒχον,
2375 4401 2455 4448 καὶ
2473 4395 2591 4462 πρὸς
2602 4400 2760 4448 ταῦτα

413 4492 491 4528 10·
536 4479 857 4544 prefici-were]
895 4480 1112 4539 Ronsch,
1134 4480 1286 4540 Itala,
1311 4496 1359 4544 p.
1383 4495 1494 4544 301.
1595 4477 1791 4542 γράφει.
1859 4483 1939 4528 καὶ
1960 4478 2084 4540 αὕτη
2105 4477 2136 4540 ἠ
2161 4481 2397 4531 ὑπόθεσις.

515 4591 567 4642 S.
631 4591 702 4641 11.
2549 4592 2575 4637 1
