3221 5116
337 396 427 463 11.
469 397 589 484 19.]

1034 414 1117 466 IN
1167 414 1271 467 ΕΡ.
1317 416 1420 466 AD
1465 416 1933 469 TIMOTHEUM
1981 419 2056 473 11.

2621 425 2752 490 209

330 588 465 651 suis
519 589 936 654 sermonibus
995 589 1367 655 inescantes
1440 591 1807 658 adtrabunt
1880 593 1967 658 ad
2044 594 2460 678 impietatem
2485 618 2502 676 ;
2577 597 2750 663 sicut

336 691 776 773 Hymenaeus
835 701 903 757 et
958 692 1229 770 Filetus,
1281 696 1395 776 qui
1450 715 1678 758 ueram
1727 694 1975 761 Christi
2021 698 2567 764 resurrectionem
2631 699 2750 764 ab·

331 805 672 877 negantes
727 795 927 861 aliam
964 798 1303 880 quandam
1352 800 1896 864 resurrectionem
1943 802 2375 880 somniantur,
2422 824 2626 886 quam
2681 813 2750 868 et

332 898 400 960 in
461 900 948 964 successionem
1009 902 1199 965 aiunt
1277 911 1575 967 nostram
1638 903 1978 968 constare.'

2072 907 2440 972 necessarie
2499 916 2569 972 et
2620 908 2750 971 ista

332 1002 418 1067 ad
457 1004 981 1070 consolationem
1028 1007 1170 1071 eius
1214 1006 1468 1072 dixisse
1511 1007 1776 1072 uidetur
1815 1009 2179 1091 apostolu3‚
2211 1030 2292 1073 eo
2334 1009 2517 1094 quod
2548 1010 2748 1075 ualde
2777 1029 2808 1096 5

329 1108 676 1171 consueuit
729 1108 949 1174 tristes
1000 1107 1216 1173 facere
1269 1130 1385 1173 eos
1438 1111 1552 1193 qui
1614 1110 1974 1175 utilitatem
2027 1111 2310 1176 aliorum
2371 1114 2747 1197 prospicere

329 1220 485 1275 sunt
529 1213 839 1292 ordinati,
871 1214 924 1277 si
971 1213 1293 1295 plurimos
1340 1212 1637 1277 fidelium
1683 1215 1972 1279 uiderint
2017 1215 2084 1279 in
2131 1215 2421 1280 deterius
2466 1238 2745 1300 serpere.

332 1316 510 1380 unde
544 1326 611 1381 et
652 1319 1010 1401 persistens
1042 1319 1321 1384 suadere
1352 1320 1412 1383 ei
1458 1327 1534 1383 ut
1565 1338 1698 1381 non
1745 1318 2053 1383 adflictus
2102 1321 2327 1384 animo
2369 1320 2636 1404 deficiat
2678 1330 2747 1384 et

329 1419 419 1483 ob
451 1420 731 1485 aliorum
766 1420 1092 1485 malitiam
1127 1421 1190 1484 in
1223 1430 1565 1506 stuporem
1599 1430 1918 1500 uertatur,
1948 1423 2194 1488 adiecit
2222 1443 2238 1486 :

440 1589 725 1671 firmum
755 1602 969 1656 autem
992 1591 1510 1675 ficudamentum
1540 1592 1677 1657 Dei
1697 1602 1846 1671 stat,
1878 1592 2115 1658 liabens
2141 1592 2553 1676 signaculum
2592 1592 2743 1658 hoc.-
2778 1609 2857 1655 10

331 1695 349 1723 ‘
364 1692 551 1757 nouit
576 1694 905 1760 Dominus
931 1698 1053 1781 qui
1075 1707 1234 1761 sunt
1258 1697 1431 1763 eius?

461 1828 478 1854 ‘
496 1820 603 1886 hic
634 1834 702 1889 et
734 1824 999 1908 (inquit)
1034 1835 1104 1892 te
1133 1827 1271 1890 duo
1293 1826 1721 1891 consolentur
1747 1849 1764 1907 ;
1798 1828 2085 1910 primum
2110 1828 2401 1912 quidem,
2424 1826 2743 1911 quoniam

327 1919 608 1988 aliorum
658 1927 959 1992 seductio
1012 1949 1145 1992 non
1215 1931 1626 1994 exterminat
1688 1950 1904 1994 rerum
1968 1931 2321 1996 ueritatem
2351 1949 2368 2008 ;
2430 1929 2741 2006 secund0,

325 2027 640 2107 quoniam
692 2050 846 2093 suos
888 2031 1000 2113 qui
1053 2032 1191 2095 ueri
1244 2041 1401 2096 sunt
1449 2034 1588 2097 eius
1643 2033 1802 2098 olim
1853 2035 2169 2116 cognouit
2219 2037 2425 2099 DeuS.

2519 2034 2745 2117 staque

324 2148 440 2191 eos
491 2150 659 2211 quos
709 2152 883 2197 nunc
935 2135 1248 2217 perspicis
1301 2136 1543 2211 seduci,
1596 2134 1722 2200 hos
1772 2136 1959 2199 Deus
2011 2135 2174 2202 olim
2228 2136 2545 2219 reprobos
2598 2156 2744 2199 esse
2779 2155 2847 2221 15

326 2233 617 2314 sciebat3
665 2234 826 2300 nihil
865 2258 1024 2321 ergo
1055 2237 1131 2302 fit
1168 2259 1441 2316 nouum,
1472 2248 1547 2304 ut
1578 2238 1645 2301 in
1689 2246 2031 2322 stuporem
2078 2240 2377 2319 uertariS‚
2409 2241 2536 2303 sed
2575 2238 2738 2303 illud

326 2338 401 2402 fit
446 2342 623 2422 quod
663 2341 823 2407 olim
866 2343 1005 2408 fieri
1049 2344 1304 2409 sciebat
1350 2344 1571 2413 Deus!

327 2440 651 2508 debemus
683 2446 964 2524 instruit,
998 2447 1265 2511 dicens:

1663 2364 1821 2409 nam
1866 2344 2053 2408 cuius
2093 2345 2186 2408 rei
2224 2363 2453 2409 curam
2493 2342 2741 2412 habere

452 2621 529 2687 et,
560 2616 575 2643 ‘
598 2611 885 2676 discedat
908 2612 993 2678 ab
1023 2613 1345 2697 impietate
1372 2611 1584 2677 omnis
1612 2611 1732 2696 qui
1757 2611 2056 2676 nominat
2082 2632 2307 2676 nomen
2338 2611 2650 2675 Domini?

456 2764 531 2818 ut
560 2753 938 2819 huiusmodi
968 2755 1274 2821 homines
1304 2755 1656 2819 discedant
1687 2755 1775 2819 ab
1807 2755 1991 2818 omni
2024 2755 2388 2838 impietate.

430 2917 447 2950 1
488 2901 754 2951 adtrahant
783 2902 826 2951 C
836 2900 947 2951 *H
952 2918 984 2949 r

322 2984 601 3034 necessario
632 3002 665 3034 r

322 3065 441 3128 (for
469 3066 729 3130 plurimos)
752 3067 819 3116 H
837 3065 848 3131 Ι
875 3066 1116 3117 ifidelium
1141 3066 1370 3128 (=inf.?)
1394 3067 1462 3116 H

323 3147 439 3215 (sor
458 3147 586 3197 firm.
610 3150 792 3207 autem)
817 3165 849 3197 r
1001 3161 1055 3198 11
1082 3147 1319 3212 cognouit
1342 3163 1376 3197 r

323 3281 403 3329 θος
445 3280 579 3328 ἐστὶν
623 3276 655 3339 ἠ
696 3278 992 3343 γάγγραινα,
1053 3279 1231 3342 ἕρπον
1286 3279 1366 3326 καὶ
1419 3277 1476 3326 τὸ

324 3359 534 3419 ὑγιαῖνον
565 3358 652 3408 τοῦ
688 3362 906 3419 σώματος
942 3359 1186 3417 λυμαῖνον.
1256 3358 1359 3406 For
1391 3357 1477 3406 the

321 3438 449 3489 form
493 3439 673 3505 sapiri
713 3441 824 3505 (εἰς.
871 3439 1076 3503 serpire)
1122 3454 1204 3487 see
1253 3435 1473 3495 Ronsch,

318 3522 470 3578 Itala,
495 3536 544 3585 p.
574 3520 683 3571 286.
1190 3516 1202 3526 ’

386 3615 432 3662 3.
511 3599 850 3663 somniantur]
918 3601 1188 3664 Deponent
1224 3598 1307 3660 (cs.
1343 3611 1379 3649 1.
1418 3614 1470 3663 p.

320 3682 369 3739 8,
393 3682 425 3732 1.
456 3702 502 3747 4,
531 3684 688 3743 note).
757 3684 853 3734 See
875 3699 955 3730 vv.
977 3682 1030 3731 ll.

384 3782 432 3826 4.
513 3764 571 3812 in
603 3764 955 3824 successionem,
995 3761 1110 3825 δια]
1176 3762 1257 3812 Cf.
1292 3761 1472 3811 Thdt.:

317 3846 403 3895 τὰς
439 3847 493 3894 ἐκ
527 3846 828 3896 παιδοποιΐας
865 3846 1094 3906 διαδοχὰς
1130 3841 1391 3893 ἀνάστασιν
1431 3845 1475 3892 οὶ

319 3928 580 3985 δυσώνυμοι
613 3924 983 3990 προσηγόρευον.
1064 3926 1338 3975 Ambrstr.:
1370 3929 1402 3951 ‘⁴
1422 3924 1473 3973 in

319 4008 433 4059 filiis
468 4008 572 4058 fieri
611 4008 1013 4057 resurrectionem
1047 4006 1335 4058 dicebant.'’
1402 4006 1473 4056 So

319 4090 514 4155 Pelag.;
549 4090 699 4140 Prim.
738 4089 884 4151 [aster
916 4090 1047 4139 Iren.
1072 4089 1124 4138 ii.
1150 4105 1229 4153 31.
1256 4105 1300 4149 2,
1329 4089 1469 4138 Tert.

315 4187 406 4221 res.
449 4171 557 4237 19]:
605 4171 759 4218 “siue
794 4170 844 4218 in
883 4170 1064 4226 anima,
1104 4186 1217 4219 cum
1262 4186 1293 4218 a
1337 4168 1471 4218 uitiis

315 4252 524 4316 resurgit
545 4251 602 4312 ;”
636 4251 806 4300 Sedul.
835 4253 998 4302 Scot.=
1033 4250 1271 4300 “animas
1297 4251 1348 4298 in
1373 4249 1473 4299 alia

313 4349 525 4399 corpora
568 4333 777 4383 transire
825 4330 1108 4398 putanteS.”
1198 4331 1375 4396 Chrys.
1429 4332 1471 4381 is

313 4414 462 4465 silent
495 4430 551 4464 as
587 4422 639 4464 to
674 4414 759 4464 the
798 4422 970 4463 nature
1003 4413 1062 4462 of
1093 4412 1178 4463 the
1212 4413 1386 4476 heresy
1418 4420 1473 4461 to

313 4495 475 4544 which
508 4494 593 4545 the
626 4494 726 4559 Ap.
756 4493 921 4544 refers.
992 4494 1091 4542 For
1123 4492 1470 4543 succensionem

489 4608 539 4657 S.
575 4607 648 4658 11.

1123 2916 1152 2965 3
1186 2902 1437 2952 somniant
1459 2918 1492 2950 r

835 2984 866 3035 6
899 2985 965 3034 ad
1001 2982 1104 3049 (bes
1124 2982 1251 3047 util.)
1274 2985 1379 3033 add
1399 3000 1432 3033 r
1458 2980 1467 3049 Ι
1493 2999 1587 3049 pro
1614 2984 1780 3049 specie
1813 2982 1927 3048 (sor
1957 2983 2149 3048 prosp.)
2184 2999 2217 3031 r

1530 3149 1588 3197 18
1621 3145 1835 3196 instituit
1860 3162 1893 3194 r

2481 2764 2548 2818 et
2581 2755 2739 2837 quia
2766 2773 2853 2820 20

1621 2920 1652 2963 4
1684 2900 2056 2950 succensionem
2087 2901 2132 2949 C
2139 2900 2204 2948 H
2209 2916 2245 2949 r
2270 2898 2281 2963 Ι
2307 2899 2445 2949 aiunt
2467 2915 2517 2948 n.
2544 2915 2623 2948 om
2646 2916 2679 2949 r
2702 2901 2711 2963 Ι

2386 2993 2413 3045 7
2447 2982 2614 3046 plures
2647 2998 2740 3032 nos

1613 3080 1672 3115 ιο
1704 3065 1920 3130 primum
1944 3063 2056 3130 (sor
2069 3061 2286 3127 firmum)
2317 3063 2439 3113 CH
2458 3062 2467 3127 Ι
2494 3064 2582 3114 sed
2607 3063 2732 3113 firm.

2048 3160 2106 3211 ¹9
2139 3153 2190 3196 et
2211 3160 2291 3194 om
2313 3161 2346 3193 r
2370 3142 2379 3209 Ι
2410 3144 2672 3209 iniquitate
2694 3162 2727 3194 r

1578 3272 1679 3340 (vv.
1704 3273 1782 3335 ll.)
1804 3289 1887 3323 see
1911 3272 2111 3337 Bensly,
2138 3274 2218 3323 M.
2233 3273 2313 3329 F..
2338 3289 2387 3338 p.
2423 3286 2500 3337 15.

1650 3369 1726 3403 ιο.
1780 3353 2005 3418 firmum
2040 3352 2388 3415 autem...stat]
2476 3354 2547 3404 So
2583 3354 2738 3417 Aug„

1579 3435 1856 3494 Ambrstr.;
1895 3435 2129 3493 Clarom.,
2166 3434 2246 3483 “f.
2282 3434 2485 3499 quidem
2506 3431 2562 3494 ;’'
2595 3435 2734 3494 Am„

1580 3517 1716 3566 “sed
1754 3516 1875 3566 firm.
1915 3516 2052 3566 fund.
2102 3518 2170 3565 D.
2205 3515 2393 3566 stetit.'’
2461 3516 2563 3565 For
2595 3516 2741 3564 nouit

1578 3600 1745 3659 (ἔγνω)
1792 3599 1878 3649 the
1923 3599 2069 3648 Latin
2116 3598 2337 3648 versions
2391 3597 2520 3646 have
2576 3601 2738 3662 “cog-

1577 3678 1791 3740 noscit,”
1821 3678 2150 3745 “cognouit''
2175 3681 2258 3740 (cf.
2288 3680 2322 3728 1.
2354 3696 2429 3742 14,
2449 3678 2626 3743 infra).

1648 3777 1722 3813 12.
1796 3771 1842 3812 te
1889 3764 1988 3812 duo
2042 3762 2370 3824 consolentur]
2454 3760 2736 3811 Lansranc:

1577 3844 1768 3892 “Amin
1788 3843 1882 3892 ista
1905 3845 1968 3891 ad
1993 3842 2388 3892 consolationem
2412 3842 2518 3892 eius
2539 3842 2738 3892 uidetur

1575 3926 1758 3975 dixisse
1781 3925 2095 3991 apostolus.”

1646 4018 1720 4065 14.
1789 4004 2018 4068 cognouit
2038 4004 2202 4066 Deus]
2258 4003 2341 4053 Cs.
2365 4004 2464 4052 Th.
2489 4018 2556 4052 on
2579 4002 2730 4055 Zach.

1574 4084 1673 4134 xiv·
1706 4098 1732 4146 7
1763 4084 1975 4147 (Migne,
2014 4081 2161 4148 589):
2198 4085 2354 4145 *ἔγνω
2384 4081 2742 4147 κύριος’...ἀντὶ

1571 4164 1674 4216 τοῦ·
1699 4165 1972 4229 ᾠκειώσατο
1994 4169 2164 4218 αὐτοὺς
2185 4168 2263 4216 καὶ
2279 4166 2501 4231 ἀρεστοὺς
2517 4165 2739 4225 ἐνόμισεν

1572 4244 1746 4308 ἐαυτῷ.

1645 4346 1719 4396 19.
1785 4329 2050 4394 impietate]
2138 4330 2250 4380 The
2307 4329 2459 4379 Latin
2514 4328 2736 4379 versions

1572 4426 1712 4460 more
1733 4411 1978 4475 correctly
1993 4411 2171 4460 render
2195 4415 2227 4438 ‘⁴
2243 4407 2558 4476 iniquitate.'’
2602 4410 2734 4473 Imp.

1573 4493 1617 4542 is
1639 4493 1875 4557 repeated
1898 4491 1952 4541 in
1974 4492 2062 4543 the
2083 4507 2267 4542 comm.
2293 4491 2349 4554 (l.
2371 4491 2472 4552 20).

2485 4607 2562 4668 14
