3221 5116
314 400 447 464 111.
482 399 570 484 2.]
1028 413 1111 464 m
1161 414 1267 464 ΕΡ.
1313 413 1416 466 AD
1462 412 1932 465 TIMOTHEUM
1980 411 2025 464 1.
2609 410 2724 477 105

312 588 588 672 plenum
649 590 885 654 beatus
932 588 1193 667 PauluS,
1241 610 1394 655 eum
1441 590 1554 673 qui
1614 588 1725 654 uel
1792 588 2093 654 maxime
2139 587 2208 652 in
2271 586 2730 671 episcopatum

311 695 700 777 producitur
727 695 815 757 de
844 692 962 758 tali
996 695 1136 758 uita
1166 694 1479 777 cognosci
1510 693 1755 759 debere
1786 693 2030 758 intulit.
2093 712 2249 756 nam
2281 700 2350 755 et
2380 688 2730 754 ridiculum

254 823 261 830 ·
309 806 419 861 est
466 798 740 860 beatum
792 797 1073 861 Paulum
1120 796 1339 880 legem
1400 807 1695 861 statuere
1743 817 1878 860 non
1932 796 2279 860 arbitrium
2333 793 2442 858 uel
2491 812 2734 877 propo·

314 900 516 963 situm
563 900 977 982 probantem,
1024 901 1141 963 sed
1189 921 1281 963 ex
1326 910 1572 965 euentu
1619 909 1689 964 et
1734 920 1824 964 ex
1870 900 2216 965 accidente
2260 898 2732 963 discretionem

314 1013 624 1070 statuere.
686 1004 741 1067 si
774 1012 1000 1069 autem
1032 1004 1179 1088 quis
1210 1005 1390 1068 dicat
1421 1004 1740 1088 quoniam
1773 1002 1859 1067 de
1891 1013 2136 1068 euentu
2170 1011 2239 1067 et
2268 1002 2354 1066 de
2383 1001 2734 1066 accidente
2807 1012 2838 1080 5

315 1107 637 1189 exiguum
668 1106 830 1190 quid
861 1127 1098 1170 curans
1130 1106 1492 1190 apostolu3‚
1522 1126 1676 1170 cum
1711 1092 1956 1189 magna
1986 1104 2333 1187 diligentia
2364 1112 2430 1167 et
2461 1123 2731 1185 scrupu-

312 1208 584 1274 lositate
634 1210 723 1273 de
773 1210 1103 1293 episcopis
1154 1210 1369 1274 uoluit
1414 1219 1711 1275 statuere
1773 1208 1953 1292 quod
2004 1208 2253 1274 debent
2303 1210 2418 1273 uni
2464 1215 2731 1273 tantum

315 1309 494 1373 coire
537 1312 771 1389 uxori;
831 1312 1108 1377 audiant
1153 1313 1472 1396 quoniam
1518 1314 1885 1377 secundum
1927 1311 2103 1375 hanc
2145 1312 2469 1375 rationem
2515 1330 2732 1393 neque

317 1421 473 1493 post
503 1412 838 1495 baptisma
867 1414 1055 1478 illurn
1087 1416 1199 1498 qui
1231 1415 1385 1479 talis
1431 1425 1533 1480 est
1578 1415 1856 1500 produci
1903 1415 2078 1479 iusta
2121 1414 2379 1477 ratione
2424 1413 2729 1495 patietur.

318 1533 443 1577 nec
474 1516 652 1579 enim
696 1514 1040 1599 baptisma
1084 1517 1244 1581 facit
1283 1517 1471 1582 illum
1505 1539 1641 1582 non
1684 1518 1947 1583 duabus
1987 1517 2200 1582 coisse
2239 1515 2582 1594 uxoribu5‚
2615 1523 2733 1579 aut
2769 1536 2847 1584 10

314 1615 495 1698 apud
528 1638 761 1682 omnes
805 1618 964 1684 facit
1005 1621 1374 1684 existimari
1422 1621 1612 1706 quasi
1649 1620 1763 1705 qui
1809 1640 2011 1684 unam
2055 1619 2362 1683 habuerit
2401 1635 2684 1681 uxorem
2715 1635 2734 1694 ;

316 1718 533 1782 multo
572 1739 731 1783 uero
770 1720 1055 1804 amplius
1101 1743 1254 1786 eum
1302 1724 1415 1807 qui
1460 1744 1665 1787 unam
1698 1722 2067 1806 legitimam
2109 1721 2314 1785 habet
2342 1738 2626 1785 uxorem
2664 1728 2733 1784 et

318 1820 545 1885 multis
593 1822 741 1887 aliis
800 1823 1140 1889 luxuriose
1200 1826 1493 1891 uiuendo
1545 1823 1923 1912 permixtus
1985 1837 2089 1892 est
2137 1835 2205 1891 et
2266 1827 2732 1892 manifestatus

315 1937 422 1992 est
463 1927 618 1992 talis
664 1928 843 1993 uitae
889 1929 1107 2008 fuisse,
1138 1930 1223 1994 ad
1268 1932 1729 2015 episcopatum
1775 1953 1910 1997 non
1956 1932 2200 1996 debere
2245 1930 2543 2014 produci,
2577 1931 2734 1997 licet

317 2035 443 2099 etsi
502 2034 868 2099 secundum
928 2056 1157 2100 eorum
1218 2037 1495 2100 uerbum
1557 2037 1897 2120 baptisma
1957 2036 2154 2100 fuerit
2214 2034 2598 2115 adsecutus,
2675 2037 2732 2101 si
2767 2050 2840 2120 15

318 2274 430 2342 τὸν
460 2275 548 2346 εἷς
578 2275 955 2360 ἐπισκοπὴν
984 2278 1441 2364 παραγόμενον
1459 2279 1765 2364 μάλιστα
1793 2277 1931 2346 α’πὸ
1963 2279 2274 2346 τοιούτων
2302 2277 2734 2366 γνωρίζεσθαι

319 2377 453 2444 δεῖν
480 2377 852 2463 ἡγούμενος·
899 2379 1043 2446 ἐπεὶ
1074 2380 1186 2447 καὶ
1215 2382 1475 2464 γέλοιον
1505 2384 1779 2464 νομίζειν
1804 2384 2080 2449 Παῦλον
2103 2381 2333 2466 νόμους
2363 2381 2613 2449 τιθέναι
2639 2381 2731 2467 μὴ

316 2483 579 2567 γνώμην
616 2482 1071 2566 δοκιμάζοντα,
1105 2482 1261 2550 ἀλλ’
1291 2482 1429 2550 ἀπὸ
1465 2488 1578 2566 τῆς
1618 2485 1979 2577 συντυχίας
2017 2484 2136 2569 τὴν
2175 2485 2505 2574 διάκρισιν
2545 2485 2734 2575 ἐργα-

322 2584 600 2669 ζόμενον.
675 2585 734 2651 εἰ
757 2584 888 2674 γάρ
912 2614 1011 2659 τις
1041 2589 1247 2654 ἐκεῖνο
1275 2588 1476 2672 λέγοι,
1500 2587 1606 2656 ὅτι
1635 2588 1838 2677 μικρὰ
1861 2589 1973 2656 καὶ
2004 2593 2118 2671 τῆς
2148 2591 2509 2678 συντυχίας
2540 2595 2733 2677 φρον-

318 2692 529 2767 τίσας,
581 2689 882 2762 πλείονος
941 2694 1060 2773 τῆς
1119 2689 1459 2779 ἀκριβείας
1507 2692 1971 2776 ἐπιμελόμενος
2018 2695 2129 2762 ἐπὶ
2177 2699 2293 2761 τοῦ
2339 2696 2731 2778 ἐπισκόπου,
2760 2719 2848 2769 20

315 2791 616 2872 ἐνόμισεν
635 2791 831 2860 αὐτὸν
854 2793 1036 2864 ὅπως
1058 2795 1225 2862 ποτὲ
1244 2799 1366 2886 μιᾷ
1386 2794 1521 2862 δεῖν
1543 2796 2066 2879 κεκοινωνηκότα
2087 2798 2385 2880 γυναικί·
2428 2797 2735 2880 ἀκουέτω,

317 2894 425 2962 ὅτι
453 2894 627 2962 κατὰ
669 2902 903 2964 τοῦτον
932 2896 1048 2965 τὸν
1084 2898 1292 2983 λόγον
1320 2898 1465 2966 οὐδὲ
1490 2899 1656 2984 μετὰ
1688 2901 2161 2983 βαπτίσματος
2190 2908 2490 2970 τοιοῦτον
2518 2885 2748 2992 παρά-ἱ

317 2998 559 3084 γεσθαι
604 2998 853 3067 δίκαιον
901 3000 999 3082 ἥν.
1111 3001 1184 3068 οὐ
1229 3000 1359 3089 γὰρ
1405 3001 1483 3084 δὴ
1527 3001 1605 3069 τὸ
1648 3001 2017 3088 βάπτισμα
2057 3002 2099 3085 ἢ
2148 3002 2265 3070 οὐκ
2321 3003 2489 3072 εἶναι
2532 3005 2736 3075 αὐτὸν

319 3101 513 3169 δυσὶν
563 3101 1084 3185 κεκοινωνηκότα
1142 3110 1326 3172 ποιεῖ
1366 3105 1685 3190 γυναιξίν,
1733 3104 1774 3188 ἢ
1824 3105 2014 3194 παρὰ
2062 3110 2278 3174 πᾶσιν
2330 3108 2416 3180 ὥς
2459 3112 2582 3199 μιᾷ
2629 3136 2735 3177 κε-

317 3209 762 3289 κοινωνηκότα
834 3207 1439 3290 ὑπολαμβάνεσθαι
1460 3229 1475 3246 ·
1564 3212 1807 3298 πολλῷ
1867 3209 1938 3276 δὲ
1994 3208 2207 3277 πλέον
2265 3209 2380 3277 τὸν
2434 3216 2558 3302 μιᾷ
2612 3213 2733 3296 μὲν
2760 3233 2838 3301 25

318 3312 770 3397 σνγγεγονότα
828 3311 1004 3378 κατὰ
1059 3311 1183 3395 τὴν
1241 3311 1516 3397 νόμιμον
1565 3311 1951 3400 συνάφειαν,
2002 3319 2295 3386 πολλαῖς
2355 3314 2424 3382 δὲ
2483 3315 2734 3404 ἑτέραις

316 3415 708 3486 ἀκολάστως
737 3415 1240 3499 συμπλακέντα,
1285 3416 1397 3483 καὶ
1440 3415 1778 3514 πρόδηλον
1822 3416 1936 3483 ἐπὶ
1975 3421 2070 3506 τῷ
2108 3417 2382 3507 τοιούτῳ
2417 3422 2734 3505 γεγονότα

316 3516 449 3604 βίῳ
488 3517 578 3589 εἷς
614 3515 733 3599 τὴν
778 3517 1156 3600 ἐπισκοπὴν
1193 3518 1619 3606 παράγεσθαι
1657 3517 1787 3609 οὐχ
1822 3518 2026 3599 ὅσιον,
2055 3519 2231 3586 κατά
2266 3547 2344 3604 γε
2381 3521 2496 3587 τὸν
2533 3521 2735 3590 αὐτὸν

315 3620 539 3704 λόγον,
569 3619 677 3686 διὰ
719 3619 795 3688 τὸ
841 3624 958 3687 τοῦ
985 3619 1461 3706 βαπτίσματος
1491 3619 1942 3711 τετυχηκέναι.
2022 3622 2079 3690 εἰ
2115 3622 2245 3710 γὰρ
2285 3622 2364 3705 δὴ
2403 3622 2517 3691 τὸν
2554 3623 2735 3709 νομί-

422 3865 442 3899 1
480 3849 533 3898 b.
561 3847 615 3899 P.
645 3848 712 3898 ad
749 3847 821 3914 pl.
854 3848 922 3898 H
940 3846 949 3914 1
978 3864 1095 3898 eum
1127 3863 1207 3896 om
1242 3863 1275 3897 r
1512 3864 1542 3913 3
1574 3848 1876 3899 constituere
1909 3848 2027 3913 (χον
2058 3849 2198 3909 stat.)
2233 3865 2267 3897 r
2492 3866 2524 3910 4
2557 3865 2620 3899 ex
2651 3864 2733 3899 ac—

317 3929 502 3979 cidenti
530 3929 827 3979 discretione
852 3929 915 3978 H
932 3927 942 3991 Ι
971 3929 1240 3978 accedente
1268 3928 1345 3978 C*
1368 3926 1476 3993 (bis)
1676 3940 1704 3991 5
1738 3929 1984 3979 accidenti
2005 3930 2075 3977 H
2259 3926 2291 3978 6
2323 3927 2554 3993 exig-uam
2583 3930 2660 3980 C*
2675 3931 2745 3980 H

320 4024 348 4075 7
382 4012 622 4061 deberent
644 4029 677 4061 r
703 4010 711 4077 Ι
739 4011 791 4060 in
815 4008 931 4075 (sor
947 4011 1055 4074 uni)
1079 4026 1112 4060 r
1245 4026 1297 4061 11
1325 4011 1553 4061 homines
1576 4010 1691 4076 (for
1709 4009 1904 4074 omnes)
1930 4026 1964 4059 r
1985 4008 1994 4068 Ι
2024 4009 2307 4061 existimate
2328 4027 2362 4060 r
2492 4027 2550 4062 12
2574 4013 2733 4063 multo

313 4109 362 4143 a.
401 4108 522 4143 uero
555 4109 588 4141 r
611 4091 621 4158 Ι
650 4099 702 4142 et
733 4107 812 4142 om
840 4090 924 4142 C*
941 4091 1010 4142 II
1200 4103 1258 4154 15
1293 4093 1385 4142 etsi
1401 4107 1479 4142 om
1502 4108 1535 4141 r
1559 4092 1569 4158 Ι
1597 4092 1864 4142 uerborum
1891 4091 2016 4141 CH
2026 4107 2062 4139 r
2269 4106 2334 4142 υ
2367 4094 2733 4156 παραγενέσθαι

315 4174 429 4226 cod.
457 4174 574 4225 edd.

382 4378 430 4422 4.
500 4373 562 4408 ex
591 4374 670 4408 eu.
704 4364 752 4409 et
779 4374 840 4407 ex
869 4357 989 4419 aea]
1025 4355 1107 4408 Cf.
1144 4356 1180 4407 1.
1219 4370 1265 4421 5,
1307 4357 1473 4409 where
1641 4367 1687 4421 7.
1755 4355 1857 4406 uni
1901 4362 1937 4406 t.
1991 4355 2113 4406 coire
2163 4356 2516 4420 uxori]=cum
2565 4375 2725 4413 una...

314 4443 401 4503 τῆς
424 4440 686 4502 συντυχίας
707 4438 749 4490 is
771 4438 919 4505 again
941 4439 1132 4504 doubly
1153 4439 1472 4505 represented
1572 4454 1823 4489 uxore—a
1843 4437 2101 4490 reflection
2122 4438 2181 4488 os
2195 4438 2282 4489 the
2305 4439 2405 4491 Gk.
2433 4438 2544 4504 (μιᾷ
2561 4445 2728 4493 συνελ·

315 4524 366 4573 in
391 4523 477 4575 the
500 4519 733 4581 version;
767 4520 867 4571 and
890 4536 974 4572 see
996 4532 1030 4571 1.
1057 4537 1106 4586 p.
1136 4521 1299 4572 xxxvi.
1575 4522 1676 4571 θεῖν
1694 4518 1930 4584 ‘yvriacum
1963 4520 2027 4570 cs.
2052 4520 2211 4585 insta,
2236 4520 2271 4570 1.
2297 4536 2345 4584 p.
2380 4535 2456 4570 10.
