3221 5116
735 0 3221 94 Μ

488 211 505 218 -
602 189 669 234 A

369 390 455 454 11.
494 392 707 478 3—5.]

1251 409 1334 458 IN
1383 409 1488 462 ΕΡ.
1534 410 1641 460 AD
1686 410 1947 464 TITUM.

2650 411 2778 479 247

361 579 759 661 presbyterii
818 580 1110 646 officium
1171 584 1582 649 sortirentur.
1673 582 1806 648 hoc
1860 582 2039 648 enim
2092 581 2356 648 instruit
2402 581 2563 646 dum
2616 580 2782 645 dicit

359 684 685 747 similiter
698 705 723 762 ,·
801 684 947 749 uult
1007 685 1189 749 enim
1250 685 1471 749 dicere
1530 694 1605 750 ut
1636 694 1705 750 et
1757 685 2066 752 mulieres
2124 706 2297 770 quae
2354 692 2579 750 aetate
2627 691 2785 747 sunt

359 796 719 869 prouectae
749 787 983 852 habitu
1014 788 1149 852 sint
1179 788 1441 853 decenti
1473 798 1773 867 ornatae,
1801 788 1868 852 id
1900 797 2020 866 est,
2046 798 2119 854 ut
2149 809 2306 872 erga
2336 787 2780 852 reuerentiam

359 898 429 953 et
478 891 947 954 uerecundiam
998 890 1134 953 sint
1173 889 1569 973 perfectae,*
1618 911 1741 955 nec
1789 892 1949 956 uino
1995 893 2348 958 intendant
2396 890 2611 956 multo
2662 900 2781 955 aut

331 992 660 1057 ebrietati
686 1011 703 1069 ;
747 993 866 1057 sed
913 1013 1035 1057 nec
1079 994 1357 1058 istorum
1413 993 1619 1059 uerba
1668 994 1755 1059 ad
1801 994 1952 1060 illos
2000 1017 2121 1061 nec
2168 995 2434 1060 illorum
2478 996 2778 1061 deferant
2854 1010 2886 1078 5

360 1098 445 1161 ad
502 1097 682 1161 istos

489 1241 651 1306 bona
693 1240 992 1307 docentes,

488 1390 660 1452 quae
706 1390 840 1433 non
888 1368 1094 1433 modo
1139 1368 1558 1451 diligentiam
1605 1370 1900 1453 poterint
1945 1367 2259 1434 adhibere
2311 1369 2614 1448 bonitati,
2656 1370 2772 1434 sed

359 1482 426 1538 et
457 1472 693 1536 docere
725 1471 842 1535 illa
874 1492 1046 1555 quae
1077 1481 1236 1536 sunt
1265 1472 1547 1555 optima.
1635 1483 1703 1536 et
1733 1493 1865 1556 qua
1896 1473 1982 1537 de
2012 1494 2213 1538 causa
2242 1474 2528 1539 dicitur?

486 1618 565 1672 ut
592 1608 873 1691 pudicas
919 1607 1186 1692 (inquit)
1228 1607 1501 1689 faciant
1548 1609 2062 1690 adolescentulas,
2114 1610 2454 1694 diligentes
2504 1609 2777 1675 maritos
2811 1618 2889 1668 10

354 1730 502 1773 suos
526 1720 591 1774 et
596 1711 801 1796 filios,
819 1711 1070 1776 sobrias
1096 1733 1245 1792 esse,
1268 1719 1500 1791 castas,
1525 1713 1756 1777 domus
1781 1735 1938 1777 suas
1968 1715 2114 1779 bene
2136 1725 2430 1797 regentes,
2453 1714 2777 1798 benzgnas,

353 1814 648 1879 subditas
660 1815 953 1898 proprias
982 1816 1249 1880 maritis
1264 1840 1296 1891 ,·
1338 1827 1416 1881 ut
1441 1839 1518 1881 ne
1547 1817 1816 1882 uerbum
1845 1818 1981 1882 Dei
2005 1818 2486 1901 blasphemetur.

354 2012 854 2102 πρεσβυτέρων.
918 2012 1216 2081 διδάσκει
1260 2015 1390 2102 «γὰρ
1440 2016 1679 2101 ὁμοίως·
1737 2018 1852 2085 καὶ
1912 2020 2048 2084 τῶν
2102 2019 2436 2101 ’γυναικῶν
2493 2014 2610 2089 τὰς
2659 2016 2780 2100 τὴν

350 2115 615 2196 ἠλικίαν
661 2115 1108 2203 παλαιοτέρας
1152 2117 1225 2185 τὸ
1278 2122 1516 2209 σχὶἵμα,
1563 2119 1742 2210 ἔχειν
1788 2120 2190 2209 ἶεροπρεπές,
2236 2118 2345 2186 ἵνα
2391 2121 2547 2206 εἴπῃ
2585 2126 2602 2153 ‘
2622 2119 2780 2186 θαυ-

349 2219 611 2306 μαστὸν
654 2222 769 2288 καὶ
811 2219 1192 2306 αἰδέσιμον.’

2813 2221 2884 2289 15

450 2402 480 2451 3
512 2387 589 2437 sui
614 2387 731 2453 (fhr
747 2388 866 2450 sint)
889 2405 922 2438 r
946 2385 955 2452 Ι
983 2388 1172 2439 dicenti
1195 2395 1401 2440 ornatae
1422 2389 1558 2441 idem
1585 2391 1630 2440 C
1689 2392 1877 2442 dicenti
1900 2393 2063 2443 ornati
2085 2392 2136 2442 id
2159 2398 2234 2443 est
2256 2394 2345 2443 H:
2379 2399 2461 2443 txt
2482 2409 2515 2443 r
2743 2411 2776 2454 4

349 2476 614 2533 prouectae
639 2466 752 2534 (for
771 2469 914 2535 perf.)
937 2487 970 2520 r
993 2469 1002 2534 Ι
1032 2470 1298 2521 intendunt
1317 2471 1360 2521 C
1371 2470 1394 2495 ‘

316 2608 321 2609 ⁷
350 2549 404 2600 d.
426 2567 505 2600 om
526 2567 560 2601 r
691 2566 752 2603 ιο
784 2551 1088 2603 adulestulas
1113 2553 1218 2616 (se‘c)
1243 2551 1311 2603 H

350 2704 597 2763 however,
624 2701 820 2767 against
844 2702 1010 2752 whom
1046 2702 1132 2753 the
1153 2703 1364 2753 catenist
1397 2718 1510 2768 sup·

351 2800 497 2850 poses
521 2783 665 2833 Th.'s
692 2799 899 2834 censure
933 2790 987 2833 to
1020 2784 1085 2833 be
1124 2784 1364 2845 directed,
1393 2801 1512 2848 may

350 2865 740 2917 have'intended
763 2866 883 2930 only
905 2872 958 2915 to
991 2864 1205 2929 identisy
1240 2864 1325 2915 the
1361 2881 1509 2928 πρεσ-

348 2948 538 3010 βύτιδες
573 2945 633 2995 of
660 2945 748 2994 the
770 2953 873 2994 text
907 2943 1031 2994 with
1067 2945 1154 2996 the
1179 2945 1509 2995 deaconesses

349 3045 407 3079 or
445 3043 571 3078 even
610 3027 698 3077 the
733 3026 874 3077 elder
906 3026 1139 3084 widows3
1190 3025 1254 3075 cs.
1307 3026 1502 3090 Pelag.:

350 3114 384 3136 ‘⁴
405 3124 533 3173 quae
587 3108 654 3157 ad
708 3107 920 3157 aliarum
972 3108 1287 3173 eligebantur
1341 3127 1506 3160 exem·

349 3192 491 3256 plum
507 3189 555 3248 ;’'
590 3191 743 3240 Oec.:
765 3192 853 3239 τὰς
875 3188 1118 3240 διακόνους
1140 3193 1294 3252 λέγει.
1358 3190 1506 3241 Th.’s

348 3272 512 3321 words
544 3287 612 3320 on
645 3272 731 3320 the
763 3271 907 3321 other
939 3272 1077 3321 hand
1101 3271 1354 3338 exproesly
1377 3272 1504 3323 refer

349 3362 402 3402 to
424 3368 456 3400 a
477 3351 656 3401 female
678 3351 826 3400 order
846 3351 1120 3415 analogous
1154 3359 1208 3401 to
1240 3353 1325 3402 the
1357 3370 1504 3415 τρεσ-

348 3434 558 3499 βύτεροι.
632 3434 743 3485 The
782 3437 919 3500 early
953 3445 1114 3486 traces
1143 3436 1201 3485 os
1225 3437 1324 3486 this
1358 3437 1505 3486 order

346 3536 430 3570 are
464 3520 559 3570 few
595 3519 695 3568 and
726 3518 1051 3583 ambiguous3
1112 3534 1217 3582 ag.
1257 3517 1343 3568 the
1385 3517 1501 3567 mh

347 3603 633 3655 Laodicean
673 3618 837 3652 canon
879 3603 1012 3664 (περὶ
1049 3603 1136 3650 τοῦ
1170 3598 1240 3661 μή
1281 3602 1378 3650 δεῖν
1414 3603 1502 3651 τὰς

344 3689 612 3749 λεγομένας
639 3682 966 3749 πρεσβύτιδας
996 3682 1105 3743 ἤτοι
1137 3685 1501 3748 προκαθημένας

344 3768 396 3815 ἐν
434 3769 671 3828 ἐκκλησίᾳ
708 3766 1172 3818 καθίστασθαι-οη
1211 3764 1379 3815 which
1415 3781 1500 3815 see

346 3849 597 3908 Neander‚
632 3849 724 3897 Ch.
752 3849 826 3898 H.
861 3847 931 3898 iii.
970 3862 1081 3905 ου,
1106 3853 1261 3907 note;
1298 3847 1497 3905 Hesele‚

349 3930 591 3989 Councih,
629 3928 682 3978 ii.
720 3944 813 3992 305
838 3928 954 3993 sq.)‚
982 3928 1081 3978 and
1118 3943 1149 3977 a
1183 3928 1498 3978 remarkable

343 4008 556 4058 allusion
615 4008 667 4057 in
719 4009 805 4058 the
859 4009 1165 4073 apocryphal
1220 4010 1341 4058 Acts
1393 4010 1506 4059 and

343 4088 658 4152 Alartyrdom
720 4088 785 4152 qs
827 4089 1077 4139 stlatthew
1132 4089 1326 4149 (Tisch.
1381 4092 1495 4140 Act.

341 4180 491 4237 apost.
530 4179 692 4236 apocr.
739 4188 790 4237 p.
843 4175 963 4236 187:
1020 4171 1112 4232 τὴν
1157 4175 1369 4234 γυναῖκα
1411 4176 1497 4222 τοῦ

341 4253 583 4315 βασιλέως
622 4253 924 4311 κατέστησεν
969 4249 1267 4316 πρεσβῦτι
1280 4255 1364 4313 δα,
1416 4255 1497 4304 καὶ

341 4336 431 4394 τὴν
472 4334 679 4394 γυναῖκα
723 4327 807 4379 τοῦ
855 4329 952 4379 νίοΰ
1002 4333 1148 4379 αὐτοῦ
1190 4334 1497 4393 κατέστησεν

343 4409 995 4475 traxerant—following
1041 4426 1108 4460 on
1152 4426 1183 4460 a
1227 4420 1495 4463 statement

340 4497 447 4547 that
471 4494 556 4545 the
579 4493 704 4556 king
730 4491 831 4542 and
857 4491 936 4542 his
966 4508 1058 4543 son
1090 4508 1218 4544 were
1251 4494 1494 4545 ordained

1594 2484 1624 2534 5
1658 2473 1898 2524 ebrietate
1925 2474 2002 2524 C·
2030 2475 2094 2524 H

1473 2570 1526 2605 11
1565 2554 1850 2621 benignitas
1876 2557 1919 2607 C
1928 2554 1956 2581 *

2281 2489 2312 2540 9
2345 2481 2395 2525 et
2417 2490 2519 2540 qua
2538 2474 2603 2524 de
2624 2489 2775 2525 causa

2147 2573 2206 2621 14
2238 2556 2297 2606 τό
2318 2574 2376 2605 τε
2397 2574 2485 2619 σχ.
2508 2557 2624 2607 cod.
2648 2558 2763 2609 edd-

1612 2704 1764 2769 priest
1808 2705 1910 2754 and
1943 2704 2135 2755 deacon
2170 2703 2523 2769 respectively;
2556 2704 2767 2756 another

1609 2785 1700 2835 but
1735 2784 1937 2836 inferior
1970 2785 2086 2835 MS.
2111 2794 2394 2851 represents
2417 2786 2539 2835 both
2565 2802 2764 2838 women

1607 2881 1664 2915 as
1685 2865 1926 2915 ordained
1949 2866 2316 2925 deaconesses).
2383 2866 2539 2916 Thdt.
2566 2875 2762 2930 repeats

1606 2945 1751 2996 Th.'s
1784 2956 2039 2996 comment
2073 2946 2129 2996 in
2161 2963 2192 2995 a
2225 2946 2324 2995 less
2356 2946 2558 2995 distinct
2597 2946 2760 2998 form:

1603 3031 1693 3078 τὰς
1728 3030 2051 3091 γεγηρακυίας
2094 3026 2241 3077 οὕτως
2279 3026 2546 3088 ὠνόμασεν,
2584 3029 2639 3077 οὐ
2671 3030 2761 3080 τὰς

1605 3111 1905 3173 λειτουργίας
1937 3111 2065 3159 τινὸς
2099 3110 2371 3170 ἠξιωμένας.
2618 3126 2626 3133 ·

1671 3208 1716 3255 3.
1789 3193 1850 3241 id
1879 3200 1964 3250 est,
2003 3199 2066 3241 ut
2095 3208 2213 3257 erga
2250 3193 2596 3254 reuerentiam,
2635 3192 2757 3256 δῖα]

1601 3273 1688 3324 Cf.
1727 3274 1907 3325 Thdt.:
1945 3276 2208 3338 ἱεροπρεπῆ
2242 3275 2296 3324 δὲ
2332 3273 2420 3334 τῆς
2462 3272 2755 3334 σεμνότητος

1600 3358 1861 3417 εὐκοσμίαν
1900 3359 2149 3407 ἐκάλεσεν.
2216 3358 2449 3422 Jerome:
2502 3360 2608 3407 “ut
2644 3357 2780 3429 ipse-

1598 3453 1799 3503 quoque
1821 3454 1989 3487 earum
2023 3438 2242 3489 incessus
2273 3446 2322 3488 et
2355 3446 2537 3495 motus,
2563 3438 2745 3498 uultuS,

1596 3534 1776 3579 serum,
1820 3518 2088 3578 silentium,
2117 3519 2370 3583 quandam
2393 3518 2587 3568 decoris
2620 3518 2747 3567 sacri

1597 3599 1876 3665 praeferant
1899 3599 2211 3665 dignitatem.
2221 3597 2251 3620 ’⁹

1665 3692 1711 3742 7.
1809 3681 1936 3730 bona
1988 3681 2216 3743 docentes]

1600 3762 1750 3812 Latin
1789 3762 2014 3812 versions
2061 3762 2158 3811 less
2202 3761 2498 3825 accurately‚

1591 3841 1882 3892 docentes?

1660 3924 1708 3972 8.
1772 3922 1922 3971 sedet
1938 3919 2118 3981 docere]
2186 3919 2264 3971 Cf.
2311 3931 2371 3969 11.
2413 3935 2503 3985 pp.
2537 3934 2620 3988 93,
2656 3936 2740 3985 94.

1594 4004 1801 4068 Pelag.:
1857 4003 2086 4054 “docere
2129 4002 2230 4052 illis
2266 4002 2507 4067 permisit,
2549 4003 2638 4053 sed
2675 4003 2741 4053 fe-

1592 4084 1785 4144 minam
1824 4090 1874 4133 et
1903 4083 2000 4132 hoc
2039 4097 2140 4131 non
2171 4080 2224 4131 in
2259 4082 2487 4141 ecclesia,
2522 4084 2610 4133 sed
2642 4083 2742 4148 pri·

1593 4163 1802 4216 uatim.”
1867 4163 2090 4229 Thpht.=
2145 4161 2528 4227 ένταῦθα...π·ερὶ
2561 4160 2652 4224 τῆς
2687 4167 2739 4214 έν

1592 4249 1710 4307 οῐκῳ
1749 4245 2010 4306 γενομένης
2052 4244 2385 4306 [διδασκαλίας
2424 4245 2616 4307 φησίν],
2661 4247 2742 4295 καὶ

1592 4331 1692 4390 ἰδίᾳ
1716 4329 1832 4391 πρὸς
1858 4329 2101 4388 γυναῖκας.

1663 4424 1734 4460 ιο.
1807 4406 2379 4473 utpudaekas...regtntes]
2451 4407 2564 4458 The
2589 4409 2738 4459 Latin

1590 4490 1811 4541 versions
1826 4488 1969 4540 differ
1986 4488 2168 4553 widely
2181 4489 2307 4538 from
2327 4487 2426 4539 this
2448 4488 2738 4553 rendering;

2283 3678 2741 3733 καλοδιδασκάλους.

2565 3764 2599 3787 “
2618 3762 2748 3813 bene
