3221 5116
498 377 619 426 112

1156 373 1616 429 THEODORUS
1662 373 2247 429 MOPSUESTENUS

2651 359 2809 444 [111.
2839 360 2902 423 6.

490 542 904 628 baptismum
935 555 1039 612 est
1066 546 1446 615 adsecutus,
1494 567 1653 613 nam
1684 547 1891 613 fidem
1924 545 2463 632 ‘plantationem'
2494 553 2711 621 uocat,
2736 545 2908 611 sicut

493 656 562 713 et
620 650 912 715 scribens
957 652 1136 717 dixit
1182 674 1294 736 ego
1325 652 1657 737 plantam,
1689 652 1819 717 hoc
1864 660 1983 730 est,
2034 652 2159 717 ‘ad
2205 650 2409 715 fidem
2455 649 2749 715 adduxi.’
2838 657 2909 714 et

491 752 578 817 de
621 754 1030 839 baptismate
1075 757 1380 822 similiter
1409 758 1672 823 scribit:
1714 757 1782 823 si
1819 756 1992 822 enim
2036 755 2437 840 conplantati
2457 753 2645 835 facti
2680 773 2909 817 sumus

489 855 925 924 similitudini
950 860 1179 924 mortis
1214 860 1370 938 eius,
1400 861 1486 924 de
1532 860 1943 943 baptismate
1972 859 2218 924 dicens,
2286 858 2537 922 etenim
2569 877 2704 920 non
2736 858 2910 921 adeo

430 970 461 1038 5
493 969 682 1024 erant
727 962 856 1026 ista
885 960 1338 1045 apostolorum
1372 973 1675 1046 tempore
1699 962 1913 1026 diuisa
1944 970 2017 1025 ut
2049 971 2118 1026 et
2147 960 2490 1025 crederent
2515 970 2583 1024 et
2613 960 2911 1042 baptiza-

491 1072 736 1143 rentur,
755 1085 836 1129 eo
867 1067 1045 1151 quod
1071 1065 1167 1130 illi
1195 1068 1307 1150 qui
1333 1087 1467 1131 non
1499 1068 1826 1150 baptizati
1850 1076 2040 1132 erant
2072 1088 2194 1131 nec
2210 1066 2444 1130 fideles
2475 1075 2636 1130 tunc
2658 1085 2909 1130 nuncu-

491 1169 826 1251 pabantur
851 1190 868 1248 ;
914 1169 1094 1233 unde
1124 1179 1191 1234 et
1223 1190 1311 1234 ex
1344 1171 1580 1235 eadem
1610 1171 2092 1248 consuetudine
2122 1170 2341 1234 adhuc
2371 1179 2441 1234 et
2475 1190 2787 1252 praesens
2818 1166 2911 1231 illi

493 1272 609 1354 qui
640 1271 962 1354 baptizati
992 1282 1149 1337 sunt
1190 1277 1206 1305 ⁴
1229 1270 1496 1338 fideles’
1530 1285 1870 1339 uocantur.
1959 1273 2262 1358 plurimis
2301 1294 2460 1338 uero
2501 1274 2569 1336 in
2610 1274 2910 1356 partibus

496 1395 712 1459 neque
772 1374 1165 1440 christianos
1217 1386 1465 1441 uocant
1522 1397 1639 1441 eos
1699 1377 1813 1460 qui
1859 1398 1995 1442 non
2055 1387 2493 1460 perceperunt
2551 1378 2907 1460 baptisma.

393 1492 474 1542 10
498 1500 653 1544 nam
699 1490 767 1545 et
797 1480 1143 1563 apostolus
1189 1482 1285 1544 sic
1314 1482 1517 1546 dicit:
1560 1480 1628 1546 si
1666 1480 1813 1564 quis
1855 1491 2071 1545 autem
2122 1479 2375 1547 Christi
2415 1481 2746 1564 Spiritum
2785 1501 2911 1546 non

493 1584 696 1661 habet,
724 1583 829 1648 hic
854 1604 978 1648 non
1007 1595 1102 1649 est
1125 1584 1278 1649 eiras.
1370 1586 1647 1651 euidens
1677 1594 1781 1652 est
1814 1587 2133 1669 quoniam
2175 1586 2504 1669 Spiritum
2541 1607 2676 1650 non
2708 1585 2915 1652 habet

496 1689 611 1772 qui
644 1689 981 1770 baptisma
1016 1708 1151 1753 non
1198 1690 1492 1773 percipit.
1583 1690 1731 1755 uult
1776 1711 1934 1773 ergo
1976 1712 2129 1756 eum
2178 1693 2290 1775 qui
2339 1692 2404 1755 in
2451 1691 2911 1774 episcopatum
2984 1749 2989 1754 .

495 1793 885 1876 producitur
911 1815 1001 1857 ex
1035 1791 1246 1858 multo
1278 1803 1579 1877 tempore
1625 1794 1893 1860 fidelem
1936 1815 2082 1860 esse
2122 1804 2191 1859 et
2231 1796 2687 1879 baptizatum3
2733 1793 2914 1858 unde

498 1906 566 1964 et
627 1899 872 1975 multas
930 1920 1164 1966 causas
1222 1901 1387 1966 dicit
1442 1900 1599 1964 huic
1658 1902 1752 1964 rei
1812 1900 2215 1965 necessarias
2274 1909 2344 1965 et
2400 1900 2599 1965 ualde
2657 1899 2914 1981 dignas.

599 2190 627 2224 α
660 2172 1067 2238 hocestegopl.
1097 2169 1591 2238 C*H1induxiH

499 2257 562 2307 H
586 2253 596 2322 Ι
622 2271 755 2305 nunc
776 2255 1088 2321 cupabantur
1113 2254 1159 2306 C
1168 2253 1197 2280 ¹*

501 2353 534 2404 9
565 2337 878 2388 uocaner

500 2492 656 2544 Thdt.
679 2490 783 2556 (τὸν
804 2491 939 2542 εὐθὺς
960 2486 1358 2553 πεπιστευκότα).
1427 2488 1514 2540 He
1535 2489 1660 2540 does

498 2583 604 2638 not,
643 2577 748 2627 like
790 2576 913 2634 Th„
947 2575 1048 2625 add
1092 2575 1178 2626 the
1208 2573 1534 2625 alternativez
1579 2574 1663 2624 ‘or

498 2658 587 2709 the
607 2658 771 2722 newly
791 2654 1060 2722 baptized!

570 2753 614 2789 1.
681 2738 841 2804 fidem
879 2736 1248 2803 plantationem
1300 2735 1378 2799 m]
1430 2733 1521 2796 τὴν
1563 2735 1665 2800 γὰρ

500 2818 669 2868 πίστιν
702 2820 932 2882 φύτευσεν
964 2818 1120 2879 λέγει.
1187 2817 1270 2867 Cr.
1305 2833 1325 2868 1
1365 2816 1485 2867 Cor.
1524 2816 1599 2866 iii.
1630 2813 1663 2865 6

501 2898 622 2963 (ἐγὼ
653 2900 946 2962 &pbr-evea„
979 2899 1081 2949 add
1113 2915 1195 2949 vv.
1233 2910 1279 2961 7,
1315 2899 1361 2958 8,
1389 2898 1490 2947 and
1518 2913 1560 2947 c.
1593 2896 1664 2946 ix.

504 2993 532 3046 7
575 2980 664 3046 (τίς
701 2982 1193 3044 φυνεύει...καὶ...οὐκ
1229 2981 1380 3030 ἐσθίει
1395 2982 1452 3042 3).
1519 2977 1666 3029 Th.’s

502 3066 645 3115 other
668 3066 918 3115 reference
941 3063 982 3113 is
1005 3063 1102 3113 less
1117 3061 1363 3112 felicitous
1376 3079 1391 3122 ς
1424 3062 1668 3123 σύμφυτοι

509 3144 681 3210 (Rom.
695 3146 761 3195 vi.
785 3146 852 3209 5),
875 3160 931 3194 as
957 3144 1134 3208 Meyer
1153 3143 1245 3192 has
1267 3142 1475 3207 pointed
1499 3149 1603 3200 out,
1623 3141 1667 3192 is

504 3235 595 3277 not
625 3226 952 3292 complantati
981 3225 1058 3286 [as
1089 3225 1178 3274 is=
1190 3224 1548 3286 σνμφυτευτοί1,
1575 3224 1669 3273 but

506 3309 676 3360 rather
729 3306 1068 3359 “connati”
1122 3322 1180 3357 or
1234 3304 1671 3356 “coalescentes'’

506 3392 622 3441 The
656 3389 839 3440 former
877 3405 1020 3440 sense
1056 3388 1100 3438 is
1130 3387 1364 3440 however
1394 3389 1669 3454 supported

506 3472 577 3537 by
611 3471 698 3522 the
734 3470 958 3530 Peshho,
1005 3468 1321 3534 Memphitic,
1369 3469 1472 3519 and
1516 3470 1667 3520 Latin

508 3552 731 3603 versions
774 3546 1238 3613 [“complantati”;
1292 3549 1383 3598 but
1426 3549 1567 3598 Tert.
1610 3548 1671 3598 de

498 3634 675 3700 pudic.
726 3644 801 3696 17,
852 3628 1173 3692 “consati''13
1223 3631 1324 3680 and
1366 3631 1436 3694 by
1478 3630 1670 3695 Origen

511 3716 674 3777 (Rom.
698 3715 770 3764 ad
784 3712 862 3777 Ι.),
888 3729 945 3763 as
963 3713 1077 3762 well
1108 3713 1178 3778 by
1208 3712 1276 3762 au
1309 3713 1395 3763 the
1424 3712 1670 3763 Antioch-

508 3814 629 3849 enes
666 3798 793 3848 from
828 3796 1054 3847 Diodore
1082 3796 1399 3846 downwards
1424 3794 1509 3861 (cf.
1543 3808 1583 3845 1.
1615 3811 1670 3861 p.

514 3880 713 3944 lxxiii).

578 3976 627 4023 5.
696 3968 757 4010 ut
791 3967 838 4011 a
872 3962 1122 4012 crederent
1161 3966 1208 4010 a
1250 3959 1406 4026 hapa]
1461 3957 1520 4010 τὸ
1559 3976 1671 4009 πισ-

510 4044 663 4092 τεύειν
683 4043 765 4092 καὶ
785 4039 841 4090 τὸ
862 4042 1203 4104 βαπτίζεσθαι.

577 4125 625 4174 8.
693 4122 1247 4189 fideles...clzristianos]
1325 4123 1439 4173 The
1484 4123 1671 4173 second

509 4204 621 4256 title
674 4220 778 4255 was
820 4205 945 4254 used
986 4205 1041 4255 in
1082 4221 1234 4270 many
1277 4213 1503 4271 quarters
1545 4206 1670 4257 with

509 4294 704 4353 greater
746 4286 956 4337 latitude
1000 4287 1121 4337 than
1165 4288 1251 4339 the
1296 4288 1418 4339 first.
1485 4288 1670 4354 Comp.

510 4369 599 4419 the
643 4367 762 4433 59th
805 4383 970 4417 canon
1004 4367 1065 4418 of
1098 4368 1186 4418 the
1230 4369 1322 4420 Co.
1373 4370 1435 4420 of
1471 4370 1672 4420 Elvira:

512 4450 922 4516 “prohibendum
943 4456 1019 4501 est
1045 4465 1109 4500 ne
1135 4451 1247 4515 quis
1281 4451 1673 4502 Christianus

395 2017 468 2087 15
499 2004 743 2070 adiecit
792 2023 951 2068 uero
994 2002 1283 2087 primam
1327 2020 1600 2068 causam
1647 2002 1918 2068 dicens:
1977 2014 2055 2069 ut
2094 2024 2174 2069 ne
2213 2004 2424 2069 elatus
2474 2003 2546 2069 in
2600 2004 2916 2070 iudicium

1845 2189 1876 2235 4
1910 2173 2169 2224 similitudi
2192 2174 2259 2224 H
2543 2172 2577 2224 6
2608 2180 2749 2225 erant
2770 2174 2909 2239 bapt.

1431 2268 1458 2321 7
1492 2255 1905 2307 consuetudinem
1933 2254 2020 2307 C*
2038 2257 2107 2307 H
2123 2253 2132 2322 Ι
2160 2256 2227 2306 ad
2249 2271 2409 2322 praes.
2444 2257 2489 2308 C
2508 2255 2658 2320 (corr)
2686 2254 2696 2322 Ι
2725 2255 2840 2307 illos
2860 2255 2930 2307 H

1762 2488 1828 2539 ad
1845 2488 2055 2539 idolum.
2065 2527 2076 2539 .
2086 2489 2357 2539 ‚ascendat
2367 2490 2538 2554 ..quod
2563 2491 2606 2540 si
2623 2489 2794 2541 fecerit
2811 2492 2920 2557 pari

1762 2571 1972 2622 crimine
2014 2577 2269 2631 teneatur3
2335 2571 2384 2622 si
2441 2571 2625 2622 suerit
2674 2573 2766 2623 fid
2782 2574 2913 2635 elis,

1763 2658 1878 2717 post
1895 2668 1942 2701 x.
1962 2666 2120 2700 annos
2141 2657 2254 2700 acta
2274 2650 2584 2716 poenitentia
2605 2651 2923 2717 recipiatur.’'

1765 2734 1878 2785 The
1914 2733 2189 2799 pretended
2227 2733 2312 2796 7th
2347 2748 2510 2784 canon
2547 2733 2608 2783 of
2636 2734 2923 2784 Constanti·

1766 2814 1937 2880 nople,
1964 2830 1996 2864 a
2027 2814 2325 2879 productiori
2359 2814 2577 2880 perhaps
2608 2815 2667 2864 os
2693 2815 2780 2865 the
2813 2814 2924 2866 fifth

1766 2904 1971 2961 century
1996 2895 2218 2958 [Hefele
2247 2895 2297 2945 ii.
2318 2911 2369 2961 p.
2391 2895 2523 2961 3681,
2550 2896 2761 2947 usesthe
2782 2897 2923 2947 word

1766 2981 2047 3042 χριστιανός
2082 2995 2137 3029 as
2158 2995 2190 3029 a
2212 2994 2456 3044 synonym
2478 2978 2557 3030 sor
2576 2995 2608 3029 a
2627 2981 2852 3030 member
2872 2978 2930 3029 of

1769 3062 1854 3112 the
1876 3061 2049 3112 lowest
2072 3061 2200 3111 class
2221 3061 2279 3111 os
2294 3062 2645 3112 catechumens
2669 3060 2775 3125 (τὴν
2797 3063 2922 3125 πρώ-

1767 3162 1858 3204 την
1881 3144 2062 3206 ἡμέραν
2084 3143 2314 3205 ποιοῦμεν
2338 3143 2680 3208 mov-cavonis).
2731 3145 2816 3196 On
2838 3146 2925 3196 the

1767 3225 1911 3275 other
1953 3225 2090 3275 hand
2133 3224 2187 3275 in
2229 3226 2572 3277 monumental
2610 3225 2927 3290 inscriptions

1767 3307 1854 3358 the
1888 3307 2077 3373 epithet
2110 3308 2281 3358 πιστός
2301 3308 2346 3358 is
2366 3308 2573 3373 applied
2607 3314 2660 3357 to
2692 3306 2923 3372 baptized

1768 3390 1996 3440 children
2029 3390 2089 3440 of
2115 3390 2292 3440 tendet
2328 3405 2422 3454 age
2461 3392 2566 3450 (see
2600 3405 2712 3438 exx.
2748 3389 2800 3438 in
2840 3389 2926 3439 the

1767 3472 1907 3522 Dict.
1941 3472 2004 3538 qf
2029 3471 2150 3521 Chr.
2189 3473 2318 3521 Ant.
2350 3471 2386 3520 i.
2421 3468 2566 3533 656);
2598 3484 2694 3518 nor
2728 3469 2851 3519 does
2889 3470 2927 3520 it

1769 3569 1904 3605 seem
1925 3562 1980 3604 to
2001 3554 2130 3603 have
2158 3553 2288 3603 been
2318 3552 2522 3617 applied
2552 3551 2604 3600 in
2625 3568 2657 3601 a
2680 3550 2926 3602 technical

1770 3651 1914 3686 sense
1952 3642 2007 3685 to
2042 3650 2140 3699 any
2174 3633 2291 3683 who
2324 3633 2427 3682 had
2460 3638 2550 3681 not
2583 3631 2807 3681 received
2842 3632 2929 3683 the

1769 3715 2024 3779 initiator-y
2044 3720 2338 3764 sacrament.
2404 3712 2579 3763 Suicer
2597 3713 2768 3763 would
2799 3713 2930 3764 limit

1771 3798 1836 3848 its
1858 3813 1944 3847 use
1966 3804 2019 3846 to
2040 3795 2433 3845 communicants
2457 3795 2531 3857 (ii.
2560 3796 2704 3859 742):
2740 3796 2921 3849 “illi...

1771 3879 1866 3929 soli
1911 3877 2242 3929 censebantur
2285 3875 2408 3925 olim
2455 3875 2629 3926 fideles
2672 3878 2758 3942 qui
2793 3878 2858 3928 ad
2881 3893 2920 3929 s.

1772 3977 1956 4013 caenae
2007 3959 2414 4011 communionem
2467 3959 2930 4023 admittebantur;''

1771 4043 1863 4093 but
1901 4041 1978 4092 his
2011 4041 2242 4091 citations
2273 4055 2429 4105 prove
2462 4040 2583 4106 only
2606 4040 2721 4093 that
2753 4042 2794 4093 it
2829 4058 2931 4094 was

1772 4123 2031 4175 restricted
2052 4129 2106 4172 to
2129 4122 2214 4172 the
2235 4122 2489 4186 baptized.

1844 4220 1918 4254 11.
1989 4202 2242 4268 Spin’tum
2274 4217 2376 4252 non
2407 4202 2562 4263 habet,
2601 4201 2715 4265 δῖα]
2782 4203 2863 4254 Cf.
2889 4215 2930 4256 1.

1771 4302 1826 4352 p.
1869 4284 2061 4335 lxxxiii.
2127 4283 2241 4334 The
2284 4284 2495 4335 citation
2531 4285 2703 4348 (Rom.
2739 4286 2843 4336 viii.
2882 4286 2934 4351 9)

1772 4382 1945 4433 agrees
1966 4366 2208 4417 verbatim
2229 4365 2354 4417 with
2375 4367 2463 4418 the
2484 4367 2719 4433 vulgate.
