<?xml version="1.0" encoding="UTF-8"?>
<!DOCTYPE html PUBLIC "-//W3C//DTD XHTML 1.0 Transitional//EN"
    "http://www.w3.org/TR/xhtml1/DTD/xhtml1-transitional.dtd">
<html xmlns="http://www.w3.org/1999/xhtml" xml:lang="en" lang="en">
 <head>
  <title>
</title>
<meta http-equiv="Content-Type" content="text/html;charset=utf-8" />
  <meta name='ocr-system' content='tesseract 3.04.00' />
  <meta name='ocr-capabilities' content='ocr_page ocr_carea ocr_par ocr_line ocrx_word'/>
</head>
<body>
  <div class='ocr_page' id='page_1' title='image "./theodoriepiscop02swetgoog_0157.png"; bbox 0 0 3221 5116; ppageno 0'>
   <div class='ocr_carea' id='block_1_1' title="bbox 479 329 2889 425">
    <p class='ocr_par' dir='ltr' id='par_1_1' title="bbox 479 329 2889 425">
     <span class='ocr_line' id='line_1_1' title="bbox 479 329 2889 425; baseline 0.007 -34"><span class='ocrx_word' id='word_1_1' title='bbox 479 329 600 409; x_wconf 86' lang='lat'>146</span> <span class='ocrx_word' id='word_1_2' title='bbox 1146 350 1602 403; x_wconf 84' lang='lat' dir='ltr'><strong>THEODORUS</strong></span> <span class='ocrx_word' id='word_1_3' title='bbox 1651 351 2237 410; x_wconf 85' lang='lat' dir='ltr'>MOPSUESTENUS</span> <span class='ocrx_word' id='word_1_4' title='bbox 2562 342 2706 425; x_wconf 92' lang='lat' dir='ltr'>[IV.</span> <span class='ocrx_word' id='word_1_5' title='bbox 2740 357 2799 425; x_wconf 92' lang='lat'>7,</span> <span class='ocrx_word' id='word_1_6' title='bbox 2832 343 2889 407; x_wconf 90' lang='lat'>8.</span> 
     </span>
    </p>
   </div>
   <div class='ocr_carea' id='block_1_2' title="bbox 599 521 1564 607">
    <p class='ocr_par' dir='ltr' id='par_1_2' title="bbox 599 521 1564 607">
     <span class='ocr_line' id='line_1_2' title="bbox 599 521 1564 607; baseline 0.007 -26"><span class='ocrx_word' id='word_1_7' title='bbox 599 539 805 584; x_wconf 75' lang='lat' dir='ltr'>exerce</span> <span class='ocrx_word' id='word_1_8' title='bbox 833 521 1101 604; x_wconf 84' lang='lat' dir='ltr'>teipsum</span> <span class='ocrx_word' id='word_1_9' title='bbox 1130 524 1230 586; x_wconf 87' lang='lat' dir='ltr'>ad</span> <span class='ocrx_word' id='word_1_10' title='bbox 1236 525 1564 607; x_wconf 82' lang='lat' dir='ltr'>pietatem.</span> 
     </span>
    </p>
   </div>
   <div class='ocr_carea' id='block_1_3' title="bbox 361 667 2887 1775">
    <p class='ocr_par' dir='ltr' id='par_1_3' title="bbox 361 667 2887 1775">
     <span class='ocr_line' id='line_1_3' title="bbox 601 667 2887 755; baseline 0.002 -25"><span class='ocrx_word' id='word_1_11' title='bbox 601 677 668 731; x_wconf 91' lang='lat' dir='ltr'>et</span> <span class='ocrx_word' id='word_1_12' title='bbox 718 667 784 732; x_wconf 91' lang='lat' dir='ltr'>in</span> <span class='ocrx_word' id='word_1_13' title='bbox 827 670 1153 752; x_wconf 87' lang='lat' dir='ltr'>prioribus</span> <span class='ocrx_word' id='word_1_14' title='bbox 1193 671 1422 735; x_wconf 91' lang='lat' dir='ltr'>dicens</span> <span class='ocrx_word' id='word_1_15' title='bbox 1452 672 1773 755; x_wconf 90' lang='lat' dir='ltr'>quoniam</span> <span class='ocrx_word' id='word_1_16' title='bbox 1806 678 1821 704; x_wconf 89' lang='lat'>‘</span> <span class='ocrx_word' id='word_1_17' title='bbox 1842 671 2009 735; x_wconf 92' lang='lat' dir='ltr'>doce</span> <span class='ocrx_word' id='word_1_18' title='bbox 2041 673 2170 735; x_wconf 88' lang='lat' dir='ltr'>ista</span> <span class='ocrx_word' id='word_1_19' title='bbox 2201 693 2353 735; x_wconf 90' lang='lat' dir='ltr'>cum</span> <span class='ocrx_word' id='word_1_20' title='bbox 2387 671 2615 735; x_wconf 93' lang='lat' dir='ltr'>debita</span> <span class='ocrx_word' id='word_1_21' title='bbox 2644 670 2887 734; x_wconf 91' lang='lat' dir='ltr'>sollici-</span> 
     </span>
     <span class='ocr_line' id='line_1_4' title="bbox 470 768 2883 857; baseline 0.003 -24"><span class='ocrx_word' id='word_1_22' title='bbox 470 768 738 849; x_wconf 88' lang='lat' dir='ltr'>tudine;</span> <span class='ocrx_word' id='word_1_23' title='bbox 783 774 1129 837; x_wconf 88' lang='lat' dir='ltr'>adiuuabit</span> <span class='ocrx_word' id='word_1_24' title='bbox 1177 785 1402 839; x_wconf 88' lang='lat' dir='ltr'>autern</span> <span class='ocrx_word' id='word_1_25' title='bbox 1452 774 1760 857; x_wconf 81' lang='lat' dir='ltr'>frequens</span> <span class='ocrx_word' id='word_1_26' title='bbox 1811 795 2040 838; x_wconf 89' lang='lat' dir='ltr'>eorum</span> <span class='ocrx_word' id='word_1_27' title='bbox 2089 776 2437 840; x_wconf 76' lang='lat' dir='ltr'>meditatio</span> <span class='ocrx_word' id='word_1_28' title='bbox 2483 796 2617 838; x_wconf 93' lang='lat' dir='ltr'>non</span> <span class='ocrx_word' id='word_1_29' title='bbox 2665 776 2883 841; x_wconf 90' lang='lat' dir='ltr'>solum</span> 
     </span>
     <span class='ocr_line' id='line_1_5' title="bbox 467 877 2883 964; baseline 0.003 -28"><span class='ocrx_word' id='word_1_30' title='bbox 467 894 600 951; x_wconf 80' lang='lat' dir='ltr'>eOS,</span> <span class='ocrx_word' id='word_1_31' title='bbox 628 877 745 939; x_wconf 90' lang='lat' dir='ltr'>sed</span> <span class='ocrx_word' id='word_1_32' title='bbox 778 887 847 941; x_wconf 91' lang='lat' dir='ltr'>et</span> <span class='ocrx_word' id='word_1_33' title='bbox 876 878 977 942; x_wconf 67' lang='lat' dir='ltr'>te.³</span> <span class='ocrx_word' id='word_1_34' title='bbox 1053 887 1120 942; x_wconf 88' lang='lat' dir='ltr'>et</span> <span class='ocrx_word' id='word_1_35' title='bbox 1151 881 1306 962; x_wconf 90' lang='lat' dir='ltr'>quia</span> <span class='ocrx_word' id='word_1_36' title='bbox 1349 881 1676 944; x_wconf 90' lang='lat' dir='ltr'>interiecit</span> <span class='ocrx_word' id='word_1_37' title='bbox 1716 880 1829 944; x_wconf 89' lang='lat' dir='ltr'>illa</span> <span class='ocrx_word' id='word_1_38' title='bbox 1869 882 1936 944; x_wconf 93' lang='lat' dir='ltr'>in</span> <span class='ocrx_word' id='word_1_39' title='bbox 1985 880 2113 944; x_wconf 90' lang='lat' dir='ltr'>illis</span> <span class='ocrx_word' id='word_1_40' title='bbox 2151 880 2567 945; x_wconf 86' lang='lat' dir='ltr'>sermonibus</span> <span class='ocrx_word' id='word_1_41' title='bbox 2613 902 2782 964; x_wconf 92' lang='lat' dir='ltr'>quos</span> <span class='ocrx_word' id='word_1_42' title='bbox 2817 882 2883 943; x_wconf 91' lang='lat' dir='ltr'>in</span> 
     </span>
     <span class='ocr_line' id='line_1_6' title="bbox 404 978 2883 1066; baseline 0.003 -26"><span class='ocrx_word' id='word_1_43' title='bbox 404 978 995 1059; x_wconf 82' lang='lat' dir='ltr'>5dehortationem</span> <span class='ocrx_word' id='word_1_44' title='bbox 1036 983 1560 1046; x_wconf 89' lang='lat' dir='ltr'>aduersariorum</span> <span class='ocrx_word' id='word_1_45' title='bbox 1612 984 1878 1062; x_wconf 85' lang='lat' dir='ltr'>fecerat,</span> <span class='ocrx_word' id='word_1_46' title='bbox 1916 985 2001 1048; x_wconf 91' lang='lat' dir='ltr'>ad</span> <span class='ocrx_word' id='word_1_47' title='bbox 2050 984 2164 1047; x_wconf 89' lang='lat' dir='ltr'>illa</span> <span class='ocrx_word' id='word_1_48' title='bbox 2212 985 2356 1066; x_wconf 86' lang='lat' dir='ltr'>ipsa</span> <span class='ocrx_word' id='word_1_49' title='bbox 2402 986 2618 1048; x_wconf 90' lang='lat' dir='ltr'>rediit.</span> <span class='ocrx_word' id='word_1_50' title='bbox 2712 984 2883 1048; x_wconf 90' lang='lat' dir='ltr'>bene</span> 
     </span>
     <span class='ocr_line' id='line_1_7' title="bbox 465 1087 2883 1172; baseline 0.003 -27"><span class='ocrx_word' id='word_1_51' title='bbox 465 1102 624 1146; x_wconf 91' lang='lat' dir='ltr'>uero</span> <span class='ocrx_word' id='word_1_52' title='bbox 675 1088 1221 1151; x_wconf 85' lang='lat' dir='ltr'>exercitationem</span> <span class='ocrx_word' id='word_1_53' title='bbox 1272 1089 1542 1170; x_wconf 88' lang='lat' dir='ltr'>pietatis</span> <span class='ocrx_word' id='word_1_54' title='bbox 1602 1087 2022 1172; x_wconf 85' lang='lat' dir='ltr'>diligentiam</span> <span class='ocrx_word' id='word_1_55' title='bbox 2083 1091 2261 1153; x_wconf 84' lang='lat' dir='ltr'>dixit</span> <span class='ocrx_word' id='word_1_56' title='bbox 2322 1110 2468 1152; x_wconf 85' lang='lat' dir='ltr'>esse</span> <span class='ocrx_word' id='word_1_57' title='bbox 2521 1089 2883 1164; x_wconf 88' lang='lat' dir='ltr'>doctrinae,</span> 
     </span>
     <span class='ocr_line' id='line_1_8' title="bbox 466 1177 2882 1277; baseline 0.003 -25"><span class='ocrx_word' id='word_1_58' title='bbox 466 1208 637 1270; x_wconf 89' lang='lat' dir='ltr'>quae</span> <span class='ocrx_word' id='word_1_59' title='bbox 667 1177 833 1253; x_wconf 84' lang='lat' dir='ltr'>alios</span> <span class='ocrx_word' id='word_1_60' title='bbox 871 1191 963 1254; x_wconf 86' lang='lat' dir='ltr'>ita</span> <span class='ocrx_word' id='word_1_61' title='bbox 1002 1191 1323 1254; x_wconf 89' lang='lat' dir='ltr'>instruere</span> <span class='ocrx_word' id='word_1_62' title='bbox 1366 1192 1768 1274; x_wconf 85' lang='lat' dir='ltr'>deproperat</span> <span class='ocrx_word' id='word_1_63' title='bbox 1806 1194 1899 1256; x_wconf 88' lang='lat' dir='ltr'>ita</span> <span class='ocrx_word' id='word_1_64' title='bbox 1930 1204 2005 1259; x_wconf 91' lang='lat' dir='ltr'>ut</span> <span class='ocrx_word' id='word_1_65' title='bbox 2047 1194 2133 1257; x_wconf 88' lang='lat' dir='ltr'>sit</span> <span class='ocrx_word' id='word_1_66' title='bbox 2178 1194 2571 1257; x_wconf 90' lang='lat' dir='ltr'>exercitatio</span> <span class='ocrx_word' id='word_1_67' title='bbox 2612 1195 2882 1277; x_wconf 90' lang='lat' dir='ltr'>pietatis</span> 
     </span>
     <span class='ocr_line' id='line_1_9' title="bbox 466 1291 2884 1378; baseline 0.003 -23"><span class='ocrx_word' id='word_1_68' title='bbox 466 1291 524 1355; x_wconf 92' lang='lat' dir='ltr'>ei</span> <span class='ocrx_word' id='word_1_69' title='bbox 565 1292 678 1375; x_wconf 92' lang='lat' dir='ltr'>qui</span> <span class='ocrx_word' id='word_1_70' title='bbox 718 1294 987 1375; x_wconf 88' lang='lat' dir='ltr'>pietatis</span> <span class='ocrx_word' id='word_1_71' title='bbox 1028 1295 1385 1378; x_wconf 87' lang='lat' dir='ltr'>exequitur</span> <span class='ocrx_word' id='word_1_72' title='bbox 1422 1316 1642 1377; x_wconf 88' lang='lat' dir='ltr'>opera.</span> <span class='ocrx_word' id='word_1_73' title='bbox 1735 1297 2357 1360; x_wconf 88' lang='lat' dir='ltr'>‘exercitationem&#39;</span> <span class='ocrx_word' id='word_1_74' title='bbox 2399 1291 2559 1361; x_wconf 84' lang='lat' dir='ltr'>uero</span> <span class='ocrx_word' id='word_1_75' title='bbox 2597 1298 2760 1362; x_wconf 93' lang='lat' dir='ltr'>dicit</span> <span class='ocrx_word' id='word_1_76' title='bbox 2808 1308 2884 1362; x_wconf 92' lang='lat' dir='ltr'>ut</span> 
     </span>
     <span class='ocr_line' id='line_1_10' title="bbox 463 1397 2883 1483; baseline 0.002 -22"><span class='ocrx_word' id='word_1_77' title='bbox 463 1397 630 1462; x_wconf 88' lang='lat' dir='ltr'>alios</span> <span class='ocrx_word' id='word_1_78' title='bbox 661 1421 812 1463; x_wconf 89' lang='lat' dir='ltr'>curn</span> <span class='ocrx_word' id='word_1_79' title='bbox 845 1399 1027 1463; x_wconf 90' lang='lat' dir='ltr'>omni</span> <span class='ocrx_word' id='word_1_80' title='bbox 1052 1400 1399 1483; x_wconf 85' lang='lat' dir='ltr'>diligentia</span> <span class='ocrx_word' id='word_1_81' title='bbox 1430 1402 1556 1464; x_wconf 87' lang='lat' dir='ltr'>ista</span> <span class='ocrx_word' id='word_1_82' title='bbox 1589 1402 1911 1479; x_wconf 89' lang='lat' dir='ltr'>instruat;</span> <span class='ocrx_word' id='word_1_83' title='bbox 1945 1401 2250 1483; x_wconf 88' lang='lat' dir='ltr'>frequens</span> <span class='ocrx_word' id='word_1_84' title='bbox 2275 1412 2499 1465; x_wconf 89' lang='lat' dir='ltr'>autern</span> <span class='ocrx_word' id='word_1_85' title='bbox 2534 1403 2883 1466; x_wconf 85' lang='lat' dir='ltr'>meditatio</span> 
     </span>
     <span class='ocr_line' id='line_1_11' title="bbox 361 1501 2878 1588; baseline 0 -21"><span class='ocrx_word' id='word_1_86' title='bbox 361 1521 441 1569; x_wconf 84' lang='lat'>10</span> <span class='ocrx_word' id='word_1_87' title='bbox 465 1501 734 1584; x_wconf 88' lang='lat' dir='ltr'>pietatis</span> <span class='ocrx_word' id='word_1_88' title='bbox 786 1502 1081 1567; x_wconf 90' lang='lat' dir='ltr'>laborem</span> <span class='ocrx_word' id='word_1_89' title='bbox 1143 1502 1313 1568; x_wconf 87' lang='lat' dir='ltr'>solet</span> <span class='ocrx_word' id='word_1_90' title='bbox 1374 1525 1701 1569; x_wconf 87' lang='lat' dir='ltr'>exercere.</span> <span class='ocrx_word' id='word_1_91' title='bbox 1791 1512 1861 1568; x_wconf 91' lang='lat' dir='ltr'>et</span> <span class='ocrx_word' id='word_1_92' title='bbox 1934 1505 2256 1588; x_wconf 89' lang='lat' dir='ltr'>quoniam</span> <span class='ocrx_word' id='word_1_93' title='bbox 2331 1505 2878 1567; x_wconf 88' lang='lat' dir='ltr'>exercitationem</span> 
     </span>
     <span class='ocr_line' id='line_1_12' title="bbox 465 1604 2882 1691; baseline 0 -23"><span class='ocrx_word' id='word_1_94' title='bbox 465 1604 647 1668; x_wconf 88' lang='lat' dir='ltr'>illam</span> <span class='ocrx_word' id='word_1_95' title='bbox 680 1606 870 1688; x_wconf 88' lang='lat' dir='ltr'>quasi</span> <span class='ocrx_word' id='word_1_96' title='bbox 902 1608 987 1669; x_wconf 92' lang='lat' dir='ltr'>ad</span> <span class='ocrx_word' id='word_1_97' title='bbox 1028 1608 1442 1689; x_wconf 82' lang='lat' dir='ltr'>corporalem</span> <span class='ocrx_word' id='word_1_98' title='bbox 1482 1628 1769 1691; x_wconf 86' lang='lat' dir='ltr'>agonem</span> <span class='ocrx_word' id='word_1_99' title='bbox 1809 1608 2002 1684; x_wconf 88' lang='lat' dir='ltr'>dixit,</span> <span class='ocrx_word' id='word_1_100' title='bbox 2035 1627 2125 1670; x_wconf 89' lang='lat' dir='ltr'>ex</span> <span class='ocrx_word' id='word_1_101' title='bbox 2165 1607 2666 1690; x_wconf 88' lang='lat' dir='ltr'>comparatione</span> <span class='ocrx_word' id='word_1_102' title='bbox 2707 1606 2882 1669; x_wconf 92' lang='lat' dir='ltr'>illius</span> 
     </span>
     <span class='ocr_line' id='line_1_13' title="bbox 462 1709 1493 1775; baseline 0.002 -2"><span class='ocrx_word' id='word_1_103' title='bbox 462 1711 756 1774; x_wconf 87' lang='lat' dir='ltr'>ostendit</span> <span class='ocrx_word' id='word_1_104' title='bbox 788 1709 975 1773; x_wconf 90' lang='lat' dir='ltr'>istius</span> <span class='ocrx_word' id='word_1_105' title='bbox 1006 1709 1450 1775; x_wconf 86' lang='lat' dir='ltr'>differentiam</span> <span class='ocrx_word' id='word_1_106' title='bbox 1476 1731 1493 1774; x_wconf 71' lang='grc' dir='ltr'>ε</span> 
     </span>
    </p>
   </div>
   <div class='ocr_carea' id='block_1_4' title="bbox 356 1878 2884 2172">
    <p class='ocr_par' dir='ltr' id='par_1_4' title="bbox 356 1878 2884 2172">
     <span class='ocr_line' id='line_1_14' title="bbox 591 1878 2883 1964; baseline 0 -21"><span class='ocrx_word' id='word_1_107' title='bbox 591 1878 938 1963; x_wconf 68' lang='lat' dir='ltr'>corporalis</span> <span class='ocrx_word' id='word_1_108' title='bbox 986 1878 1252 1963; x_wconf 91' lang='lat' dir='ltr'>(inquit)</span> <span class='ocrx_word' id='word_1_109' title='bbox 1305 1878 1675 1943; x_wconf 79' lang='lat' dir='ltr'>exercitatio</span> <span class='ocrx_word' id='word_1_110' title='bbox 1734 1880 1832 1943; x_wconf 86' lang='lat' dir='ltr'>ad</span> <span class='ocrx_word' id='word_1_111' title='bbox 1869 1881 2190 1944; x_wconf 85' lang='lat' dir='ltr'>modicum</span> <span class='ocrx_word' id='word_1_112' title='bbox 2241 1892 2339 1945; x_wconf 82' lang='lat' dir='ltr'>est</span> <span class='ocrx_word' id='word_1_113' title='bbox 2382 1882 2617 1958; x_wconf 83' lang='lat' dir='ltr'>utilis;</span> <span class='ocrx_word' id='word_1_114' title='bbox 2663 1880 2883 1964; x_wconf 83' lang='lat' dir='ltr'>pietas</span> 
     </span>
     <span class='ocr_line' id='line_1_15' title="bbox 462 1983 2884 2070; baseline 0 -22"><span class='ocrx_word' id='word_1_115' title='bbox 462 2005 610 2048; x_wconf 82' lang='lat' dir='ltr'>uero</span> <span class='ocrx_word' id='word_1_116' title='bbox 652 1983 751 2047; x_wconf 87' lang='lat' dir='ltr'>ad</span> <span class='ocrx_word' id='word_1_117' title='bbox 783 1985 1004 2047; x_wconf 86' lang='lat' dir='ltr'>omnia</span> <span class='ocrx_word' id='word_1_118' title='bbox 1049 1994 1144 2048; x_wconf 86' lang='lat' dir='ltr'>est</span> <span class='ocrx_word' id='word_1_119' title='bbox 1187 1984 1387 2061; x_wconf 61' lang='lat' dir='ltr'>utz&#39;lzlr,</span> <span class='ocrx_word' id='word_1_120' title='bbox 1427 1985 1889 2066; x_wconf 63' lang='lat' dir='ltr'>promzksiones</span> <span class='ocrx_word' id='word_1_121' title='bbox 1926 1986 2164 2051; x_wconf 79' lang='lat' dir='ltr'>habens</span> <span class='ocrx_word' id='word_1_122' title='bbox 2211 1986 2387 2050; x_wconf 81' lang='lat' dir='ltr'>uitae</span> <span class='ocrx_word' id='word_1_123' title='bbox 2408 1986 2775 2070; x_wconf 80' lang='lat' dir='ltr'>praesentis</span> <span class='ocrx_word' id='word_1_124' title='bbox 2818 1995 2884 2048; x_wconf 83' lang='lat' dir='ltr'>et</span> 
     </span>
     <span class='ocr_line' id='line_1_16' title="bbox 356 2089 739 2172; baseline 0.008 -22"><span class='ocrx_word' id='word_1_125' title='bbox 356 2103 426 2167; x_wconf 82' lang='lat'>15</span> <span class='ocrx_word' id='word_1_126' title='bbox 445 2089 739 2172; x_wconf 84' lang='lat' dir='ltr'>futurae.</span> 
     </span>
    </p>
   </div>
   <div class='ocr_carea' id='block_1_5' title="bbox 345 2233 2880 2737">
    <p class='ocr_par' dir='ltr' id='par_1_5' title="bbox 459 2233 2880 2632">
     <span class='ocr_line' id='line_1_17' title="bbox 593 2233 2880 2320; baseline -0.002 -20"><span class='ocrx_word' id='word_1_127' title='bbox 593 2238 744 2320; x_wconf 88' lang='lat' dir='ltr'>‘qui</span> <span class='ocrx_word' id='word_1_128' title='bbox 791 2237 968 2300; x_wconf 89' lang='lat' dir='ltr'>enim</span> <span class='ocrx_word' id='word_1_129' title='bbox 1017 2236 1083 2300; x_wconf 90' lang='lat' dir='ltr'>in</span> <span class='ocrx_word' id='word_1_130' title='bbox 1131 2257 1348 2319; x_wconf 87' lang='lat' dir='ltr'>agone</span> <span class='ocrx_word' id='word_1_131' title='bbox 1394 2245 1548 2299; x_wconf 88' lang='lat' dir='ltr'>sunt</span> <span class='ocrx_word' id='word_1_132' title='bbox 1594 2235 1920 2319; x_wconf 88' lang='lat' dir='ltr'>corporali</span> <span class='ocrx_word' id='word_1_133' title='bbox 1968 2244 2036 2299; x_wconf 87' lang='lat' dir='ltr'>et</span> <span class='ocrx_word' id='word_1_134' title='bbox 2081 2237 2166 2299; x_wconf 90' lang='lat' dir='ltr'>ad</span> <span class='ocrx_word' id='word_1_135' title='bbox 2215 2234 2342 2297; x_wconf 91' lang='lat' dir='ltr'>hoc</span> <span class='ocrx_word' id='word_1_136' title='bbox 2389 2233 2643 2316; x_wconf 90' lang='lat' dir='ltr'>seipsos</span> <span class='ocrx_word' id='word_1_137' title='bbox 2690 2255 2880 2297; x_wconf 88' lang='lat' dir='ltr'>exer-</span> 
     </span>
     <span class='ocr_line' id='line_1_18' title="bbox 459 2336 2876 2423; baseline -0.002 -19"><span class='ocrx_word' id='word_1_138' title='bbox 459 2349 615 2404; x_wconf 88' lang='lat' dir='ltr'>cent</span> <span class='ocrx_word' id='word_1_139' title='bbox 660 2360 869 2423; x_wconf 91' lang='lat' dir='ltr'>usque</span> <span class='ocrx_word' id='word_1_140' title='bbox 924 2341 989 2402; x_wconf 93' lang='lat' dir='ltr'>in</span> <span class='ocrx_word' id='word_1_141' title='bbox 1031 2350 1449 2422; x_wconf 89' lang='lat' dir='ltr'>praesentem</span> <span class='ocrx_word' id='word_1_142' title='bbox 1490 2340 1719 2414; x_wconf 88' lang='lat' dir='ltr'>uitam,</span> <span class='ocrx_word' id='word_1_143' title='bbox 1777 2340 1932 2401; x_wconf 90' lang='lat' dir='ltr'>inde</span> <span class='ocrx_word' id='word_1_144' title='bbox 1978 2338 2198 2402; x_wconf 90' lang='lat' dir='ltr'>solent</span> <span class='ocrx_word' id='word_1_145' title='bbox 2249 2337 2494 2400; x_wconf 88' lang='lat' dir='ltr'>habere</span> <span class='ocrx_word' id='word_1_146' title='bbox 2543 2336 2876 2400; x_wconf 88' lang='lat' dir='ltr'>solatium.</span> 
     </span>
     <span class='ocr_line' id='line_1_19' title="bbox 461 2440 2878 2526; baseline -0 -20"><span class='ocrx_word' id='word_1_147' title='bbox 461 2463 616 2506; x_wconf 88' lang='lat' dir='ltr'>nam</span> <span class='ocrx_word' id='word_1_148' title='bbox 684 2443 951 2526; x_wconf 88' lang='lat' dir='ltr'>pietatis</span> <span class='ocrx_word' id='word_1_149' title='bbox 1033 2463 1206 2526; x_wconf 86' lang='lat' dir='ltr'>agon</span> <span class='ocrx_word' id='word_1_150' title='bbox 1270 2451 1339 2507; x_wconf 93' lang='lat' dir='ltr'>et</span> <span class='ocrx_word' id='word_1_151' title='bbox 1403 2443 1593 2508; x_wconf 91' lang='lat' dir='ltr'>istius</span> <span class='ocrx_word' id='word_1_152' title='bbox 1658 2441 2049 2506; x_wconf 88' lang='lat' dir='ltr'>exercitatio</span> <span class='ocrx_word' id='word_1_153' title='bbox 2111 2463 2199 2506; x_wconf 93' lang='lat' dir='ltr'>ex</span> <span class='ocrx_word' id='word_1_154' title='bbox 2277 2440 2503 2504; x_wconf 88' lang='lat' dir='ltr'>multis</span> <span class='ocrx_word' id='word_1_155' title='bbox 2577 2440 2878 2522; x_wconf 85' lang='lat' dir='ltr'>partibus</span> 
     </span>
     <span class='ocr_line' id='line_1_20' title="bbox 460 2543 2876 2632; baseline -0.002 -20"><span class='ocrx_word' id='word_1_156' title='bbox 460 2548 653 2612; x_wconf 89' lang='lat' dir='ltr'>nobis</span> <span class='ocrx_word' id='word_1_157' title='bbox 692 2570 1009 2631; x_wconf 87' lang='lat' dir='ltr'>magnum</span> <span class='ocrx_word' id='word_1_158' title='bbox 1063 2549 1338 2632; x_wconf 87' lang='lat' dir='ltr'>praebet</span> <span class='ocrx_word' id='word_1_159' title='bbox 1386 2548 1777 2626; x_wconf 88' lang='lat' dir='ltr'>iumentum,</span> <span class='ocrx_word' id='word_1_160' title='bbox 1824 2549 2224 2632; x_wconf 87' lang='lat' dir='ltr'>promittens</span> <span class='ocrx_word' id='word_1_161' title='bbox 2285 2546 2478 2611; x_wconf 90' lang='lat' dir='ltr'>nobis</span> <span class='ocrx_word' id='word_1_162' title='bbox 2538 2546 2603 2609; x_wconf 89' lang='lat' dir='ltr'>in</span> <span class='ocrx_word' id='word_1_163' title='bbox 2654 2543 2876 2609; x_wconf 91' lang='lat' dir='ltr'>futuro</span> 
     </span>
    </p>

    <p class='ocr_par' dir='ltr' id='par_1_6' title="bbox 345 2650 2873 2737">
     <span class='ocr_line' id='line_1_21' title="bbox 345 2650 2873 2737; baseline -0.002 -19"><span class='ocrx_word' id='word_1_164' title='bbox 345 2669 433 2718; x_wconf 89' lang='lat'>20</span> <span class='ocrx_word' id='word_1_165' title='bbox 460 2651 722 2716; x_wconf 90' lang='lat' dir='ltr'>saeculo</span> <span class='ocrx_word' id='word_1_166' title='bbox 806 2674 1051 2736; x_wconf 86' lang='lat' dir='ltr'>magna</span> <span class='ocrx_word' id='word_1_167' title='bbox 1110 2655 1425 2736; x_wconf 89' lang='lat' dir='ltr'>praebere</span> <span class='ocrx_word' id='word_1_168' title='bbox 1449 2675 1464 2733; x_wconf 91' lang='lat'>;</span> <span class='ocrx_word' id='word_1_169' title='bbox 1535 2676 1692 2718; x_wconf 89' lang='lat' dir='ltr'>nam</span> <span class='ocrx_word' id='word_1_170' title='bbox 1754 2656 2119 2718; x_wconf 88' lang='lat' dir='ltr'>secundum</span> <span class='ocrx_word' id='word_1_171' title='bbox 2181 2661 2600 2737; x_wconf 86' lang='lat' dir='ltr'>praesentem</span> <span class='ocrx_word' id='word_1_172' title='bbox 2663 2650 2873 2713; x_wconf 87' lang='lat' dir='ltr'>uitam</span> 
     </span>
    </p>
   </div>
   <div class='ocr_carea' id='block_1_6' title="bbox 556 2866 2874 2936">
    <p class='ocr_par' dir='ltr' id='par_1_7' title="bbox 556 2866 2874 2936">
     <span class='ocr_line' id='line_1_22' title="bbox 556 2866 2874 2936; baseline 0.001 -18"><span class='ocrx_word' id='word_1_173' title='bbox 556 2884 583 2918; x_wconf 73' lang='grc' dir='ltr'>α</span> <span class='ocrx_word' id='word_1_174' title='bbox 618 2868 672 2917; x_wconf 89' lang='lat' dir='ltr'>in</span> <span class='ocrx_word' id='word_1_175' title='bbox 692 2868 1022 2918; x_wconf 84' lang='lat' dir='ltr'>deterioribus</span> <span class='ocrx_word' id='word_1_176' title='bbox 1050 2869 1094 2918; x_wconf 87' lang='lat' dir='ltr'><strong><em>C</em></strong></span> <span class='ocrx_word' id='word_1_177' title='bbox 1107 2868 1135 2893; x_wconf 72' lang='lat'>⁴*</span> <span class='ocrx_word' id='word_1_178' title='bbox 1181 2870 1233 2916; x_wconf 88' lang='lat' dir='ltr'>in</span> <span class='ocrx_word' id='word_1_179' title='bbox 1257 2869 1614 2934; x_wconf 85' lang='lat' dir='ltr'>posterioribus</span> <span class='ocrx_word' id='word_1_180' title='bbox 1637 2870 1680 2918; x_wconf 91' lang='lat' dir='ltr'><em>C</em></span> <span class='ocrx_word' id='word_1_181' title='bbox 1696 2866 1841 2933; x_wconf 85' lang='lat' dir='ltr'>(corr)</span> <span class='ocrx_word' id='word_1_182' title='bbox 1886 2870 1951 2919; x_wconf 89' lang='lat' dir='ltr'>de</span> <span class='ocrx_word' id='word_1_183' title='bbox 1965 2869 2281 2920; x_wconf 88' lang='lat' dir='ltr'>interioribus</span> <span class='ocrx_word' id='word_1_184' title='bbox 2301 2871 2369 2919; x_wconf 81' lang='grc' dir='ltr'><em>Η</em></span> <span class='ocrx_word' id='word_1_185' title='bbox 2383 2889 2395 2920; x_wconf 76' lang='lat' dir='ltr'>z</span> <span class='ocrx_word' id='word_1_186' title='bbox 2417 2876 2499 2919; x_wconf 80' lang='lat' dir='ltr'>txt</span> <span class='ocrx_word' id='word_1_187' title='bbox 2519 2888 2552 2919; x_wconf 86' lang='lat' dir='ltr'>r</span> <span class='ocrx_word' id='word_1_188' title='bbox 2723 2887 2751 2936; x_wconf 82' lang='lat'><strong>3</strong></span> <span class='ocrx_word' id='word_1_189' title='bbox 2785 2872 2874 2920; x_wconf 88' lang='lat' dir='ltr'>ad·</span> 
     </span>
    </p>
   </div>
   <div class='ocr_carea' id='block_1_7' title="bbox 453 2949 2879 3181">
    <p class='ocr_par' dir='ltr' id='par_1_8' title="bbox 453 2949 2879 3181">
     <span class='ocr_line' id='line_1_23' title="bbox 455 2949 2879 3016; baseline 0.001 -18"><span class='ocrx_word' id='word_1_190' title='bbox 455 2949 647 2998; x_wconf 84' lang='lat' dir='ltr'>iuuauit</span> <span class='ocrx_word' id='word_1_191' title='bbox 688 2950 759 2999; x_wconf 83' lang='lat' dir='ltr'>II</span> <span class='ocrx_word' id='word_1_192' title='bbox 975 2964 1002 3013; x_wconf 89' lang='lat'><strong>5</strong></span> <span class='ocrx_word' id='word_1_193' title='bbox 1038 2950 1259 3000; x_wconf 85' lang='lat' dir='ltr'>reddidit</span> <span class='ocrx_word' id='word_1_194' title='bbox 1308 2951 1353 2999; x_wconf 90' lang='lat' dir='ltr'><em>C</em></span> <span class='ocrx_word' id='word_1_195' title='bbox 1562 2961 1589 3010; x_wconf 87' lang='lat'><strong>7</strong></span> <span class='ocrx_word' id='word_1_196' title='bbox 1626 2966 1726 3016; x_wconf 87' lang='lat' dir='ltr'>qua</span> <span class='ocrx_word' id='word_1_197' title='bbox 1770 2968 1804 2999; x_wconf 90' lang='lat' dir='ltr'>r</span> <span class='ocrx_word' id='word_1_198' title='bbox 1999 2967 2059 3001; x_wconf 82' lang='lat' dir='ltr'>ro</span> <span class='ocrx_word' id='word_1_199' title='bbox 2094 2952 2263 3001; x_wconf 86' lang='lat' dir='ltr'>labore</span> <span class='ocrx_word' id='word_1_200' title='bbox 2314 2951 2357 3001; x_wconf 93' lang='lat' dir='ltr'><em>C</em></span> <span class='ocrx_word' id='word_1_201' title='bbox 2377 2951 2405 2976; x_wconf 75' lang='lat'>¹*</span> <span class='ocrx_word' id='word_1_202' title='bbox 2431 2953 2496 3001; x_wconf 86' lang='lat' dir='ltr'><em>H</em></span> <span class='ocrx_word' id='word_1_203' title='bbox 2510 2950 2574 3016; x_wconf 74' lang='lat' dir='ltr'>rl</span> <span class='ocrx_word' id='word_1_204' title='bbox 2605 2953 2821 3002; x_wconf 85' lang='lat' dir='ltr'>exerceri</span> <span class='ocrx_word' id='word_1_205' title='bbox 2845 2968 2879 3001; x_wconf 83' lang='lat' dir='ltr'>r</span> 
     </span>
     <span class='ocr_line' id='line_1_24' title="bbox 461 3030 2873 3098; baseline 0.001 -18"><span class='ocrx_word' id='word_1_206' title='bbox 461 3045 518 3081; x_wconf 73' lang='grc' dir='ltr'>ια</span> <span class='ocrx_word' id='word_1_207' title='bbox 554 3032 688 3081; x_wconf 88' lang='lat' dir='ltr'>illius</span> <span class='ocrx_word' id='word_1_208' title='bbox 712 3031 829 3095; x_wconf 84' lang='lat' dir='ltr'>(for</span> <span class='ocrx_word' id='word_1_209' title='bbox 848 3030 1008 3097; x_wconf 88' lang='lat' dir='ltr'>istius)</span> <span class='ocrx_word' id='word_1_210' title='bbox 1034 3050 1068 3081; x_wconf 90' lang='lat' dir='ltr'>r</span> <span class='ocrx_word' id='word_1_211' title='bbox 1231 3048 1289 3097; x_wconf 85' lang='lat'>13</span> <span class='ocrx_word' id='word_1_212' title='bbox 1324 3048 1443 3082; x_wconf 88' lang='lat' dir='ltr'>nam</span> <span class='ocrx_word' id='word_1_213' title='bbox 1466 3048 1604 3098; x_wconf 89' lang='lat' dir='ltr'>corp.</span> <span class='ocrx_word' id='word_1_214' title='bbox 1625 3033 1742 3098; x_wconf 76' lang='lat' dir='ltr'>(fin-</span> <span class='ocrx_word' id='word_1_215' title='bbox 1759 3048 1897 3097; x_wconf 88' lang='lat' dir='ltr'>corp.</span> <span class='ocrx_word' id='word_1_216' title='bbox 1922 3032 2104 3097; x_wconf 88' lang='lat' dir='ltr'>inquit)</span> <span class='ocrx_word' id='word_1_217' title='bbox 2127 3050 2161 3081; x_wconf 90' lang='lat' dir='ltr'>r</span> <span class='ocrx_word' id='word_1_218' title='bbox 2184 3030 2192 3098; x_wconf 63' lang='grc' dir='ltr'><strong>ἶ</strong></span> <span class='ocrx_word' id='word_1_219' title='bbox 2223 3040 2297 3082; x_wconf 84' lang='lat' dir='ltr'>est</span> <span class='ocrx_word' id='word_1_220' title='bbox 2318 3049 2396 3082; x_wconf 84' lang='lat' dir='ltr'>om</span> <span class='ocrx_word' id='word_1_221' title='bbox 2427 3032 2511 3082; x_wconf 75' lang='lat' dir='ltr'>C*</span> <span class='ocrx_word' id='word_1_222' title='bbox 2706 3048 2780 3095; x_wconf 80' lang='lat'>13,</span> <span class='ocrx_word' id='word_1_223' title='bbox 2815 3047 2873 3095; x_wconf 81' lang='lat'>14</span> 
     </span>
     <span class='ocr_line' id='line_1_25' title="bbox 453 3112 2878 3181; baseline -0.002 -14"><span class='ocrx_word' id='word_1_224' title='bbox 453 3117 590 3168; x_wconf 87' lang='lat' dir='ltr'>utilis</span> <span class='ocrx_word' id='word_1_225' title='bbox 611 3125 686 3167; x_wconf 88' lang='lat' dir='ltr'>est</span> <span class='ocrx_word' id='word_1_226' title='bbox 718 3131 753 3165; x_wconf 78' lang='lat' dir='ltr'>r</span> <span class='ocrx_word' id='word_1_227' title='bbox 917 3132 975 3179; x_wconf 81' lang='lat'>14</span> <span class='ocrx_word' id='word_1_228' title='bbox 1009 3121 1176 3165; x_wconf 82' lang='lat' dir='ltr'>autem</span> <span class='ocrx_word' id='word_1_229' title='bbox 1200 3114 1315 3181; x_wconf 85' lang='lat' dir='ltr'>(sor</span> <span class='ocrx_word' id='word_1_230' title='bbox 1332 3116 1471 3176; x_wconf 89' lang='lat' dir='ltr'>uero)</span> <span class='ocrx_word' id='word_1_231' title='bbox 1501 3116 1590 3165; x_wconf 80' lang='lat' dir='ltr'>Cr</span> <span class='ocrx_word' id='word_1_232' title='bbox 1754 3128 1813 3179; x_wconf 91' lang='lat'>19</span> <span class='ocrx_word' id='word_1_233' title='bbox 1846 3114 2189 3164; x_wconf 78' lang='lat' dir='ltr'>adiumentum</span> <span class='ocrx_word' id='word_1_234' title='bbox 2217 3114 2259 3163; x_wconf 89' lang='lat' dir='ltr'><em>C</em></span> <span class='ocrx_word' id='word_1_235' title='bbox 2280 3112 2426 3176; x_wconf 76' lang='lat' dir='ltr'>(corr)</span> <span class='ocrx_word' id='word_1_236' title='bbox 2481 3113 2822 3163; x_wconf 73' lang='lat' dir='ltr'>iuuamentum</span> <span class='ocrx_word' id='word_1_237' title='bbox 2844 3128 2878 3161; x_wconf 84' lang='lat' dir='ltr'>r</span> 
     </span>
    </p>
   </div>
   <div class='ocr_carea' id='block_1_8' title="bbox 483 3196 1471 3264">
    <p class='ocr_par' dir='ltr' id='par_1_9' title="bbox 483 3196 1471 3264">
     <span class='ocr_line' id='line_1_26' title="bbox 483 3196 1471 3264; baseline -0.001 -17"><span class='ocrx_word' id='word_1_238' title='bbox 483 3197 494 3263; x_wconf 89' lang='grc' dir='ltr'>Ι</span> <span class='ocrx_word' id='word_1_239' title='bbox 519 3197 815 3264; x_wconf 83' lang='lat' dir='ltr'>promittent</span> <span class='ocrx_word' id='word_1_240' title='bbox 843 3198 887 3247; x_wconf 89' lang='lat' dir='ltr'><em>C</em></span> <span class='ocrx_word' id='word_1_241' title='bbox 899 3196 928 3222; x_wconf 64' lang='lat'><strong><em>⁴</em></strong></span> <span class='ocrx_word' id='word_1_242' title='bbox 944 3197 1015 3247; x_wconf 79' lang='lat' dir='ltr'><em>H</em></span> <span class='ocrx_word' id='word_1_243' title='bbox 1068 3196 1415 3263; x_wconf 87' lang='lat' dir='ltr'>promittitque</span> <span class='ocrx_word' id='word_1_244' title='bbox 1437 3213 1471 3246; x_wconf 83' lang='lat' dir='ltr'>r</span> 
     </span>
    </p>
   </div>
   <div class='ocr_carea' id='block_1_9' title="bbox 432 3385 1613 4509">
    <p class='ocr_par' dir='ltr' id='par_1_10' title="bbox 453 3385 1613 3698">
     <span class='ocr_line' id='line_1_27' title="bbox 521 3385 1612 3452; baseline -0.005 -13"><span class='ocrx_word' id='word_1_245' title='bbox 521 3405 566 3439; x_wconf 73' lang='grc' dir='ltr'>α.</span> <span class='ocrx_word' id='word_1_246' title='bbox 638 3386 982 3452; x_wconf 54' lang='lat' dir='ltr'>iustioribus]</span> <span class='ocrx_word' id='word_1_247' title='bbox 1039 3386 1141 3436; x_wconf 82' lang='lat' dir='ltr'>Le.</span> <span class='ocrx_word' id='word_1_248' title='bbox 1183 3402 1249 3435; x_wconf 92' lang='lat' dir='ltr'>on</span> <span class='ocrx_word' id='word_1_249' title='bbox 1284 3403 1334 3433; x_wconf 83' lang='lat' dir='ltr'>v.</span> <span class='ocrx_word' id='word_1_250' title='bbox 1370 3385 1418 3436; x_wconf 89' lang='lat'>6.</span> <span class='ocrx_word' id='word_1_251' title='bbox 1478 3385 1612 3435; x_wconf 84' lang='lat' dir='ltr'>Rab.</span> 
     </span>
     <span class='ocr_line' id='line_1_28' title="bbox 453 3468 1613 3533; baseline -0.004 -11"><span class='ocrx_word' id='word_1_252' title='bbox 453 3486 615 3522; x_wconf 87' lang='lat' dir='ltr'>seems</span> <span class='ocrx_word' id='word_1_253' title='bbox 651 3477 704 3520; x_wconf 92' lang='lat' dir='ltr'>to</span> <span class='ocrx_word' id='word_1_254' title='bbox 747 3470 877 3518; x_wconf 82' lang='lat' dir='ltr'>have</span> <span class='ocrx_word' id='word_1_255' title='bbox 910 3468 1031 3525; x_wconf 85' lang='lat' dir='ltr'>here</span> <span class='ocrx_word' id='word_1_256' title='bbox 1074 3468 1338 3533; x_wconf 81' lang='lat' dir='ltr'>preserved</span> <span class='ocrx_word' id='word_1_257' title='bbox 1372 3468 1458 3517; x_wconf 89' lang='lat' dir='ltr'>the</span> <span class='ocrx_word' id='word_1_258' title='bbox 1501 3475 1613 3517; x_wconf 89' lang='lat' dir='ltr'>true</span> 
     </span>
     <span class='ocr_line' id='line_1_29' title="bbox 454 3548 1612 3615; baseline -0.004 -14"><span class='ocrx_word' id='word_1_259' title='bbox 454 3551 679 3615; x_wconf 84' lang='lat' dir='ltr'>reading,</span> <span class='ocrx_word' id='word_1_260' title='bbox 718 3549 888 3599; x_wconf 84' lang='lat' dir='ltr'>unless</span> <span class='ocrx_word' id='word_1_261' title='bbox 932 3549 972 3598; x_wconf 88' lang='lat' dir='ltr'>it</span> <span class='ocrx_word' id='word_1_262' title='bbox 1009 3549 1074 3598; x_wconf 86' lang='lat' dir='ltr'>be</span> <span class='ocrx_word' id='word_1_263' title='bbox 1117 3548 1331 3613; x_wconf 82' lang='lat' dir='ltr'>thought</span> <span class='ocrx_word' id='word_1_264' title='bbox 1370 3548 1479 3597; x_wconf 84' lang='lat' dir='ltr'>that</span> <span class='ocrx_word' id='word_1_265' title='bbox 1525 3548 1612 3597; x_wconf 87' lang='lat' dir='ltr'>the</span> 
     </span>
     <span class='ocr_line' id='line_1_30' title="bbox 453 3629 1560 3698; baseline -0.005 -14"><span class='ocrx_word' id='word_1_266' title='bbox 453 3633 675 3684; x_wconf 78' lang='lat' dir='ltr'>variants</span> <span class='ocrx_word' id='word_1_267' title='bbox 704 3631 847 3698; x_wconf 88' lang='lat' dir='ltr'>point</span> <span class='ocrx_word' id='word_1_268' title='bbox 869 3630 1039 3681; x_wconf 81' lang='lat' dir='ltr'>rather</span> <span class='ocrx_word' id='word_1_269' title='bbox 1058 3637 1113 3680; x_wconf 87' lang='lat' dir='ltr'>to</span> <span class='ocrx_word' id='word_1_270' title='bbox 1136 3631 1192 3679; x_wconf 82' lang='lat' dir='ltr'>in</span> <span class='ocrx_word' id='word_1_271' title='bbox 1212 3629 1560 3693; x_wconf 77' lang='lat' dir='ltr'>supm‘oribus.</span> 
     </span>
    </p>

    <p class='ocr_par' dir='ltr' id='par_1_11' title="bbox 432 3711 1612 4350">
     <span class='ocr_line' id='line_1_31' title="bbox 521 3711 1609 3776; baseline -0.008 -10"><span class='ocrx_word' id='word_1_272' title='bbox 521 3726 568 3776; x_wconf 77' lang='lat'>5.</span> <span class='ocrx_word' id='word_1_273' title='bbox 637 3715 754 3765; x_wconf 80' lang='lat' dir='ltr'>bene</span> <span class='ocrx_word' id='word_1_274' title='bbox 783 3729 900 3763; x_wconf 80' lang='lat' dir='ltr'>uero</span> <span class='ocrx_word' id='word_1_275' title='bbox 932 3713 1147 3773; x_wconf 65' lang='lat' dir='ltr'>exercit„</span> <span class='ocrx_word' id='word_1_276' title='bbox 1186 3711 1305 3772; x_wconf 61' lang='grc' dir='ltr'>δια]</span> <span class='ocrx_word' id='word_1_277' title='bbox 1369 3711 1461 3761; x_wconf 86' lang='lat' dir='ltr'>Le.</span> <span class='ocrx_word' id='word_1_278' title='bbox 1488 3713 1609 3771; x_wconf 78' lang='grc' dir='ltr'>γύμ-</span> 
     </span>
     <span class='ocr_line' id='line_1_32' title="bbox 455 3791 1612 3861; baseline -0.005 -14"><span class='ocrx_word' id='word_1_279' title='bbox 455 3800 566 3858; x_wconf 69' lang='grc' dir='ltr'>ναζε</span> <span class='ocrx_word' id='word_1_280' title='bbox 589 3797 732 3847; x_wconf 84' lang='lat' dir='ltr'>takes</span> <span class='ocrx_word' id='word_1_281' title='bbox 753 3812 822 3861; x_wconf 89' lang='lat' dir='ltr'>up</span> <span class='ocrx_word' id='word_1_282' title='bbox 857 3796 944 3846; x_wconf 89' lang='lat' dir='ltr'>the</span> <span class='ocrx_word' id='word_1_283' title='bbox 966 3795 1141 3845; x_wconf 80' lang='lat' dir='ltr'>thread</span> <span class='ocrx_word' id='word_1_284' title='bbox 1176 3793 1235 3844; x_wconf 83' lang='lat' dir='ltr'>of</span> <span class='ocrx_word' id='word_1_285' title='bbox 1259 3792 1414 3843; x_wconf 78' lang='grc' dir='ltr'>ταῦτα</span> <span class='ocrx_word' id='word_1_286' title='bbox 1449 3791 1612 3842; x_wconf 63' lang='lat' dir='ltr'>brori-</span> 
     </span>
     <span class='ocr_line' id='line_1_33' title="bbox 454 3874 1609 3939; baseline -0.003 -12"><span class='ocrx_word' id='word_1_287' title='bbox 454 3880 646 3938; x_wconf 75' lang='grc' dir='ltr'><strong><em>θέμενος</em></strong></span> <span class='ocrx_word' id='word_1_288' title='bbox 662 3878 714 3939; x_wconf 87' lang='lat' dir='ltr'>(v</span> <span class='ocrx_word' id='word_1_289' title='bbox 744 3875 815 3939; x_wconf 89' lang='lat'>6),</span> <span class='ocrx_word' id='word_1_290' title='bbox 830 3877 917 3927; x_wconf 88' lang='lat' dir='ltr'>the</span> <span class='ocrx_word' id='word_1_291' title='bbox 938 3879 952 3902; x_wconf 91' lang='lat'>‘</span> <span class='ocrx_word' id='word_1_292' title='bbox 965 3877 1182 3926; x_wconf 83' lang='lat' dir='ltr'>exercise</span> <span class='ocrx_word' id='word_1_293' title='bbox 1197 3875 1210 3897; x_wconf 91' lang='lat'>&#39;</span> <span class='ocrx_word' id='word_1_294' title='bbox 1225 3874 1609 3926; x_wconf 86' lang='lat' dir='ltr'>recommended</span> 
     </span>
     <span class='ocr_line' id='line_1_34' title="bbox 432 3955 1606 4022; baseline -0.003 -15"><span class='ocrx_word' id='word_1_295' title='bbox 432 3958 607 4022; x_wconf 84' lang='lat' dir='ltr'>·being</span> <span class='ocrx_word' id='word_1_296' title='bbox 629 3958 736 4007; x_wconf 83' lang='lat' dir='ltr'>that</span> <span class='ocrx_word' id='word_1_297' title='bbox 751 3957 810 4006; x_wconf 84' lang='lat' dir='ltr'>of</span> <span class='ocrx_word' id='word_1_298' title='bbox 815 3957 1001 4007; x_wconf 79' lang='lat' dir='ltr'>careful</span> <span class='ocrx_word' id='word_1_299' title='bbox 1012 3956 1113 4007; x_wconf 82' lang='lat' dir='ltr'>and</span> <span class='ocrx_word' id='word_1_300' title='bbox 1129 3955 1339 4021; x_wconf 86' lang='lat' dir='ltr'>diligent</span> <span class='ocrx_word' id='word_1_301' title='bbox 1357 3955 1606 4020; x_wconf 57' lang='lat' dir='ltr'>taching,</span> 
     </span>
     <span class='ocr_line' id='line_1_35' title="bbox 454 4037 1607 4103; baseline -0.002 -15"><span class='ocrx_word' id='word_1_302' title='bbox 454 4038 812 4103; x_wconf 76' lang='lat' dir='ltr'>accompanied</span> <span class='ocrx_word' id='word_1_303' title='bbox 830 4038 900 4102; x_wconf 86' lang='lat' dir='ltr'>by</span> <span class='ocrx_word' id='word_1_304' title='bbox 920 4052 952 4087; x_wconf 85' lang='lat' dir='ltr'>a</span> <span class='ocrx_word' id='word_1_305' title='bbox 968 4041 1239 4089; x_wconf 87' lang='lat' dir='ltr'>consistent</span> <span class='ocrx_word' id='word_1_306' title='bbox 1257 4037 1359 4089; x_wconf 82' lang='lat' dir='ltr'>life.</span> <span class='ocrx_word' id='word_1_307' title='bbox 1431 4037 1607 4088; x_wconf 89' lang='lat' dir='ltr'>Sound</span> 
     </span>
     <span class='ocr_line' id='line_1_36' title="bbox 455 4121 1608 4188; baseline -0.002 -15"><span class='ocrx_word' id='word_1_308' title='bbox 455 4121 689 4187; x_wconf 72' lang='lat' dir='ltr'>reaching</span> <span class='ocrx_word' id='word_1_309' title='bbox 731 4121 931 4186; x_wconf 85' lang='lat' dir='ltr'>implies</span> <span class='ocrx_word' id='word_1_310' title='bbox 978 4122 1129 4172; x_wconf 85' lang='lat' dir='ltr'>much</span> <span class='ocrx_word' id='word_1_311' title='bbox 1173 4130 1496 4188; x_wconf 81' lang='lat' dir='ltr'>preparatory</span> <span class='ocrx_word' id='word_1_312' title='bbox 1539 4123 1608 4171; x_wconf 84' lang='lat' dir='ltr'>la·</span> 
     </span>
     <span class='ocr_line' id='line_1_37' title="bbox 454 4202 1612 4269; baseline -0.002 -15"><span class='ocrx_word' id='word_1_313' title='bbox 454 4206 601 4261; x_wconf 83' lang='lat' dir='ltr'>bour,</span> <span class='ocrx_word' id='word_1_314' title='bbox 622 4203 724 4253; x_wconf 79' lang='lat' dir='ltr'>and</span> <span class='ocrx_word' id='word_1_315' title='bbox 746 4203 904 4253; x_wconf 88' lang='lat' dir='ltr'>hence</span> <span class='ocrx_word' id='word_1_316' title='bbox 927 4202 964 4252; x_wconf 92' lang='lat' dir='ltr'>it</span> <span class='ocrx_word' id='word_1_317' title='bbox 991 4203 1033 4253; x_wconf 84' lang='lat' dir='ltr'>is</span> <span class='ocrx_word' id='word_1_318' title='bbox 1055 4203 1218 4267; x_wconf 83' lang='lat' dir='ltr'>styled</span> <span class='ocrx_word' id='word_1_319' title='bbox 1240 4204 1309 4267; x_wconf 90' lang='lat' dir='ltr'>by</span> <span class='ocrx_word' id='word_1_320' title='bbox 1338 4203 1425 4253; x_wconf 85' lang='lat' dir='ltr'>the</span> <span class='ocrx_word' id='word_1_321' title='bbox 1448 4203 1550 4269; x_wconf 87' lang='lat' dir='ltr'>Ap.</span> <span class='ocrx_word' id='word_1_322' title='bbox 1579 4219 1612 4252; x_wconf 81' lang='lat' dir='ltr'>a</span> 
     </span>
     <span class='ocr_line' id='line_1_38' title="bbox 456 4287 718 4350; baseline -0.011 -14"><span class='ocrx_word' id='word_1_323' title='bbox 456 4287 718 4350; x_wconf 74' lang='grc' dir='ltr'>γυμνασία.</span> 
     </span>
    </p>

    <p class='ocr_par' dir='ltr' id='par_1_12' title="bbox 455 4365 1613 4509">
     <span class='ocr_line' id='line_1_39' title="bbox 521 4365 1609 4431; baseline -0.001 -14"><span class='ocrx_word' id='word_1_324' title='bbox 521 4366 698 4431; x_wconf 86' lang='lat' dir='ltr'>Chrys.</span> <span class='ocrx_word' id='word_1_325' title='bbox 743 4365 843 4416; x_wconf 81' lang='lat' dir='ltr'>and</span> <span class='ocrx_word' id='word_1_326' title='bbox 883 4365 1039 4417; x_wconf 90' lang='lat' dir='ltr'>Thdt.</span> <span class='ocrx_word' id='word_1_327' title='bbox 1090 4366 1235 4416; x_wconf 88' lang='lat' dir='ltr'>think</span> <span class='ocrx_word' id='word_1_328' title='bbox 1281 4366 1400 4431; x_wconf 84' lang='lat' dir='ltr'>only</span> <span class='ocrx_word' id='word_1_329' title='bbox 1439 4366 1497 4415; x_wconf 84' lang='lat' dir='ltr'>of</span> <span class='ocrx_word' id='word_1_330' title='bbox 1525 4366 1609 4416; x_wconf 90' lang='lat' dir='ltr'>the</span> 
     </span>
     <span class='ocr_line' id='line_1_40' title="bbox 455 4443 1613 4509; baseline -0.003 -15"><span class='ocrx_word' id='word_1_331' title='bbox 455 4443 699 4495; x_wconf 78' lang='lat' dir='ltr'>teacher’s</span> <span class='ocrx_word' id='word_1_332' title='bbox 748 4444 956 4509; x_wconf 61' lang='lat' dir='ltr'>life—7.</span> <span class='ocrx_word' id='word_1_333' title='bbox 1027 4445 1232 4492; x_wconf 74' lang='grc' dir='ltr'>σεαυτὸν</span> <span class='ocrx_word' id='word_1_334' title='bbox 1336 4444 1453 4505; x_wconf 69' lang='grc' dir='ltr'>πρὸς</span> <span class='ocrx_word' id='word_1_335' title='bbox 1504 4445 1613 4503; x_wconf 85' lang='grc' dir='ltr'>βίον</span> 
     </span>
    </p>
   </div>
   <div class='ocr_carea' id='block_1_10' title="bbox 1710 3382 2874 4509">
    <p class='ocr_par' dir='ltr' id='par_1_13' title="bbox 1712 3382 2874 3612">
     <span class='ocr_line' id='line_1_41' title="bbox 1715 3382 2874 3450; baseline -0.002 -16"><span class='ocrx_word' id='word_1_336' title='bbox 1715 3382 1925 3448; x_wconf 77' lang='grc' dir='ltr'>καθαρόν</span> <span class='ocrx_word' id='word_1_337' title='bbox 1954 3385 2214 3450; x_wconf 84' lang='lat' dir='ltr'>(Chrys.);</span> <span class='ocrx_word' id='word_1_338' title='bbox 2247 3383 2493 3446; x_wconf 75' lang='grc' dir='ltr'>εὐσεβείας</span> <span class='ocrx_word' id='word_1_339' title='bbox 2522 3386 2572 3433; x_wconf 79' lang='grc' dir='ltr'>δὲ</span> <span class='ocrx_word' id='word_1_340' title='bbox 2600 3385 2874 3447; x_wconf 72' lang='grc' dir='ltr'>γυμνασίαν</span> 
     </span>
     <span class='ocr_line' id='line_1_42' title="bbox 1712 3461 2873 3526; baseline 0.002 -12"><span class='ocrx_word' id='word_1_341' title='bbox 1712 3461 1941 3515; x_wconf 71' lang='grc' dir='ltr'>ἐκάλεσεν</span> <span class='ocrx_word' id='word_1_342' title='bbox 1962 3464 2047 3515; x_wconf 76' lang='grc' dir='ltr'>τόν</span> <span class='ocrx_word' id='word_1_343' title='bbox 2071 3468 2406 3525; x_wconf 72' lang='grc' dir='ltr'>ἐπαινούμενον</span> <span class='ocrx_word' id='word_1_344' title='bbox 2434 3468 2561 3523; x_wconf 82' lang='grc' dir='ltr'>βίον·</span> <span class='ocrx_word' id='word_1_345' title='bbox 2598 3464 2630 3526; x_wconf 79' lang='grc' dir='ltr'><strong><em>ἦ</em></strong></span> <span class='ocrx_word' id='word_1_346' title='bbox 2648 3469 2873 3516; x_wconf 73' lang='grc' dir='ltr'>πολιτεία</span> 
     </span>
     <span class='ocr_line' id='line_1_43' title="bbox 1712 3545 2623 3612; baseline 0 -17"><span class='ocrx_word' id='word_1_347' title='bbox 1712 3545 1807 3611; x_wconf 75' lang='grc' dir='ltr'>γὰρ</span> <span class='ocrx_word' id='word_1_348' title='bbox 1823 3550 1923 3597; x_wconf 73' lang='grc' dir='ltr'>τοῖς</span> <span class='ocrx_word' id='word_1_349' title='bbox 1942 3546 2124 3609; x_wconf 65' lang='grc' dir='ltr'>ἀγᾶηιν</span> <span class='ocrx_word' id='word_1_350' title='bbox 2150 3547 2376 3610; x_wconf 72' lang='grc' dir='ltr'>ἁρμόττει</span> <span class='ocrx_word' id='word_1_351' title='bbox 2404 3547 2623 3612; x_wconf 88' lang='lat' dir='ltr'>(Thdt.).</span> 
     </span>
    </p>

    <p class='ocr_par' dir='ltr' id='par_1_14' title="bbox 1712 3628 2872 3935">
     <span class='ocr_line' id='line_1_44' title="bbox 1785 3628 2869 3696; baseline 0.002 -17"><span class='ocrx_word' id='word_1_352' title='bbox 1785 3645 1861 3679; x_wconf 69' lang='grc' dir='ltr'>ιο.</span> <span class='ocrx_word' id='word_1_353' title='bbox 1929 3630 2078 3679; x_wconf 78' lang='lat' dir='ltr'>istius</span> <span class='ocrx_word' id='word_1_354' title='bbox 2097 3629 2449 3695; x_wconf 60' lang='lat' dir='ltr'>differentiam]</span> <span class='ocrx_word' id='word_1_355' title='bbox 2511 3628 2651 3680; x_wconf 89' lang='lat' dir='ltr'>‘The</span> <span class='ocrx_word' id='word_1_356' title='bbox 2684 3631 2869 3696; x_wconf 90' lang='lat' dir='ltr'>superi-</span> 
     </span>
     <span class='ocr_line' id='line_1_45' title="bbox 1713 3708 2867 3776; baseline 0.001 -18"><span class='ocrx_word' id='word_1_357' title='bbox 1713 3708 1845 3773; x_wconf 79' lang='lat' dir='ltr'>ority</span> <span class='ocrx_word' id='word_1_358' title='bbox 1858 3708 1917 3758; x_wconf 80' lang='lat' dir='ltr'>os</span> <span class='ocrx_word' id='word_1_359' title='bbox 1929 3709 2155 3776; x_wconf 81' lang='lat' dir='ltr'>spiritual</span> <span class='ocrx_word' id='word_1_360' title='bbox 2171 3709 2388 3760; x_wconf 84' lang='lat' dir='ltr'>exercise</span> <span class='ocrx_word' id='word_1_361' title='bbox 2410 3722 2528 3759; x_wconf 75' lang='lat' dir='ltr'>over</span> <span class='ocrx_word' id='word_1_362' title='bbox 2546 3712 2803 3775; x_wconf 85' lang='lat' dir='ltr'>corporeal</span> <span class='ocrx_word' id='word_1_363' title='bbox 2823 3711 2867 3772; x_wconf 85' lang='lat'>;’</span> 
     </span>
     <span class='ocr_line' id='line_1_46' title="bbox 1712 3791 2872 3856; baseline -0.003 -14"><span class='ocrx_word' id='word_1_364' title='bbox 1712 3793 1775 3842; x_wconf 88' lang='lat' dir='ltr'>cf.</span> <span class='ocrx_word' id='word_1_365' title='bbox 1813 3794 2022 3856; x_wconf 85' lang='lat' dir='ltr'>Chrys.:</span> <span class='ocrx_word' id='word_1_366' title='bbox 2054 3791 2148 3841; x_wconf 71' lang='grc' dir='ltr'>ἀπὸ</span> <span class='ocrx_word' id='word_1_367' title='bbox 2180 3793 2476 3855; x_wconf 74' lang='grc' dir='ltr'>συγκρίσεως</span> <span class='ocrx_word' id='word_1_368' title='bbox 2508 3794 2598 3851; x_wconf 76' lang='grc' dir='ltr'>τὴν</span> <span class='ocrx_word' id='word_1_369' title='bbox 2630 3791 2872 3855; x_wconf 69' lang='grc' dir='ltr'>ὑπεροχήν</span> 
     </span>
     <span class='ocr_line' id='line_1_47' title="bbox 1712 3871 2082 3935; baseline -0.005 -11"><span class='ocrx_word' id='word_1_370' title='bbox 1712 3873 1890 3935; x_wconf 75' lang='grc' dir='ltr'>ταύτης</span> <span class='ocrx_word' id='word_1_371' title='bbox 1911 3871 2082 3934; x_wconf 71' lang='grc' dir='ltr'>δηλῶν.</span> 
     </span>
    </p>

    <p class='ocr_par' dir='ltr' id='par_1_15' title="bbox 1718 3954 2867 4100">
     <span class='ocr_line' id='line_1_48' title="bbox 1783 3954 2867 4021; baseline -0.001 -16"><span class='ocrx_word' id='word_1_372' title='bbox 1783 3972 1858 4020; x_wconf 81' lang='lat'>14.</span> <span class='ocrx_word' id='word_1_373' title='bbox 1914 3954 2213 4020; x_wconf 80' lang='lat' dir='ltr'>praesentis]</span> <span class='ocrx_word' id='word_1_374' title='bbox 2275 3954 2344 4004; x_wconf 92' lang='lat' dir='ltr'>So</span> <span class='ocrx_word' id='word_1_375' title='bbox 2377 3954 2657 4012; x_wconf 86' lang='lat' dir='ltr'>Ambrstr.;</span> <span class='ocrx_word' id='word_1_376' title='bbox 2695 3955 2867 4021; x_wconf 80' lang='lat' dir='ltr'>Vulg..</span> 
     </span>
     <span class='ocr_line' id='line_1_49' title="bbox 1718 4031 2209 4100; baseline -0.006 -15"><span class='ocrx_word' id='word_1_377' title='bbox 1718 4038 1753 4062; x_wconf 89' lang='lat'>“</span> <span class='ocrx_word' id='word_1_378' title='bbox 1769 4051 1897 4100; x_wconf 84' lang='lat' dir='ltr'>quae</span> <span class='ocrx_word' id='word_1_379' title='bbox 1926 4049 2059 4084; x_wconf 88' lang='lat' dir='ltr'>nunc</span> <span class='ocrx_word' id='word_1_380' title='bbox 2081 4031 2209 4083; x_wconf 84' lang='lat' dir='ltr'>est.”</span> 
     </span>
    </p>

    <p class='ocr_par' dir='ltr' id='par_1_16' title="bbox 1784 4116 2812 4181">
     <span class='ocr_line' id='line_1_50' title="bbox 1784 4116 2812 4181; baseline -0.002 -14"><span class='ocrx_word' id='word_1_381' title='bbox 1784 4119 1859 4168; x_wconf 83' lang='lat'>18.</span> <span class='ocrx_word' id='word_1_382' title='bbox 1925 4116 2092 4180; x_wconf 65' lang='lat' dir='ltr'>agon}</span> <span class='ocrx_word' id='word_1_383' title='bbox 2132 4116 2230 4166; x_wconf 89' lang='lat' dir='ltr'>See</span> <span class='ocrx_word' id='word_1_384' title='bbox 2253 4128 2288 4165; x_wconf 90' lang='lat'>1.</span> <span class='ocrx_word' id='word_1_385' title='bbox 2321 4133 2369 4181; x_wconf 92' lang='lat' dir='ltr'>p.</span> <span class='ocrx_word' id='word_1_386' title='bbox 2402 4133 2508 4180; x_wconf 79' lang='lat'>113,</span> <span class='ocrx_word' id='word_1_387' title='bbox 2538 4116 2571 4165; x_wconf 87' lang='lat' dir='ltr'>l.</span> <span class='ocrx_word' id='word_1_388' title='bbox 2598 4120 2644 4177; x_wconf 88' lang='lat'>8,</span> <span class='ocrx_word' id='word_1_389' title='bbox 2676 4127 2812 4168; x_wconf 89' lang='lat' dir='ltr'>note.</span> 
     </span>
    </p>

    <p class='ocr_par' dir='ltr' id='par_1_17' title="bbox 1710 4198 2870 4509">
     <span class='ocr_line' id='line_1_51' title="bbox 1782 4198 2869 4263; baseline 0.003 -15"><span class='ocrx_word' id='word_1_390' title='bbox 1782 4212 1863 4263; x_wconf 89' lang='lat'>19.</span> <span class='ocrx_word' id='word_1_391' title='bbox 1941 4198 2239 4260; x_wconf 77' lang='lat' dir='ltr'>iumentum]</span> <span class='ocrx_word' id='word_1_392' title='bbox 2257 4218 2301 4239; x_wconf 91' lang='lat'><strong><em>=</em></strong></span> <span class='ocrx_word' id='word_1_393' title='bbox 2318 4198 2675 4251; x_wconf 86' lang='lat' dir='ltr'>iuuamentum.</span> <span class='ocrx_word' id='word_1_394' title='bbox 2758 4201 2869 4251; x_wconf 86' lang='lat' dir='ltr'>The</span> 
     </span>
     <span class='ocr_line' id='line_1_52' title="bbox 1711 4277 2868 4346; baseline 0.003 -18"><span class='ocrx_word' id='word_1_395' title='bbox 1711 4280 1903 4330; x_wconf 89' lang='lat' dir='ltr'>shorter</span> <span class='ocrx_word' id='word_1_396' title='bbox 1943 4277 2091 4336; x_wconf 78' lang='lat' dir='ltr'>form,</span> <span class='ocrx_word' id='word_1_397' title='bbox 2141 4278 2333 4342; x_wconf 85' lang='lat' dir='ltr'>though</span> <span class='ocrx_word' id='word_1_398' title='bbox 2393 4281 2609 4346; x_wconf 80' lang='lat' dir='ltr'>perhaps</span> <span class='ocrx_word' id='word_1_399' title='bbox 2659 4281 2868 4332; x_wconf 86' lang='lat' dir='ltr'>without</span> 
     </span>
     <span class='ocr_line' id='line_1_53' title="bbox 1710 4360 2870 4426; baseline 0.002 -14"><span class='ocrx_word' id='word_1_400' title='bbox 1710 4361 1941 4426; x_wconf 79' lang='lat' dir='ltr'>example</span> <span class='ocrx_word' id='word_1_401' title='bbox 1974 4360 2026 4409; x_wconf 89' lang='lat' dir='ltr'>in</span> <span class='ocrx_word' id='word_1_402' title='bbox 2052 4360 2138 4410; x_wconf 86' lang='lat' dir='ltr'>the</span> <span class='ocrx_word' id='word_1_403' title='bbox 2163 4363 2582 4425; x_wconf 89' lang='lat' dir='ltr'>uncompounded</span> <span class='ocrx_word' id='word_1_404' title='bbox 2607 4378 2759 4424; x_wconf 87' lang='lat' dir='ltr'>noun,</span> <span class='ocrx_word' id='word_1_405' title='bbox 2787 4379 2870 4414; x_wconf 87' lang='lat' dir='ltr'>oc·</span> 
     </span>
     <span class='ocr_line' id='line_1_54' title="bbox 1711 4442 2870 4509; baseline 0.001 -17"><span class='ocrx_word' id='word_1_406' title='bbox 1711 4460 1823 4493; x_wconf 87' lang='lat' dir='ltr'>curs</span> <span class='ocrx_word' id='word_1_407' title='bbox 1844 4444 1963 4493; x_wconf 88' lang='lat' dir='ltr'>here</span> <span class='ocrx_word' id='word_1_408' title='bbox 1985 4442 2037 4492; x_wconf 87' lang='lat' dir='ltr'>in</span> <span class='ocrx_word' id='word_1_409' title='bbox 2059 4442 2186 4491; x_wconf 89' lang='lat' dir='ltr'>both</span> <span class='ocrx_word' id='word_1_410' title='bbox 2207 4459 2299 4491; x_wconf 88' lang='lat' dir='ltr'>our</span> <span class='ocrx_word' id='word_1_411' title='bbox 2321 4443 2474 4494; x_wconf 85' lang='lat' dir='ltr'>MSS.</span> <span class='ocrx_word' id='word_1_412' title='bbox 2499 4444 2670 4509; x_wconf 69' lang='lat' dir='ltr'>prima</span> <span class='ocrx_word' id='word_1_413' title='bbox 2695 4460 2870 4494; x_wconf 75' lang='lat' dir='ltr'>manu.</span> 
     </span>
    </p>
   </div>
  </div>
 </body>
</html>
