3221 5116
515 417 643 484 ²04
830 439 843 450 ι
1163 412 1622 468 THEODORUS
1669 412 2257 469 MOPSUESTENUS
2591 401 2711 489 [ΙΙ.
2744 416 2933 488 5-7.

513 607 635 653 sua
686 586 1065 671 probabiles
1118 587 1397 652 inueniri
1444 589 1533 654 ab
1580 588 1766 653 omni
1819 586 2274 671 negotiatione
2313 584 2634 652 saeculari
2676 585 2941 669 seipsos

514 690 846 769 cohibent,
901 712 1103 776 opere
1161 713 1286 757 suo
1344 700 1614 759 tantum
1674 690 2136 758 intendentes?
2225 691 2401 756 bene
2453 701 2680 756 autem
2757 689 2940 754 dixit

514 795 1047 879 ‘implicantur’3
1092 804 1161 862 et
1195 796 1396 862 ualde
1441 797 1708 882 proprie
1749 797 1916 864 illud
1956 795 2134 861 dixit
2170 815 2252 859 eo
2282 794 2466 879 quod
2497 793 2609 859 ille
2637 793 2752 877 qui
2782 791 2940 858 talis

515 909 620 965 est
648 908 718 965 et
748 901 835 966 de
871 899 977 966 his
1022 901 1321 967 studium
1362 899 1586 978 habet,
1620 922 1745 967 nec
1784 900 2153 967 adtendere
2182 908 2406 982 potest
2446 899 2515 964 in
2556 898 2812 974 melius,
2853 917 2939 960 eo

451 1016 484 1086 5
517 1003 700 1087 quod
732 1003 937 1070 semel
961 1002 1410 1071 saecularibus
1429 1002 1814 1088 implicatus
1845 1011 1965 1069 est.
2016 1003 2262 1071 deinde
2293 1010 2362 1067 et
2384 1002 2472 1068 ad
2494 1000 2676 1068 aliud
2696 998 2940 1066 transit

516 1106 905 1190 exemplum
933 1130 949 1172 ε

616 1259 715 1324 ·si
750 1268 968 1325 autem
1009 1270 1072 1325 et
1100 1260 1171 1326 in
1218 1282 1421 1345 agone
1461 1260 1612 1345 quis
1639 1261 1929 1340 decertat,
1971 1281 2097 1324 non
2126 1270 2472 1326 coronatur
2496 1258 2634 1324 nisi
2657 1257 2946 1343 legitime

514 1365 870 1430 certauerit.

651 1495 668 1527 ‘
694 1501 763 1556 et
814 1492 1085 1576 quidem
1135 1492 1426 1558 athletas
1466 1513 1746 1558 coronas
1801 1492 2079 1575 adsequi
2134 1492 2523 1576 inpossibile
2568 1500 2672 1558 est
2714 1490 2942 1555 sinon

416 1621 497 1670 10
519 1595 702 1661 solae
749 1595 1125 1661 athletitiae
1175 1595 1567 1678 disciplinae
1630 1596 2039 1661 intenderint
2084 1597 2164 1661 et*
2215 1597 2282 1660 in
2336 1596 2477 1660 eius
2528 1595 2944 1680 perstiterint

518 1700 798 1786 legibus,
885 1700 982 1764 sic
1031 1701 1249 1765 multo
1306 1702 1521 1784 magis
1580 1701 1827 1765 decens
1887 1709 1990 1766 est
2048 1709 2118 1766 te
2171 1700 2313 1764 siue
2363 1701 2553 1783 quasi
2615 1698 2939 1765 athletam

520 1804 663 1868 siue
710 1803 901 1887 quasi
977 1802 1259 1867 militem
1322 1802 1569 1869 Christi
1640 1804 1950 1869 cohibere
2017 1824 2060 1868 a
2119 1803 2575 1886 corporalibus
2635 1804 2942 1887 negotiis,

522 1906 868 1970 intendere
914 1925 1073 1970 uero
1131 1905 1316 1970 solae
1374 1904 1645 1989 pietati?
1735 1914 1807 1971 et
1853 1905 2013 1988 quia
2063 1905 2460 1970 exhortatus
2509 1915 2613 1970 est
2662 1928 2812 1971 eum
2865 1915 2942 1972 ut

522 2009 775 2075 nullam
830 2006 1343 2072 sollicitudinem
1391 2009 1479 2073 de
1529 2006 1979 2074 saecularibus
2031 2006 2281 2073 habeat
2332 2010 2635 2092 negotiiS‚
2683 2011 2802 2074 sed
2852 2009 2943 2075 ad

421 2122 494 2189 15
525 2112 641 2178 illa
668 2119 933 2177 tantum
964 2110 1269 2175 intendat
1298 2131 1472 2194 quae
1502 2112 1590 2177 ad
1624 2109 1983 2176 utilitatem
2016 2111 2352 2193 pertinent
2381 2111 2684 2189 aliorum,
2717 2132 2945 2177 neces-

523 2215 687 2281 sitas
739 2212 1001 2297 flagitat
1050 2211 1348 2279 humana
1404 2214 1610 2278 etiarn
1665 2214 1752 2278 de
1800 2212 1930 2277 illis
1981 2214 2272 2296 perquiri
2321 2234 2499 2297 quae
2546 2233 2705 2298 erga
2757 2236 2945 2281 escas

523 2327 683 2384 sunt
705 2328 775 2385 et
804 2320 1269 2384 indumentum
1293 2339 1309 2383 ε

657 2487 1051 2553 laborantem
1113 2484 1382 2573 (inquit)
1443 2486 1806 2571 agricolam
1862 2496 2103 2572 oportet
2141 2487 2443 2572 primum
2495 2488 2576 2551 a'e
2604 2486 2950 2571 fructibus

512 2592 933 2677 participare.
1018 2590 1305 2673 intellege
1343 2611 1508 2672 quae
1545 2590 1687 2655 dico
1703 2615 1736 2667 ,·
1789 2591 1978 2657 dabit
2020 2592 2194 2656 enim
2233 2590 2359 2656 tibi
2390 2592 2722 2657 Dominus
2763 2593 2945 2659 intel-

419 2716 504 2764 20
527 2698 755 2763 lectum
784 2696 866 2761 a'e
890 2694 1205 2761 omnibus.

631 2895 653 2930 1
704 2879 980 2946 probabilis
1030 2880 1098 2930 H
1132 2876 1143 2945 Ι
1184 2877 1409 2930 inuenire
1446 2877 1525 2929 C*
1606 2878 1822 2930 inueniri
1875 2879 2162 2931 desiderant
2217 2879 2262 2930 C
2312 2880 2462 2942 (corr)
2549 2880 2868 2931 inueniuntur
2919 2897 2952 2931 r

529 2962 897 3029 gimpleantur
934 2960 1125 3028 Hlde
1164 2961 1265 3027 (ast
1294 2962 1464 3022 ualde)
1502 2958 1866 3025 addHldixi
1902 2962 1971 3012 H
2334 2974 2515 3026 7nam
2554 2969 2605 3013 et
2643 2963 2735 3013 διο.
2774 2962 2948 3026 [asin

541 3046 709 3110 Vulgz]
751 3060 786 3095 r
1179 3058 1212 3109 9
1246 3050 1299 3094 et
1336 3043 1542 3109 quidem
1586 3043 1654 3093 ad
1696 3042 1822 3093 letas
1867 3058 2079 3094 coronas
2128 3042 2174 3093 C
2230 3049 2283 3093 et
2327 3042 2414 3108 qui
2444 3040 2453 3107 Ι
2480 3059 2537 3093 as
2580 3042 2694 3106 [sic]
2739 3058 2950 3094 coronas

527 3125 702 3175 beatas
737 3123 808 3174 H
884 3131 935 3175 et
972 3124 1147 3175 beatas
1184 3138 1394 3174 coronas
1432 3139 1466 3173 r
1716 3137 1779 3174 10
1809 3123 1947 3174 solae
1980 3125 2134 3187 [cor-r:
2168 3121 2284 3185 soli]
2315 3123 2382 3173 ad
2414 3123 2546 3174 letae
2577 3124 2872 3189 disciplinae
2909 3124 2955 3173 C

531 3206 640 3256 sole
671 3205 738 3254 ad
768 3203 958 3254 letitiae
988 3205 1115 3254 disc.
1138 3205 1206 3253 H
1261 3203 1424 3254 solum
1456 3204 1524 3254 ad
1556 3203 1775 3255 laetitiae
1811 3204 2128 3270 disciplinam
2161 3203 2225 3269 νΙ
2255 3211 2305 3255 et
2334 3204 2388 3253 in
2421 3204 2528 3255 eius
2560 3205 2853 3270 pertinerint
2887 3203 2953 3266 [Ρ]

536 3285 616 3336 C*
671 3293 723 3336 et
749 3285 803 3335 in
824 3301 868 3335 e.
897 3286 1217 3351 perstiterunt
1244 3285 1288 3335 C
1309 3282 1454 3351 (corr)
1509 3292 1561 3336 et
1582 3285 1637 3335 in
1658 3301 1703 3335 e.
1718 3285 2024 3351 perstiterint
2045 3286 2113 3335 H
2156 3287 2245 3336 sed
2268 3286 2419 3336 etiam
2442 3286 2495 3336 in
2516 3302 2559 3336 e.
2588 3285 2902 3350 persteterint
2925 3301 2958 3334 r

538 3380 593 3418 11
630 3366 851 3417 adletam
879 3367 924 3418 C
973 3366 1216 3417 athletam
1250 3367 1362 3416 Hr
1627 3381 1684 3417 12
1720 3383 1781 3417 ea
1802 3366 1920 3432 (for
1936 3365 1987 3431 a)
2011 3367 2079 3416 H
2335 3366 2395 3417 16
2426 3366 2514 3431 qui
2536 3364 2629 3430 H}
2658 3381 2772 3415 esm
2800 3364 2876 3415 C*
2899 3365 2971 3415 Η

535 3463 702 3500 escam
723 3465 757 3500 r
952 3450 1013 3499 18
1046 3447 1208 3513 inquit
1231 3463 1308 3497 om
1330 3464 1364 3498 r
1563 3461 1624 3514 ¹9
1656 3448 1890 3513 particire
1914 3445 2018 3513 (sic)
2039 3449 2108 3499 H
2162 3443 2389 3513 accipere
2412 3444 2529 3512 (for
2546 3445 2864 3513 participare)
2887 3462 2915 3495 c

602 3628 652 3664 α.
708 3613 1230 3679 opum-intendentes]
1293 3612 1422 3664 This
1443 3620 1694 3665 construc-
1795 3613 1898 3665 For
1921 3613 2176 3680 examploe
2198 3613 2258 3664 of
2275 3614 2547 3679 adjectivae
2569 3613 2622 3664 in
2644 3614 2783 3673 -tius,
2811 3613 2952 3675 ϊίω,

535 3700 645 3749 tion
662 3696 707 3748 is
728 3697 965 3763 repeated
986 3698 1167 3758 belovv,
1195 3713 1248 3763 p.
1275 3697 1389 3757 216,
1411 3696 1448 3749 l.
1476 3712 1525 3763 9.
1794 3695 1858 3747 cf.
1918 3697 2139 3757 Rt‘msch,
2186 3697 2343 3756 Itala,
2392 3712 2445 3762 p.
2500 3711 2587 3748 121
2635 3712 2712 3762 sq.
2801 3698 2956 3749 From

603 3794 648 3843 3.
722 3779 1068 3843 implicantur]
1101 3778 1447 3838 ἐμπλέκονται.
1504 3776 1583 3829 Cf.
1602 3778 1697 3828 im·
1794 3778 1980 3829 athleta
2008 3779 2095 3830 the
2124 3778 2256 3830 lexx.
2282 3780 2398 3844 give
2425 3780 2699 3841 athleticus,
2726 3781 2827 3830 and
2854 3781 2956 3831 this

524 3861 690 3928 plicat
706 3877 757 3911 se
778 3858 1129 3926 (ἐμπλέκεται),
1154 3868 1324 3926 supra,
1347 3878 1398 3926 p.
1424 3874 1535 3923 203,
1557 3860 1591 3911 l.
1621 3860 1696 3911 16.
1796 3876 1913 3926 may
1946 3862 2170 3927 possibly
2201 3862 2331 3911 have
2367 3861 2497 3912 been
2534 3861 2621 3912 the
2657 3862 2788 3912 form
2825 3862 2954 3913 from

537 3945 651 3996 The
672 3945 865 4010 change
886 3944 946 3995 os
959 3945 1170 3994 number
1191 3942 1234 3994 is
1256 3943 1354 3993 due
1383 3950 1437 3993 to
1460 3943 1544 3992 the
1567 3940 1696 3992 form
1796 3940 1962 3992 which
1972 3941 2058 3992 the
2066 3941 2298 4006 readings
2314 3941 2373 3992 of
2378 3957 2471 3991 our
2480 3941 2634 3993 MSS.
2656 3943 2954 4007 originated.

536 4027 597 4078 of
629 4027 715 4077 the
752 4027 1023 4092 preceding
1064 4033 1299 4077 sentence
1343 4025 1455 4090 (qui
1494 4025 1691 4086 uolunt,
1795 4024 2097 4075 Solae=soli
2127 4024 2267 4085 (bisn
2301 4023 2365 4074 cs.
2398 4024 2618 4087 Ronsch,
2643 4041 2697 4089 p.
2726 4023 2841 4089 Ι376.

536 4106 654 4169 διο.)
668 4123 685 4167 3
721 4106 777 4157 in
804 4107 891 4157 the
915 4114 1034 4156 next
1056 4106 1159 4156 line
1181 4106 1282 4157 Th.
1306 4115 1501 4156 returns
1529 4116 1584 4156 to
1609 4106 1696 4158 the
1867 4120 1943 4171 13.
2008 4112 2056 4155 et
2088 4104 2654 4170 quia...indnmentum]
2703 4105 2854 4156 Cited
2888 4106 2959 4171 by

534 4190 665 4255 sing.
690 4189 997 4253 (implacatus
1017 4189 1124 4249 est).
1796 4187 2063 4238 lanfranc.

604 4284 651 4336 7.
716 4270 765 4320 si
788 4276 968 4333 autem,
995 4268 1110 4332 δια]
1145 4268 1224 4320 ἐὰν
1259 4270 1314 4321 δὲ
1343 4270 1424 4320 καὶ
1450 4266 1578 4333 ἀθλῇ
1607 4287 1692 4322 τις.
1865 4284 1941 4336 19.
1996 4268 2328 4336 paral-spart]
2359 4268 2596 4331 Claram„
2624 4270 2897 4336 “accipere
2907 4270 2957 4329 ;‘'

538 4354 609 4404 So
661 4351 837 4416 Cypr.,
898 4351 1029 4401 “sed
1076 4350 1170 4401 etsi
1214 4352 1478 4403 certauerit
1521 4351 1696 4418 quis;''
1790 4349 2072 4418 Vulgflm.
2119 4351 2469 4419 “percipere.”
2548 4354 2856 4404 Intellectum
2899 4354 2959 4403 de

534 4431 705 4497 Vulg„
736 4436 895 4480 “narn
917 4439 966 4481 et
991 4430 1076 4496 qui
1098 4439 1253 4481 certat
1277 4431 1330 4482 in
1351 4432 1562 4497 agone.”
1791 4433 2056 4491 omnibus,-
2126 4433 2299 4499 vulg„
2362 4432 2467 4482 “in
2525 4433 2760 4483 omnibus
2811 4432 2955 4482 intel-

600 4530 646 4582 9.
718 4511 942 4571 athletas,
990 4511 1284 4574 athletitiac]
1373 4514 1469 4564 See
1506 4529 1587 4564 vv,
1636 4513 1691 4562 11.
1792 4513 1991 4564 lectum.
2002 4512 2031 4535 ''
