3221 5116
509 385 588 449 32
1168 388 1630 443 THEODORUS
1677 389 2266 442 MOPSUESTENUS
2409 375 2559 460 [IV.
2595 374 2844 441 18—-V,
2873 391 2931 457 3.

505 555 647 619 eius
679 554 1047 646 aduentum
1094 557 1372 637 fuerant,
1404 568 1731 644 quantum
1777 560 2019 625 attinet
2062 560 2149 624 ad
2194 576 2328 637 e03,
2361 558 2729 622 secundum
2772 576 2928 640 pro-

506 656 724 738 prium
776 665 1040 742 tempus
1088 660 1575 740 laborauerunt,
1634 672 1704 727 et
1754 671 2030 745 propter
2071 661 2199 726 hoc
2235 661 2412 725 iusta
2459 659 2719 724 ratione
2770 679 2927 723 cum

508 760 638 823 illis
689 762 1204 844 deputabuntur.
1293 774 1520 830 tamen
1567 765 1727 848 quia
1770 763 2096 830 memoria
2145 763 2478 828 dictorum
2526 761 2931 826 sufficienter

510 887 624 930 eos
669 867 757 931 ad
803 869 1273 932 uerecundiam
1323 869 1610 942 induxit,
1646 868 1979 933 instruens
2027 887 2143 931 eos
2184 864 2430 948 pariter
2481 873 2557 929 ut
2600 863 2764 928 talia
2807 883 2928 927 ex-

448 978 855 1054 spectantes
906 970 1085 1032 bono
1133 970 1359 1035 animo
1412 991 1532 1054 pro
1585 970 1714 1034 illis
1763 991 1899 1035 non
1953 968 2269 1034 deficiant
2317 967 2432 1050 qui
2478 969 2564 1032 ab
2608 966 2736 1030 hac
2781 967 2927 1030 uita

509 1070 876 1147 discedunt,
930 1070 1055 1134 nisi
1109 1081 1434 1154 quantum
1487 1073 1739 1137 debent
1781 1073 2076 1156 compati
2122 1080 2395 1155 propter
2438 1070 2809 1135 amicitiam
2856 1075 2928 1133 et

509 1172 776 1236 solitam
807 1174 1395 1254 consuetudinem;
1438 1175 1618 1239 unde
1648 1185 1717 1239 et
1746 1176 1953 1240 adicit
1984 1199 2000 1240 ι

640 1321 858 1406 itaque
882 1323 1301 1390 consolamini
1326 1324 1400 1390 in
1429 1324 1704 1391 inuicem
1735 1325 1808 1390 in
1838 1325 2055 1391 uerbis
2084 1325 2248 1392 isti-a

643 1449 846 1514 ‘haec
878 1448 1145 1533 (inquit)
1190 1451 1257 1515 in
1289 1451 1828 1516 tribulationibus
1869 1451 2071 1535 positi
2105 1451 2390 1516 inuicem
2427 1449 2619 1514 uobis
2650 1439 2927 1528 referte3

408 1566 486 1615 10
511 1551 789 1615 sufficiet
839 1553 1017 1615 enim
1079 1571 1308 1616 eorum
1368 1553 1693 1617 memoria
1751 1553 2177 1617 audientibus
2251 1551 2417 1615 ferre
2476 1550 2807 1629 solatium,
2868 1553 2925 1617 si

510 1663 739 1719 tamen
770 1655 1118 1719 domestici
1149 1664 1304 1719 sunt
1334 1654 1488 1720 fidei
1519 1664 1588 1720 et
1619 1642 1753 1720 non
1785 1655 2097 1721 dubitant
2127 1656 2212 1720 de
2242 1656 2510 1722 futuris,⁸

641 1804 720 1868 de
764 1803 1147 1886 temporibus
1195 1826 1347 1869 uero
1389 1816 1455 1871 et
1500 1808 1852 1885 momentis,
1885 1808 2166 1890 fratres,
2221 1828 2347 1872 non
2394 1827 2627 1872 necesse
2681 1805 2930 1871 habetis

511 1906 782 1970 scribere
827 1906 1007 1970 uobis
1021 1931 1053 1983 ,·
1099 1906 1227 1989 ipsi
1265 1908 1438 1972 enim
1480 1909 1850 1974 cautissime
1885 1910 2081 1988 scitis,
2112 1910 2417 1994 quoniam
2464 1911 2602 1975 dies
2651 1909 2934 1975 Domini

510 2008 681 2072 sicut
690 2008 829 2090 fur
855 2008 927 2072 in
958 2017 1129 2071 nocte
1147 2009 1239 2073 sic
1266 2011 1460 2075 uenit.

410 2151 482 2217 15
646 2135 927 2200 alterum
962 2137 1198 2201 iterum
1239 2136 1349 2202 hic
1393 2138 1631 2221 incipit
1680 2139 2069 2223 capitulum.
2137 2140 2592 2224 requirebatur
2629 2140 2808 2204 enim
2841 2140 2931 2205 ab

516 2237 660 2317 illis,
693 2240 999 2321 ‘quando
1031 2239 1156 2302 erit
1185 2238 1380 2303 huius
1411 2241 1657 2305 saeculi
1690 2240 1839 2305 finis
1866 2240 1925 2306 Γ
2012 2242 2184 2307 bene
2225 2264 2387 2327 ergo
2432 2243 2559 2306 illis
2594 2242 2825 2308 scribit
2853 2252 2933 2307 ut

516 2360 651 2405 non
711 2342 1062 2424 requirant,
1124 2362 1340 2424 neque
1399 2344 1789 2408 existiment
1847 2365 1920 2409 se
1979 2366 2177 2429 posse
2236 2345 2489 2411 discere
2548 2347 2661 2429 qui
2721 2345 2930 2410 semel

516 2442 872 2508 audierunt
944 2443 1262 2526 quoniam
1324 2444 1648 2509 incertum
1708 2453 1812 2511 est
1869 2456 2137 2530 tempus
2196 2447 2528 2512 aduentus
2585 2446 2930 2511 dominici.

514 2546 644 2614 hoc
701 2549 881 2613 enim
941 2548 1149 2615 dicit:
1222 2557 1557 2633 tamquam
1586 2549 1727 2634 fur
1771 2550 1845 2614 in
1903 2560 2088 2628 nocte,
2141 2571 2222 2615 eo
2281 2550 2463 2634 quod
2521 2557 2591 2614 et
2641 2549 2747 2614 fur
2792 2570 2929 2615 non

404 2675 490 2723 20
515 2653 908 2737 praedicens
939 2652 1141 2719 uenit.
1230 2661 1300 2717 et
1328 2652 1487 2737 quia
1517 2652 1899 2718 inridebant
1938 2653 2302 2718 aduersarii
2336 2653 2464 2717 hoc
2496 2654 2715 2737 ipsum
2745 2655 2928 2737 quod

517 2754 603 2817 ab
633 2754 761 2818 illis
791 2754 1151 2832 dicebatur,
1183 2753 1481 2820 dicentes
1511 2775 1935 2839 nequaquam
1968 2754 2106 2819 fieri
2139 2776 2353 2839 posse,
2385 2756 2591 2819 adicit
2621 2780 2636 2820 :

640 2931 787 2975 cnm
832 2909 1164 2974 dixerint:
1226 2910 1394 2990 ‘pax
1434 2917 1500 2970 et
1543 2906 1888 2986 securitas,'
1927 2917 2081 2998 tuns
2121 2917 2368 2990 repente
2403 2907 2540 2972 illis
2580 2908 2786 2972 instat
2824 2930 2928 2973 ex-

516 3011 911 3089 terminium,
941 3008 1141 3074 sicuti
1163 3009 1349 3074 dolor
1358 3019 1602 3092 partus
1631 3011 1704 3075 in
1734 3020 1912 3074 utero
1933 3009 2242 3088 habentis,
2272 3020 2337 3074 et
2361 3030 2489 3074 non
2516 3010 2838 3093 effugient.

618 3196 638 3231 1
676 3181 792 3230 adu.
816 3178 923 3231 eius
943 3195 977 3228 r
1223 3195 1255 3240 4
1288 3177 1485 3227 instruit
1513 3176 1557 3226 C
1578 3174 1724 3242 (corr)

512 3260 706 3329 quant.)
736 3261 779 3310 C
798 3277 830 3309 r
1036 3259 1066 3308 8
1099 3257 1151 3308 in
1176 3256 1285 3321 (bes
1295 3256 1421 3322 inu.)
1445 3273 1523 3308 om
1545 3260 1615 3308 H
1823 3273 1855 3323 9
1899 3259 2044 3309 uobis
2066 3259 2211 3308 uobis
2232 3258 2408 3310 referte
2429 3259 2500 3309 H

513 3343 700 3394 etenim
722 3357 826 3391 eor.
849 3339 1143 3390 memoriam
1169 3337 1247 3388 C*
1313 3338 1522 3389 sufficiet
1544 3338 1679 3388 enim
1705 3353 1806 3390 eor.
1834 3340 2128 3389 memoriam
2151 3356 2184 3388 r

520 3442 578 3489 14
611 3425 838 3475 sicomr
1035 3435 1092 3484 15
1126 3428 1245 3471 tunc
1271 3418 1771 3485 (aflenim)addH*

1974 3190 2001 3240 5
2037 3177 2167 3227 hanc
2193 3176 2274 3228 C·
2524 3176 2557 3228 6
2590 3183 2782 3227 tantum
2819 3174 2934 3241 (for

2679 3274 2740 3309 10
2772 3259 2929 3311 suffici

2414 3355 2470 3390 12
2506 3347 2556 3389 et
2578 3355 2730 3388 mom.
2760 3354 2879 3389 uero
2901 3355 2935 3388 r

1973 3423 2032 3473 18
2066 3421 2259 3472 domini
2283 3420 2398 3487 (sor
2415 3420 2673 3486 dominici)
2697 3438 2731 3471 r

586 3594 632 3643 3.
703 3576 1093 3643 deputabuntur]
1129 3575 1227 3627 See
1262 3576 1483 3633 Ronsch,
1518 3576 1672 3633 Itala,
1773 3577 1860 3628 the
1890 3594 2030 3628 more
2059 3577 2308 3628 technical
2337 3593 2480 3627 sense
2509 3577 2674 3627 which
2705 3577 2744 3627 it
2769 3593 2932 3627 seems

515 3677 567 3725 p.
615 3662 733 3725 3583
789 3659 891 3709 and
933 3659 1010 3708 sor
1063 3657 1288 3722 compati,
1333 3657 1405 3706 ib.
1450 3673 1501 3721 p.
1559 3655 1666 3719 164.
1773 3665 1828 3709 to
1856 3659 1978 3708 bear
2007 3659 2140 3719 here,
2168 3659 2230 3709 cs.
2263 3670 2300 3708 1.
2328 3673 2380 3723 p.
2405 3658 2492 3708 xli.
2563 3659 2754 3707 Itermn
2785 3657 2932 3708 looks

526 3743 709 3791 Tamen
729 3741 821 3791 has
841 3741 1058 3806 perhaps
1078 3740 1208 3789 been
1236 3738 1435 3789 written
1460 3738 1514 3788 in
1535 3754 1672 3790 error
1774 3739 1906 3790 back
1922 3747 1976 3789 to
2000 3740 2085 3790 the
2105 3741 2295 3791 section
2318 3739 2666 3803 commencing
2681 3746 2735 3788 at
2750 3739 2815 3789 iv.
2842 3755 2931 3802 133

515 3822 593 3872 sor
614 3831 721 3873 tum
743 3838 799 3872 or
821 3830 958 3872 tune.
1773 3836 1857 3871 see
1884 3836 1936 3884 p.
1961 3819 2040 3880 26,
2068 3822 2103 3870 1.
2133 3836 2209 3886 19.
2277 3821 2350 3870 At
2382 3820 2489 3870 that
2523 3820 2666 3884 point
2701 3821 2787 3870 the
2819 3836 2933 3885 pre-

488 3926 492 3930 ·
591 3921 665 3956 η.
698 3921 799 3955 non
816 3921 992 3955 necesse
1011 3904 1218 3966 habetsz
1252 3905 1306 3953 οὐ
1320 3904 1489 3967 χρείαν
1508 3904 1686 3965 ἔχε-νε,ι

517 3988 675 4038 Thdt.
755 3988 827 4038 So
862 3987 1077 4037 Hieron.
1116 3996 1188 4052 ep.
1232 4002 1318 4037 121
1359 3986 1556 4050 (Migne
1588 4000 1670 4046 Μ,

526 4072 701 4134 1035);
744 4068 915 4131 vulg„
957 4069 1117 4117 “non
1169 4064 1456 4132 indigetis.”
1532 4066 1673 4116 Tert-

518 4151 621 4201 and
665 4149 916 4199 Ambrstr.
951 4157 1204 4215 represent
1243 4149 1329 4199 the
1366 4148 1576 4213 reading
1620 4151 1675 4198 οὐ

519 4237 661 4300 χρεία
683 4235 829 4285 ἐστίν.
896 4235 1226 4293 Cautissime;
1262 4234 1419 4295 Tert„
1458 4236 1489 4261 “
1508 4233 1678 4284 certis-

520 4317 701 4379 sime‚”
724 4317 895 4381 Vulg„
930 4318 960 4345 ‘⁶
978 4317 1244 4382 diligenter
1263 4315 1311 4374 ;''
1332 4315 1398 4366 cf.
1421 4329 1461 4366 1.
1484 4332 1538 4380 p.
1563 4316 1631 4365 xl.

592 4411 668 4460 15.
734 4398 951 4447 alterum
975 4398 1160 4448 iterum
1181 4398 1261 4446 hic
1278 4396 1374 4446 inc.
1395 4395 1527 4461 casp]
1574 4395 1676 4446 For

519 4478 794 4544 capitulum
824 4493 907 4530 see
940 4476 1160 4537 Ronsch,
1188 4477 1341 4535 Itala,
1373 4492 1426 4541 p.
1452 4477 1572 4539 3283
1608 4491 1675 4526 on

1772 3903 1954 3967 ceding
1975 3903 2247 3953 Euthalian
2271 3902 2537 3963 κεφάλαιον
2554 3902 2749 3966 begins.

1846 3996 1923 4047 17.
1989 3984 2080 4049 qni
2107 3984 2256 4034 semel
2279 3983 2577 4044 audierunt]
2622 3982 2778 4033 Thdt.
2800 3998 2813 4030 z
2872 3979 2933 4034 ὥς

1775 4065 2241 4128 προδεδιδαγμένοις
2263 4066 2421 4113 ταῦτα
2439 4064 2639 4125 γράφει.

1842 4163 1918 4198 22.
1981 4154 2169 4212 repente
2188 4147 2290 4196 illis
2311 4147 2470 4196 instat
2489 4146 2609 4207 ext-J
2643 4145 2754 4195 The
2780 4145 2931 4196 Latin

1778 4229 2001 4280 versions
2043 4230 2223 4279 render
2265 4230 2528 4278 ἐπίσταται
2571 4228 2642 4292 by
2675 4245 2706 4278 a
2749 4227 2931 4279 future.

1779 4310 1883 4360 For
1933 4311 2300 4371 exterminium,
2362 4326 2446 4361 see
2502 4310 2722 4370 Riinscb,
2777 4311 2933 4368 Itala,

1777 4407 1830 4457 p.
1856 4406 1936 4458 ²9·
1991 4392 2153 4441 Dolor
2161 4399 2343 4456 partus
2370 4391 2422 4452 (ἡ
2445 4391 2556 4441 ὠδὶν
2579 4391 2781 4457 simply)
2802 4391 2954 4461 finds·

1776 4474 1919 4539 place
1942 4474 2050 4525 also
2081 4473 2135 4524 in
2157 4474 2407 4524 Ambrstr.
2430 4473 2533 4525 and
2557 4472 2726 4524 Sedul.
2759 4473 2900 4525 Scot.
