3221 5116
294 366 419 432 IV.
455 373 515 451 7,
548 368 633 452 8.]
1022 382 1102 431 IN
1154 382 1255 431 ΕΡ.
1303 382 1407 432 AD
1451 380 1916 432 TIMOTHEUM
1965 381 2042 430 11.
2589 380 2710 445 225

427 559 874 643 ‘propinquus
906 556 1067 621 mihi
1099 565 1202 621 est
1224 556 1448 621 exitus
1479 558 1661 621 uitae
1691 556 2081 639 praesentiS,
2113 565 2182 621 et
2214 556 2345 621 iam
2378 557 2553 621 ultra
2585 577 2717 620 non

295 661 561 727 habebo
612 672 880 744 tempus
936 681 1364 725 commonere
1422 671 1491 725 te
1548 663 1638 725 de
1696 662 1801 724 his
1859 680 2035 744 quae
2095 660 2234 726 fieri
2294 661 2717 726 conueniant.

296 764 477 830 unde
527 775 598 831 et
645 766 819 830 hanc
867 765 992 831 feci
1040 765 1128 830 ad
1177 777 1243 831 te
1302 766 1843 836 exhortationem
1898 765 2025 829 sub
2078 773 2252 829 teste
2306 764 2493 830 Deo!
2583 785 2718 828 non

297 868 605 935 absolute
656 862 850 935 dixit
880 871 1060 949 libor,
1113 872 1232 936 sed
1280 871 1439 954 quia
1484 891 1606 953 pro
1664 869 1911 936 Christi
1968 869 2388 935 consessione
2431 879 2714 934 mortem

297 981 440 1038 erat
467 974 822 1052 subituruS,
857 974 1246 1040 libationem
1289 977 1502 1055 dixit3
1547 995 1706 1040 nam
1746 974 1980 1041 libatio
2027 975 2166 1040 uini
2207 975 2453 1039 dicitur
2480 974 2715 1038 effusio
2788 985 2821 1052 5

295 1096 469 1160 quae
497 1077 576 1142 fit
606 1078 671 1141 in
703 1077 911 1143 diuini
943 1079 1213 1144 honoris
1243 1081 1650 1163 expiatione.

425 1257 737 1314 certamen
769 1248 1009 1329 bonum
1047 1250 1310 1329 certaui,
1342 1273 1601 1317 cursum
1633 1254 2094 1331 consummaui,
2108 1253 2319 1338 fidem
2348 1251 2631 1317 seruaui.

426 1396 560 1441 non
619 1377 946 1461 plaudens
1005 1400 1079 1444 se
1149 1380 1277 1446 ista
1334 1375 1529 1459 dicit,'
1574 1383 1694 1447 sed
1769 1384 1854 1447 ad
1938 1384 2478 1449 exhortationem
2555 1379 2718 1444 dicit

296 1478 652 1545 Timothei.
697 1480 825 1546 hoc
849 1492 968 1559 est,
993 1483 1392 1548 ‘secundum
1424 1493 1694 1568 tempus
1724 1486 1903 1567 quod
1939 1486 2006 1550 in
2036 1486 2165 1549 hac
2196 1487 2336 1550 uita
2365 1483 2715 1562 habebam,

295 1584 524 1647 omnia
553 1603 725 1666 quae
764 1584 927 1649 mihi
968 1585 1298 1669 pertinere
1335 1586 1737 1652 uidebantur
1774 1587 2177 1672 implebam.’
2265 1597 2334 1653 et
2372 1609 2546 1673 quae
2586 1587 2716 1654 alia
2751 1603 2831 1650 10

296 1683 598 1751 laborum
632 1688 928 1752 merces?

427 1837 504 1903 de
552 1849 746 1903 cetero
797 1840 1068 1924 reposita
1114 1851 1211 1906 est
1244 1841 1416 1907 milti
1448 1842 1740 1908 iustitiae
1778 1864 2023 1921 corona,
2054 1864 2253 1927 quam
2305 1842 2524 1908 reddet
2551 1842 2724 1909 milti

297 1940 629 2005 Dominus
660 1943 731 2006 in
764 1943 882 2007 illa
912 1944 1020 2007 die
1049 1943 1260 2009 iustus
1292 1946 1499 2010 iudex.

428 2072 600 2137 bene
654 2072 942 2138 iustitiae
988 2095 1287 2139 coronam
1345 2079 1614 2142 uocauit
1677 2077 1859 2142 illam
1920 2098 2093 2161 quae
2150 2077 2717 2161 contemplatione

296 2172 600 2238 laborum
632 2176 846 2241 datur.
921 2184 989 2240 et
1022 2176 1268 2242 iustum
1299 2178 1571 2244 iudicem
1602 2181 1994 2256 nominauit,
2024 2179 2108 2244 ad
2140 2180 2715 2246 confirmationem
2751 2190 2821 2259 15

396 2413 425 2448 ο
459 2412 775 2448 commouere
802 2397 874 2448 C*

296 2489 547 2531 certamen
569 2496 602 2530 r

294 2579 373 2613 om
404 2578 437 2611 r
463 2561 472 2627 Ι
499 2562 625 2612 dixit
653 2562 768 2627 θῦν
785 2562 907 2612 dicit
942 2560 1061 2626 [1⁰J)
1100 2563 1169 2612 H

297 2643 394 2707 ΗΙ
420 2650 471 2693 et
507 2659 889 2708 quaemmercae
918 2660 997 2694 om
1033 2642 1098 2707 νΙ
1128 2642 1282 2694 alium
1326 2644 1450 2694 CH

304 2740 363 2787 14
395 2723 755 2789 contemplatio
776 2725 844 2774 H
856 2723 1004 2791 (corr)

1005 2417 1036 2461 4
1070 2399 1266 2450 delibor
1287 2416 1319 2446 r

365 2861 409 2909 3.
504 2862 606 2897 non
651 2847 864 2897 absolute
904 2847 1042 2897 daza-ie
1086 2854 1099 2877 ⁸
1115 2846 1289 2911 libor']
1359 2849 1458 2898 See

297 2926 385 2978 the
421 2942 605 2978 comm.
636 2928 738 2978 and
774 2936 918 2979 notes
958 2943 1023 2978 on
1057 2928 1186 2979 Phil.
1225 2930 1277 2980 ii.
1310 2943 1366 2993 17
1392 2931 1452 2991 (1.

296 3026 346 3075 p.
379 3009 475 3059 226
508 3012 625 3075 sq.).
695 3010 850 3060 Thdt.
888 3010 960 3059 ad
986 3010 1037 3059 h.
1061 3011 1122 3060 l.:
1156 3012 1370 3071 σπονδὴν
1405 3012 1457 3060 δὲ

298 3089 444 3141 αὐτοῦ
466 3095 555 3154 τὴν
576 3092 778 3153 σφαγὴν
802 3092 1209 3155 προσηγόρευσεν,
1232 3092 1294 3143 ὥς
1339 3092 1458 3154 ὑπὲρ

298 3168 544 3235 εὐσεβείας
564 3173 855 3234 ἐκχεομένου
878 3175 965 3223 τοῦ
992 3176 1206 3233 αἵματος.
1274 3175 1450 3239 ChryS.

296 3252 424 3303 adds
447 3266 478 3300 a
499 3251 597 3302 less
620 3252 862 3317 probable
883 3267 1060 3302 reason
1086 3252 1160 3302 for
1182 3253 1269 3303 the
1289 3268 1377 3303 use
1403 3252 1462 3302 of

296 3337 567 3396 σπένδομαι
602 3336 770 3385 rather
809 3335 930 3384 than
964 3335 1049 3385 the
1083 3350 1221 3384 more
1252 3335 1455 3400 general

296 3420 503 3477 θόομαιε
549 3418 634 3478 τῆς
676 3418 766 3477 μὲν
807 3418 906 3479 ’γὰρ
949 3418 1116 3467 θυσίας
1160 3414 1214 3467 οὐ
1255 3419 1313 3467 τὸ
1354 3419 1454 3466 πᾶν

296 3499 587 3560 ἀναφέρεται
631 3494 702 3560 τῷ
746 3494 858 3560 θεῷ,
903 3499 991 3558 τῆς
1043 3498 1097 3546 δὲ
1147 3499 1354 3558 σπονδῆς
1394 3499 1454 3547 τὸ

761 2482 792 2530 8
827 2480 1040 2547 pludens
1080 2481 1124 2530 C
1133 2481 1200 2530 H
1259 2481 1437 2530 ludens
1448 2413 1671 2544 ἳοῗιοεζ)
1696 2480 1720 2528 l
1744 2478 1753 2544 Ι
1780 2480 1906 2530 dixit
1929 2481 2034 2530 HI
2058 2479 2067 2543 Ι
2093 2481 2189 2531 sibi
2219 2480 2323 2544 (sor
2348 2483 2423 2542 se)
2456 2481 2502 2531 C
2530 2483 2680 2544 (corr)
2701 2502 2716 2532 ε

1302 2576 1335 2628 9
1368 2563 1621 2615 habebant
1658 2562 1730 2611 C·
1784 2562 2004 2613 habebat
2038 2563 2107 2612 H
2111 2578 2143 2611 r

1772 2396 1805 2447 6
1836 2398 2173 2463 expiationem
2200 2400 2246 2449 C
2266 2397 2416 2464 (corr)
2531 2412 2557 2463 7
2592 2400 2711 2452 bon.

2291 2578 2352 2613 10
2383 2563 2717 2629 implebamus

1656 2659 1712 2695 12
1746 2660 1933 2694 corona
1970 2644 2084 2694 iust.
2116 2645 2186 2693 H
2376 2661 2434 2709 13
2468 2645 2521 2694 in
2557 2661 2636 2695 om
2677 2647 2722 2695 C

1554 2844 1986 2910 περισκεψάμενος,
2046 2847 2240 2909 ἀπορῶν
2295 2847 2537 2896 διετέλουν
2589 2848 2716 2897 τίνος

1556 2928 1716 2980 ἕνεκεν
1747 2929 1894 2980 οὕτως
1925 2930 2262 2991 μεγαληγορεῖ
2288 2931 2632 2980 Παῦλος...νῧν
2661 2931 2716 2979 δέ

1553 3028 1638 3071 μοι
1660 3011 1787 3059 δοκῶ
1808 3009 2056 3071 εὑρηκέναι
2076 3010 2143 3071 τῇ
2161 3010 2249 3058 τοῦ
2270 3011 2381 3058 θεοῦ
2401 3008 2717 3073 χάριτι...τῒρ

1556 3093 1763 3151 ἀθυμίαν
1784 3092 2227 3155 παραμυθήσασθαι
2247 3094 2478 3154 βούλεται
2504 3094 2592 3141 τοῦ
2620 3109 2712 3153 μα-

1557 3175 1721 3233 θητοῦ.
1788 3172 1902 3222 The
1933 3172 2128 3222 remark
2163 3172 2223 3221 of
2252 3172 2482 3238 Pelagius
2513 3173 2557 3222 is
2589 3174 2714 3224 both

1554 3253 1919 3305 characteristic
1954 3254 2055 3303 and
2088 3254 2341 3319 weighty=
2374 3260 2408 3284 “
2424 3256 2578 3305 modo
2611 3255 2712 3305 iam

1513 3397 1523 3407 ,
1554 3336 1864 3387 confidenter
1907 3336 2004 3386 hoc
2047 3335 2172 3386 dicit
2213 3337 2268 3385 in
2312 3343 2535 3386 extremo
2579 3336 2713 3387 uitae

1554 3417 1715 3468 limite
1758 3414 2107 3467 constitutus.”
2189 3417 2433 3467 Plaudere
2470 3433 2521 3467 se
2544 3437 2590 3460 =
2615 3418 2710 3467 sibi

1552 3515 1715 3549 seems
1737 3507 1791 3550 to
1823 3499 1888 3549 be
1920 3498 2135 3549 without
2167 3500 2428 3565 example3
2463 3500 2549 3550 the
2583 3499 2711 3549 form

293 3582 428 3630 ὅλον.
486 3580 599 3630 The
622 3578 771 3629 Latin
793 3587 1197 3640 commentators,
1220 3578 1453 3630 notwith·
1541 3582 1757 3646 pludens
1801 3581 1899 3646 (vv.
1915 3580 1991 3646 ll.)
2039 3581 2233 3632 follows
2275 3581 2362 3633 the
2405 3581 2620 3646 analogy
2658 3582 2720 3631 of

294 3662 529 3727 standing
573 3662 658 3712 the
701 3660 1014 3712 saithfiilness
1059 3660 1119 3711 of
1166 3661 1252 3710 the
1302 3660 1451 3710 Latin

293 3743 530 3804 vei-siens,
578 3743 699 3792 miss
743 3742 831 3792 the
874 3742 1018 3808 point
1063 3741 1123 3793 of
1165 3743 1445 3801 σπένδομαι,

293 3824 587 3887 contenting
610 3824 907 3874 themselves
930 3824 1053 3874 with
1076 3824 1161 3873 the
1190 3824 1308 3873 bare
1337 3823 1451 3873 idea

292 3906 352 3959 os
378 3905 632 3955 sacrificet
666 3921 713 3954 e.
722 3921 773 3970 g.
798 3906 1076 3957 Ambrstr.=
1114 3906 1449 3971 “passionem

299 3982 501 4038 ...suam
524 3986 879 4037 delibationem
895 3989 1117 4053 appellat
1137 4006 1151 4050 ς
1187 3988 1299 4038 Deo
1315 3988 1449 4038 enim

292 4071 659 4128 immolatur.
696 4071 783 4136 qui
820 4086 912 4136 pro
950 4072 1057 4121 eius
1093 4072 1279 4122 iustitia
1317 4072 1448 4137 pati-

292 4152 423 4205 tur.”

358 4234 409 4285 8.
478 4251 580 4285 non
603 4236 852 4301 plaudens
882 4236 951 4299 se]
1017 4237 1194 4302 Chrys.
1226 4238 1325 4287 had
1360 4237 1448 4287 felt

292 4316 393 4366 this
436 4315 694 4378 difficulty,
743 4316 844 4366 and
888 4316 964 4366 hit
1006 4332 1142 4381 upon
1186 4332 1217 4365 a
1260 4315 1450 4365 similar

289 4396 537 4447 solution:
594 4393 832 4447 πολλάκις
873 4399 960 4447 τὸν
1002 4398 1280 4447 ἀπόστολον
1323 4398 1449 4457 μετὰ

290 4479 456 4539 χεῖρας
498 4479 665 4540 λαβὼν
706 4479 808 4541 ἐγὼ
849 4480 930 4531 καὶ
972 4481 1032 4528 τὸ
1073 4480 1251 4544 χωρίον
1302 4480 1448 4528 τοῦτο

464 4592 515 4640 S.
556 4590 628 4640 11.

1550 3661 2048 3714 cludere=claudere
2067 3660 2306 3725 (Riinsch,
2326 3664 2478 3722 Itala,
2498 3679 2547 3727 p.
2571 3662 2708 3726 465).

1622 3759 1700 3793 12.
1758 3743 1817 3793 de
1844 3743 2265 3804 ceter01=>=otrbm
2334 3743 2407 3794 So
2440 3742 2526 3793 the
2560 3744 2625 3793 Ο.
2645 3744 2702 3792 L.

1551 3825 1839 3890 generally;
1874 3825 2075 3881 Ambr..
2100 3825 2371 3886 Ambrstr.,
2412 3825 2599 3889 “quod
2633 3840 2707 3874 re·

1549 3908 1743 3973 liquum
1766 3915 1841 3957 est
1862 3904 1920 3967 ;’'
1955 3906 2128 3971 vulg„
2161 3905 2263 3955 “in
2288 3903 2533 3970 reliquo-’²

1623 4004 1698 4051 14.
1741 3988 2142 4051 contemplatione
2164 3987 2409 4048 laborum]
2455 3986 2707 4050 Similarly

1551 4069 1759 4134 Chrys:
1793 4066 2097 4127 δικαιοσύνην
2130 4069 2341 4117 ἐνταῦθα
2372 4072 2463 4129 τὴν
2495 4070 2707 4118 καθόλου

1550 4154 1701 4213 φησιν
1721 4149 1913 4213 ἀρετήν.
1957 4151 2115 4201 Thdt.
2139 4151 2307 4201 would
2330 4151 2562 4201 combine
2583 4152 2704 4202 with

1549 4235 1650 4284 this
1697 4234 2020 4299 explanation
2073 4235 2298 4297 another,
2354 4234 2494 4285 “the
2535 4251 2704 4285 crown

1550 4312 1716 4362 which
1745 4313 1935 4376 Justice
1966 4311 2233 4364 awards:”
2265 4315 2351 4363 τὸν
2383 4315 2482 4365 τοῖς
2512 4316 2706 4365 δικαίοις

1548 4393 1925 4458 ηὐτρεπισμένον
1980 4397 2132 4457 λέγει,
2192 4394 2278 4445 τὸν
2331 4397 2492 4460 δικαία
2554 4399 2706 4459 ψήφῳ

1548 4474 1854 4540 δωρούμενον.

2453 4590 2522 4655 15
