3221 5116
458 421 588 473 200
1136 411 1592 470 THEODORUS
1638 412 2223 470 MOPSUESTENUS
2521 402 2601 487 [Ι.
2642 418 2738 480 12,
2794 417 2889 484 13.

459 593 548 659 ad
572 613 766 659 eum:
811 612 937 657 non
967 611 1116 674 ergo
1142 590 1483 656 erubescas.
1572 598 1643 656 et
1671 589 2037 656 ostendens
2067 587 2387 672 quoniam
2431 588 2607 655 iusta
2637 587 2895 654 ratione

460 699 659 763 docet
691 717 827 761 non
860 694 1282 761 erubescere:
2905 689 2922 699 ’

593 856 722 921 scio
769 853 916 938 (ait)
966 853 1077 918 cui
1118 852 1370 917 credidi
1408 861 1473 917 et
1514 860 1725 917 certus
1768 872 1920 916 sum
1968 850 2280 935 quoniam
2321 861 2548 937 potens
2587 861 2686 918 est
2728 874 2894 919 com-

464 960 843 1027 mendatum
874 978 1088 1023 meum
1115 956 1433 1023 custodire
1462 956 1533 1022 in
1566 956 1757 1021 illum
1787 957 1977 1023 diem.

402 1108 434 1177 5
598 1093 791 1153 ‘nam
867 1097 936 1154 et
997 1087 1198 1155 ualde
1240 1084 1528 1172 ⁹(inquit)
1612 1085 2029 1169 supplicatus
2111 1086 2432 1169 quoniam
2508 1083 2682 1170 †qui
2769 1107 2893 1169 spe

466 1191 837 1257 futurorum
913 1212 1127 1256 arram
1208 1190 1496 1273 Spiritus
1576 1188 1769 1273 quasi
1829 1188 2174 1271 quandam
2237 1188 2891 1255 commendationem

468 1295 631 1360 mihi
658 1295 860 1374 dedit,
891 1295 1225 1360 custodiet
1254 1294 1382 1359 hoc
1427 1291 1842 1371 inuiolatum,
1875 1302 1952 1357 ut
1988 1291 2355 1375 perfectam
2400 1301 2561 1358 tunc
2603 1292 2894 1377 Spiritus

467 1399 753 1483 gratiam
786 1400 1060 1483 adsequi
1090 1400 1425 1483 possimus
1454 1419 1471 1477 ;
1517 1399 1584 1462 in
1616 1418 1753 1481 qua
1781 1417 1901 1480 spe
1937 1397 2024 1462 ad
2056 1416 2369 1481 praesens
2398 1395 2574 1461 hanc
2605 1396 2894 1479 Spiritus

469 1503 755 1588 gratiam
787 1513 862 1570 ut
893 1524 1109 1569 arram
1142 1502 1440 1569 adsecuti
1471 1499 1780 1567 sumusss*

368 1662 446 1710 10
584 1648 1057 1733 formationem
1103 1648 1265 1714 habe
1320 1668 1636 1713 sanorum
1698 1645 2040 1712 uerborum
2100 1667 2264 1731 quae
2311 1667 2356 1710 a
2395 1666 2496 1710 me
2533 1644 2791 1711 audisti
2826 1644 2896 1710 in

452 1753 598 1838 fide
623 1763 688 1817 et
711 1753 982 1817 can'tate
1008 1772 1171 1834 quae
1197 1760 1294 1816 est
1322 1751 1393 1815 in
1431 1749 1687 1818 Christo
1716 1748 1868 1814 Iesu
1898 1749 2158 1814 domino
2187 1758 2418 1815 nostre.
2907 1743 2913 1748 ’

605 1893 896 1952 ‘mernor
924 1895 1069 1952 esto
1110 1886 1455 1951 doctrinae
1500 1906 1693 1950 meae
1732 1894 1804 1951 et
1850 1906 1932 1949 ea
1972 1905 2147 1969 quae
2190 1906 2233 1950 a
2272 1905 2383 1950 me
2416 1905 2620 1969 saepe
2649 1885 2896 1951 audisti

473 1991 738 2056 dicente
796 1991 918 2055 tibi
977 1991 1065 2056 de
1124 1990 1256 2056 fide
1331 1990 1446 2056 illa
1519 2007 1727 2074 quam
1806 1991 1958 2055 Deo
2028 1989 2349 2055 exhibere
2432 1991 2774 2067 debemu3‚
2826 2001 2898 2056 et

475 2094 750 2159 caritate
796 2093 913 2158 illa
950 2114 1125 2178 quae
1171 2095 1539 2159 secundum
1590 2092 1934 2159 Christum
1977 2089 2117 2158 est?
2203 2092 2376 2159 bene
2420 2103 2647 2159 autem
2685 2095 2899 2161 dixit:

371 2328 395 2372 1
409 2323 442 2391 5
602 2299 620 2326 ‘
634 2290 695 2377 [ὅ
737 2294 852 2359 νῦν
879 2289 994 2359 τὸν
1030 2289 1390 2381 ἀρραβῶνα
1426 2294 1545 2359 τοῦ
1578 2291 1977 2376 πνεύματος]
2020 2289 2252 2377 ὥσπερ
2287 2289 2436 2359 τινὰ
2469 2297 2861 2380 παρακαταθή

476 2416 594 2457 mm
642 2418 758 2474 μοι
815 2392 1107 2464 δεδωκὼς
1165 2391 1267 2462 ἐπ’
1327 2391 1550 2460 ἐλπίδι
1607 2396 1744 2460 τῶν
1799 2391 2202 2478 μελλόντων,
2246 2391 2653 2481 διαφυλάξαι
2702 2396 2898 2460 τοῦτο

473 2496 793 2587 ἀκέραιον,
826 2495 939 2566 ἐπὶ
983 2500 1079 2587 τῷ
1120 2495 1242 2581 τὴν
1283 2494 1564 2579 ὁλοτελῆ
1596 2521 1682 2582 με
1724 2495 1876 2564 τότε
1913 2499 2032 2563 τοῦ
2071 2494 2440 2583 πνεύματος
2485 2495 2899 2584 κομίσασθαι

474 2602 691 2692 χάριν,
725 2599 802 2684 ἧς·
845 2598 949 2670 ἐπ’
991 2599 1220 2668 ἐλπίδι
1263 2600 1402 2668 νυνὶ
1444 2599 1842 2685 κεκόμισμαι
1885 2599 2162 2683 ‘ratim-nv?

577 2766 607 2801 α
641 2748 712 2801 ait
736 2748 852 2815 (ast
881 2747 1189 2814 erubescere)
1222 2749 1331 2800 add
1344 2766 1377 2799 r
1678 2763 1709 2813 3
1742 2749 1814 2799 ait
1834 2766 1913 2800 om
1935 2765 1968 2798 r
1991 2747 2001 2815 Ι
2030 2748 2149 2816 quia
2170 2765 2222 2815 p.
2250 2765 2280 2800 e
2300 2750 2586 2816 depositum
2608 2766 2777 2801 meum
2797 2765 2901 2800 ser·

472 2847 594 2883 nare
626 2848 659 2882 r
900 2829 934 2881 6
966 2830 1115 2880 arrha
1137 2846 1170 2880 r
1413 2846 1474 2881 10
1506 2828 1719 2881 formam
1741 2830 1899 2880 habes
1920 2846 1953 2879 r
2184 2846 2238 2881 11
2276 2831 2546 2882 dilectione
2568 2831 2621 2881 in
2644 2831 2773 2880 Chr.
2797 2831 2845 2879 Ι.
2869 2846 2903 2879 r

480 2929 536 2965 ια
570 2911 742 2963 uidisti
767 2910 881 2978 (sor
901 2911 1040 2977 aud.)
1070 2913 1113 2962 C
1131 2912 1246 2963 Hr
1487 2927 1546 2977 13
1580 2927 1613 2961 a
1634 2912 1731 2961 deo
1752 2912 1820 2962 H
2035 2923 2092 2975 15
2127 2927 2204 2978 sq.
2231 2912 2388 2963 Coisl.
2418 2927 2530 2975 204,
2557 2914 2594 2965 f.
2622 2916 2767 2978 213b
2789 2915 2898 2978 [Cr.

474 2996 560 3046 vii.
585 2996 667 3053 60,
692 2996 777 3043 Fr.
807 2993 920 3057 156]
945 2990 1192 3056 θεόδωρος·
1223 2991 1370 3047 mm
1393 2994 1446 3045 δὲ
1479 2991 1629 3044 πάλιν
1661 2995 1811 3057 φησὶν
1840 2992 2256 3057 παρακαταθήκην
2287 2996 2526 3057 λέγεσθαι
2557 2998 2638 3045 νῦν
2670 2991 2756 3046 τὸν
2793 2995 2896 3061 cipp.

474 3073 564 3127 τοῦ
591 3093 671 3128 w.
703 3074 756 3125 ὃν
780 3074 957 3140 ὥσπερ,
987 3078 1135 3128 rank.

475 3208 849 3270 παρηγγύησεν.
906 3206 1158 3257 Lanfranc
1185 3204 1308 3257 cites
1330 3207 1445 3257 bene
1462 3207 1639 3273 posuit

480 3288 799 3339 ...σήψει-τω.

1735 3210 1828 3269 τὴν
1887 3207 2286 3268 ἀντιμισθίαν.
2364 3208 2648 3259 Ambrstr.z
2724 3209 2898 3276 “quid

1735 3296 1904 3338 autem
1961 3287 2037 3337 illi
2093 3289 2429 3350 commendat,
2484 3289 2581 3339 nisi
2640 3291 2897 3341 salutem

1736 3366 1962 3420 suam?”
2033 3369 2205 3420 Sedul.
2244 3371 2414 3421 Scot.:
2455 3371 2770 3433 “animam‚
2814 3372 2898 3422 uel

482 3450 719 3499 “comm.
754 3465 823 3498 m.
868 3465 1064 3499 seruare
1078 3449 1127 3509 ;”
1174 3451 1446 3509 Ambrstr„
1500 3453 1635 3502 “de-
1735 3451 2069 3516 praemium.’'
2138 3452 2222 3502 On
2247 3452 2332 3504 the
2351 3470 2480 3503 arra
2501 3455 2727 3520 Spiritus
2748 3470 2831 3506 see
2853 3467 2890 3505 1.

477 3534 697 3600 positum
740 3547 808 3583 m.
843 3530 1152 3591 custodire;'’
1203 3532 1373 3599 Vulg„
1422 3534 1524 3583 “d.
1561 3550 1630 3585 m.
1738 3548 1790 3596 p.
1820 3546 1902 3595 43,
1925 3531 1962 3581 l.
1992 3547 2068 3593 ια,
2096 3533 2186 3583 &c-

477 3616 731 3669 seruare.”
799 3616 902 3666 For
928 3615 1318 3666 commendatum
1345 3632 1429 3667 see
1450 3617 1630 3679 above,
1805 3625 1849 3677 7.
1917 3614 2464 3679 perfictam...adrxuti
2496 3616 2692 3680 sumus]
2745 3616 2897 3668 Cited

478 3716 546 3750 on
573 3715 594 3750 1
621 3699 755 3751 Tim.
784 3699 848 3751 vi.
884 3713 959 3748 10.
1735 3693 1806 3758 by
1828 3695 2096 3746 Lanfranc.

543 3385 588 3432 3.
645 3367 1035 3417 commendatum
1058 3384 1123 3418 m.
1142 3368 1404 3432 custodire]
1436 3370 1636 3429 Ambr„

547 3796 594 3843 5.
662 3778 985 3845 suppltkatus]
1046 3778 1364 3844 Apparently
1407 3795 1439 3829 a
1481 3780 1637 3845 depo·

479 3868 630 3920 nent3
663 3861 751 3911 the
772 3861 901 3910 lexx.
931 3860 1114 3925 supply
1135 3876 1203 3910 no
1224 3861 1468 3924 example.

544 3938 596 3989 6.
661 3956 839 3990 arram
868 3940 955 4004 Sp.
985 3940 1145 4005 quasi,
1180 3939 1295 4003 δια]
1341 3941 1413 3991 So
1442 3940 1636 3992 Thdt.:

482 4020 642 4084 θαρρῶ
669 4018 955 4083 γὰρ...ὅσην
986 4022 1234 4084 παρέσχεν
1264 4037 1346 4081 μοι
1379 4024 1467 4070 τοῦ
1499 4018 1637 4070 πνεύ-

479 4116 630 4160 ματος
651 4101 808 4163 χάριν,
838 4100 1076 4161 ἀκήρατον
1096 4099 1313 4161 φυλάξει.
1372 4102 1472 4150 For
1494 4102 1641 4152 other

480 4181 884 4247 interpretations
905 4181 971 4231 cs.
992 4182 1170 4246 Chrys.
1203 4183 1275 4233 τίς
1296 4180 1328 4243 ἢ
1350 4185 1610 4246 ταραθήκη
1622 4199 1639 4244 3

479 4265 513 4327 ἠ
547 4267 763 4321 πίστις,
797 4265 855 4313 τὸ
877 4264 1127 4327 κήρυγμα·
1160 4261 1193 4326 ἢ
1222 4268 1355 4316 τοὺς
1387 4267 1639 4317 πιστοὺς

1806 3790 1881 3827 10.
1938 3776 2319 3841 formationem]
2353 3778 2417 3829 O.
2447 3779 2533 3838 L.,
2556 3777 2729 3844 Vulg..
2754 3778 2894 3829 “sor-

1737 3873 1874 3907 mam
1885 3857 1933 3916 ;'’
1950 3858 2094 3909 Hier.
2105 3896 2119 3921 ,
2136 3859 2307 3910 Sedul.
2332 3860 2488 3917 Scot„
2510 3861 2896 3926 “exemplunm''

1737 3940 1818 3991 cf.
1874 3955 1895 3989 1
1953 3939 2088 3990 Tim.
2134 3940 2168 3990 i.
2220 3940 2295 3991 16.
2360 3941 2582 3991 Caritate
2620 3959 2758 4007 quae,
2802 3943 2894 3993 dte.

1740 4017 1934 4082 (ἀγάπῃ
1949 4019 2027 4081 τῇ,
2051 4018 2249 4084 κ.τ.λ.);
2268 4019 2768 4084 Vulg.,“dilectione
2789 4020 2899 4083 in,’'

1739 4099 1828 4150 διο.
1868 4101 2088 4150 Domino
2110 4109 2272 4150 nostro
2293 4100 2337 4150 is
2356 4102 2713 4166 unsupported.

1811 4196 1887 4243 14.
1954 4181 2068 4230 bene
2108 4188 2272 4231 autem
2316 4182 2464 4244 dm’t,
2509 4181 2623 4245 δια]
2682 4183 2807 4241 Th..
2841 4200 2899 4235 as

1740 4262 2058 4326 represented
2091 4263 2159 4327 by
2185 4279 2276 4313 our
2305 4264 2615 4325 translation,
2654 4266 2804 4316 omits
2842 4272 2899 4317 to

479 4347 620 4407 λέγει
648 4345 738 4403 τὴν
769 4340 1201 4407 παρακαταθήκην,
1235 4340 1296 4405 ἤν
1317 4345 1343 4395 ὁ
1368 4347 1471 4395 θεὸς
1509 4343 1640 4409 αὐτῷ
1734 4341 1910 4408 justify
1948 4344 2026 4394 his
2064 4346 2398 4410 approbation
2436 4346 2495 4397 of
2527 4347 2613 4396 the
2643 4346 2899 4412 Apostle's

481 4427 733 4488 παρέθετο,
763 4422 795 4485 ἢ
815 4424 873 4485 ἥν
896 4421 1038 4476 αὐτὸς
1059 4422 1129 4486 τῷ
1151 4426 1248 4486 θεῷ·
1268 4425 1414 4486 (Acts
1435 4443 1517 4476 xx.
1535 4427 1636 4491 32).

481 4507 673 4572 Thpht.
699 4505 845 4569 (after
864 4506 1124 4572 repeating
1146 4506 1371 4571 Chrys.):
1403 4505 1637 4570 ἦ...λέγει

1738 4423 1913 4475 cboice
1939 4425 2000 4475 of
2025 4440 2057 4474 a
2085 4427 2238 4477 word.
2324 4427 2480 4477 Thdt.
2521 4425 2666 4492 (aster
2697 4428 2901 4493 Chrys.)

1741 4505 1963 4573 supplies
1995 4507 2097 4559 this
2129 4508 2418 4575 deficiency,
2450 4508 2751 4575 illustrating
2785 4509 2899 4560 ὑπο-
