3221 5116
987 411 1067 459 IN
1120 412 1222 460 ΕΡ.
1271 411 1372 459 AD
1422 410 1945 460 PfflLEMONEM.
2530 405 2657 472 259

235 575 550 643 idoneum
600 602 751 645 eum
802 582 1143 659 exhibenS,
1194 583 1311 646 sed
1361 591 1426 646 et
1473 583 1742 664 pietatis
1781 603 1932 654 eum
1971 581 2218 645 habere
2249 583 2478 646 docuit
2508 583 2655 646 dili-

234 683 553 761 gentiam.
625 685 851 747 scribit
882 706 1040 767 ergo
1073 686 1140 749 in
1171 685 1296 748 hac
1326 684 1608 767 epistola
1643 684 2012 747 Philemoni
2046 684 2394 767 postulans
2425 695 2499 749 ut
2533 687 2657 769 ipsi

237 783 560 850 Onesimo
592 809 712 869 pro
744 790 987 871 quibus
1011 790 1265 853 dudum
1294 789 1662 872 deliquerat
1686 790 1949 852 ueniam
1978 789 2315 865 tribueret,
2337 790 2656 870 reciperet

233 906 391 951 uero
422 910 574 954 eum
609 893 675 954 in
707 893 946 956 affectu
981 894 1069 956 ob
1101 904 1518 975 praesentem
1553 895 1876 976 propositi
1910 894 2050 956 eius
2081 893 2576 956 correctionem.

364 993 480 1055 sed
536 1007 1004 1076 argumentum
1067 998 1337 1080 quidem
1401 998 1725 1080 epistolae
1786 998 1851 1060 in
1913 997 2014 1061 his
2075 997 2371 1061 habetur.
2490 995 2652 1079 quid
2728 1014 2760 1082 5

232 1112 390 1157 uero
443 1115 532 1158 ex
579 1118 658 1159 ea
706 1098 866 1162 lucri
916 1102 1125 1181 possit
1173 1099 1433 1182 adquiri
1482 1101 1796 1163 conuenit
1850 1101 2261 1163 manifestius
2315 1099 2652 1182 explicari,

231 1197 389 1277 quia
462 1218 584 1261 nec
658 1202 968 1266 omnibus
1031 1203 1096 1265 id
1173 1203 1490 1265 existimo
1551 1223 1746 1284 posse
1807 1223 1949 1266 esse
2011 1205 2393 1286 cognitum;
2469 1205 2652 1285 quod

235 1304 530 1367 maxime
592 1305 796 1367 etiam
854 1307 994 1388 ipse
1047 1327 1085 1368 a
1141 1305 1332 1369 nobis
1377 1306 1608 1368 disseri
1663 1307 2030 1386 postulasti.
2121 1307 2407 1388 primum
2470 1291 2654 1387 equi-

231 1407 385 1468 dem
470 1406 631 1469 illud
712 1417 812 1471 est
896 1408 1427 1490 perspiciendum
1518 1409 1676 1491 quia
1757 1411 2289 1491 quattuordecim
2374 1431 2651 1476 numero

230 1519 387 1571 sunt
437 1509 759 1591 epistolae
819 1532 1053 1574 omnes
1119 1511 1325 1573 Pauli.
1421 1532 1507 1574 ex
1570 1511 1672 1575 his
1732 1533 1893 1575 uero
1946 1513 2114 1576 aliae
2173 1515 2443 1596 quidem
2494 1525 2649 1579 sunt

232 1613 517 1692 scriptae
576 1612 660 1675 ad
723 1613 1031 1677 ecclesias
1110 1613 1418 1694 integras,
1478 1615 1674 1677 sicuti
1733 1626 1889 1680 sunt
1949 1618 2269 1698 epistolae
2328 1639 2502 1701 quae
2561 1621 2648 1685 ad

235 1713 579 1779 Romanos
626 1726 693 1781 et
741 1718 1120 1782 Corinthios
1166 1703 1233 1781 et
1284 1719 1632 1782 Hebraeos
1678 1731 1746 1783 et
1781 1721 2108 1803 Ephesios
2149 1731 2216 1785 et
2261 1722 2535 1787 Galatas
2581 1733 2649 1788 et

236 1816 690 1900 Philippenses
734 1830 801 1882 et
859 1819 1289 1884 Colossenses
1342 1831 1409 1885 et
1464 1821 2096 1890 Thessalonicenses
2144 1827 2428 1908 scriptae
2476 1839 2647 1892 sunt.

231 1920 402 1984 aliae
432 1943 591 1986 uero
622 1934 778 1988 sunt
810 1924 1129 2006 speciales
1161 1924 1247 1988 ad
1281 1926 1537 2008 aliquos
1568 1928 1873 2010 scriptae,
1904 1930 2074 1992 sicut
2104 1939 2260 1993 sunt
2292 1929 2443 1994 illae
2475 1952 2648 2014 quae

232 2023 318 2085 ad
380 2026 812 2091 Timotheum
874 2041 942 2093 et
1002 2031 1230 2093 Titum
1294 2041 1450 2093 sunt
1510 2032 1810 2114 scriptae,
1873 2053 2045 2115 quae
2126 2055 2246 2115 pro
2305 2036 2644 2098 communi

232 2128 519 2194 utilitate
562 2134 866 2197 similiter
899 2136 1183 2217 scriptae
1219 2143 1390 2209 sunt,
1427 2136 1581 2199 licet
1626 2135 1945 2218 speciales
1982 2158 2127 2200 esse
2168 2139 2648 2220 perspiciantur

229 2250 309 2292 ea
369 2236 625 2300 ratione
699 2259 830 2320 qua
905 2239 1087 2322 ipsae
1162 2240 1484 2321 epistolae
1565 2241 1653 2303 ad
1727 2251 1942 2304 certas
2018 2263 2331 2323 personas
2410 2251 2647 2325 utpote

229 2337 548 2415 speciales
578 2351 734 2403 sunt
764 2343 1087 2423 scriptae;
1136 2351 1361 2406 tamen
1394 2343 1550 2426 quia
1582 2344 1915 2408 instruunt
1945 2364 2060 2407 eos
2102 2345 2284 2426 ipsae
2325 2345 2646 2427 epistolae

230 2441 389 2521 quid
424 2463 538 2505 eos
578 2446 935 2508 conueniat
967 2444 1197 2516 facere,
1242 2466 1330 2509 ex
1369 2445 1612 2528 quibus
1654 2444 1782 2509 hoc
1822 2467 2177 2510 commune
2208 2469 2351 2510 esse
2382 2449 2648 2511 uidetur

230 2544 514 2628 plurima
567 2567 656 2610 ex
711 2557 899 2629 parte
949 2548 1037 2612 ob
1091 2549 1406 2612 insertam
1441 2550 1505 2613 in
1539 2547 1799 2612 hisdem
1833 2549 2168 2627 uirtutem,
2204 2549 2319 2614 illa
2363 2571 2534 2633 quae
2577 2552 2638 2615 in
2676 2557 2761 2604 20

228 2669 583 2712 commune
616 2649 682 2711 in
715 2651 989 2714 ecclesia
1021 2653 1128 2733 agi
1161 2652 1563 2715 conueniant
1602 2652 1712 2715 uel
1743 2652 1924 2735 quali
1955 2655 2185 2716 ordine
2216 2655 2323 2736 agi
2356 2656 2645 2720 debeant

229 2755 496 2818 edocuit
526 2775 656 2818 eos
735 2754 1009 2818 euidens
1041 2763 1142 2817 est
1173 2763 1399 2817 autem
1432 2757 1750 2837 quoniam
1775 2757 1993 2819 omnis
2024 2756 2425 2838 quicumque
2455 2780 2644 2839 prae-

229 2878 374 2922 esse
402 2860 845 2937 constituitur,
877 2880 1338 2942 quaecumque
1383 2860 1622 2922 doctus
1663 2859 1857 2922 fuerit
1897 2880 2017 2941 pro
2058 2860 2396 2922 communi
2431 2860 2644 2924 facere

2688 1536 2766 1584 10

1248 3086 1277 3133 3
1312 3069 1676 3133 derelinquerat
1699 3070 1766 3118 Η
1859 3067 2121 3134 reliquerat
2145 3084 2178 3117 r
2457 3082 2484 3130 5
2521 3068 2643 3133 quid

1409 3149 1440 3199 6
1472 3150 1596 3200 lucri
1620 3168 1681 3200 ex
1704 3167 1764 3200 ea
1785 3151 1852 3199 Η
1870 3150 1877 3213 Ι
1910 3150 2158 3199 cumutnit
2188 3148 2257 3199 C*
2291 3147 2300 3212 Ι
2327 3149 2575 3214 explicare
2604 3151 2649 3198 C

327 3082 354 3116 2
391 3067 442 3117 in
466 3067 596 3117 hanc
617 3068 879 3133 epistolam
903 3069 971 3117 II

226 3149 637 3199 uero...sirniliter
662 3152 745 3214 (p.
772 3149 880 3211 261,
910 3152 945 3200 l.
972 3150 1019 3211 5)
1040 3166 1118 3198 om
1143 3166 1175 3198 r

224 3234 494 3299 explectari
514 3231 615 3297 (sic)
631 3234 699 3282 H
819 3234 849 3280 8
882 3232 953 3282 eri
976 3233 1076 3281 iam
1096 3232 1212 3296 (fhr
1224 3232 1394 3291 etiam)
1417 3231 1488 3283 C*
1532 3232 1638 3281 heri
1663 3233 1761 3280 iam
1786 3232 1829 3281 C
1844 3232 1991 3291 (corr)
2132 3245 2190 3280 10
2223 3246 2396 3280 omnes
2413 3245 2494 3295 ep.
2513 3231 2568 3278 P.
2584 3233 2652 3280 H

232 3326 289 3375 17
325 3328 453 3377 quae
476 3312 591 3376 (for
614 3314 732 3376 qua)
761 3312 831 3360 C*
900 3313 1017 3376 quia
1046 3313 1090 3360 C
1110 3312 1255 3372 (corr)
1306 3311 1314 3375 Ι
1345 3319 1396 3360 ut
1424 3311 1541 3375 (sor
1560 3314 1758 3377 utpote)
1787 3311 1856 3361 C*
1884 3312 1989 3373 (but
2009 3311 2132 3360 with
2160 3312 2342 3359 lacuna
2358 3311 2641 3374 following)

224 3404 280 3446 ut
303 3403 352 3445 et
383 3398 426 3444 C
445 3395 593 3455 (corr)
799 3396 855 3443 18
888 3409 980 3443 scr.
1005 3400 1118 3442 sunt
1140 3395 1207 3442 Η
1400 3408 1458 3458 19
1491 3393 1721 3443 uidentur
1748 3393 1819 3443 C·
1849 3394 1910 3441 ll
2099 3408 2156 3442 υ
2194 3400 2266 3441 est
2288 3408 2365 3441 om
2390 3393 2457 3441 Η

294 3581 341 3627 8.
416 3575 862 3641 ip5e...poslulaslz]
898 3576 1012 3633 1.e.‚
1035 3576 1279 3640 Cyrinus;
1312 3576 1374 3625 cf.

226 3670 265 3706 1.
302 3674 386 3723 pp.
428 3659 494 3717 xi,
522 3666 640 3706 note
669 3673 709 3716 ι,
744 3656 881 3715 lxiii3
919 3668 980 3705 11.
1016 3671 1067 3721 p.
1106 3659 1216 3719 238,
1258 3657 1289 3704 l.
1336 3672 1377 3715 1,

225 3748 360 3787 note.
432 3740 507 3787 Os
535 3739 634 3788 this
658 3737 872 3803 Cyrinus
895 3738 1108 3801 nothing
1136 3754 1297 3787 seems
1332 3746 1384 3787 to

226 3818 291 3866 be
311 3818 550 3881 certainly
574 3818 774 3867 known.
850 3818 935 3867 He
957 3832 1051 3866 can
1078 3817 1298 3880 scarcely
1320 3817 1383 3866 be

226 3900 462 3949 identical
487 3901 606 3949 with
643 3901 726 3949 the
753 3917 932 3965 enemy
954 3900 1012 3949 of
1040 3902 1238 3965 Chrys„
1266 3901 1384 3950 who

226 3996 329 4030 was
361 3980 456 4044 Bp.
490 3980 547 4029 of
575 3981 885 4038 Chalcedon,
920 3982 1009 4031 but
1044 3982 1101 4031 of
1130 3981 1384 4045 Egyptian

225 4063 403 4128 origin,
423 4063 523 4112 and
542 4063 656 4112 who
680 4063 795 4112 died
820 4076 872 4111 Α.
888 4077 940 4111 1).
965 4079 1058 4126 405
1081 4064 1175 4124 (Le
1194 4065 1375 4127 Quien‚

231 4147 408 4196 Oriens
446 4145 566 4193 Chr.
606 4157 642 4192 ι.
680 4143 816 4207 όοι).
885 4146 1113 4194 Another
1149 4146 1380 4208 Cyrinus»,

225 4229 321 4292 Bp.
350 4226 408 4276 of
432 4227 626 4285 Patara,
656 4241 757 4274 was
780 4234 978 4289 present
1006 4235 1056 4275 at
1089 4226 1379 4277 Chalcedon

223 4306 276 4355 in
301 4322 427 4370 451³
460 4306 521 4355 cf.
553 4307 626 4354 Le
650 4306 835 4367 Quien‚
860 4321 908 4369 p.
939 4309 1050 4372 978.

288 4400 336 4450 9.
412 4385 800 4450 quattuordecim
825 4385 1050 4445 numero]
1100 4384 1181 4435 Cf.
1215 4386 1379 4435 Const.

223 4473 371 4531 apost.
392 4469 454 4530 84
473 4485 485 4515 τ
509 4468 708 4516 Παύλου
730 4468 987 4515 ἐπιστολαὶ
1013 4468 1379 4529 δεκατέσσαρες.

1486 3576 1670 3625 Euseb.
1710 3575 1783 3625 H.
1803 3577 1870 3624 E.
1902 3575 1971 3623 iii.
2014 3588 2067 3624 2:
2105 3576 2189 3621 τοῦ
2220 3574 2273 3622 δὲ
2295 3571 2493 3621 Παύλου
2526 3570 2636 3634 πρό-

1486 3659 1622 3716 δηλοι
1658 3659 1736 3705 καὶ
1771 3658 1940 3717 σαφεῖς
1971 3657 2014 3703 οἱ
2049 3656 2410 3717 δεκατέσσαρες.
2478 3654 2634 3704 Thdt.

1473 3739 1604 3802 prol.
1644 3739 1701 3786 in
1736 3739 1867 3802 Epp.
1909 3737 2098 3786 Pauli:
2146 3736 2232 3784 τὰς
2275 3736 2506 3795 τέτταρας
2549 3735 2638 3792 μὲν

1487 3823 1563 3868 καὶ
1633 3823 1749 3869 δέκα
1813 3821 2075 3868 ἐπιστολὰς
2128 3814 2155 3865 ὁ
2211 3835 2326 3873 μακ.
2386 3819 2637 3878 ’γέγραφεν

1484 3900 1695 3948 Παῦλος.
1755 3900 1839 3947 On
1870 3896 2015 3947 Th.'s
2047 3897 2205 3946 belief
2233 3898 2284 3946 in
2318 3896 2402 3945 the
2433 3898 2638 3945 Pauline

1482 3978 1776 4042 authorship
1811 3978 1870 4027 os
1898 3979 1982 4027 the
2020 3978 2117 4041 Ep.
2160 3984 2213 4026 to
2247 3977 2333 4025 the
2369 3976 2632 4036 Hebrews,

1483 4076 1564 4109 see
1590 4073 1625 4108 1.
1656 4076 1703 4125 p.
1741 4073 1846 4122 129,
1875 4059 1907 4107 1.
1944 4073 2018 4107 ιο.

1553 4157 1630 4189 12.
1692 4139 1977 4187 Corinthios
2006 4144 2054 4187 ct
2081 4137 2346 4199 Hebraeos]
2393 4138 2489 4188 See
2514 4149 2550 4186 1.
2580 4153 2629 4202 p.

1484 4219 1561 4283 76,
1584 4221 1619 4269 l.
1645 4234 1718 4279 10,
1741 4228 1877 4268 note.
1922 4220 2077 4269 Thdt.
2100 4221 2229 4279 (Le.)
2248 4221 2416 4284 places
2430 4220 2515 4269 the
2535 4220 2634 4284 Ep.

1482 4311 1535 4352 to
1574 4302 1659 4351 the
1700 4301 1946 4350 Hebrews
1981 4300 2032 4348 in
2069 4301 2216 4350 order
2251 4299 2308 4350 of
2355 4301 2476 4350 time
2510 4300 2636 4349 after

1482 4385 1762 4443 Philemon,
1835 4383 2115 4446 Ephesians
2171 4382 2273 4431 and
2348 4382 2636 4432 Colossinus

1482 4467 1626 4525 (μετὰ
1648 4467 1840 4514 τούτους
1855 4463 2095 4527 Ἑβραίοις
2125 4465 2441 4521 ἐπέστειλεν).

2256 4585 2278 4629 1
2291 4582 2459 4647 7--2
