3221 5116
486 387 610 452 104

1145 380 1603 435 THEODORUS
1652 380 2239 435 MOPSUESTENUS

2646 367 2803 452 [ΙΙΙ.
2838 384 2894 432 2.

478 552 666 616 illum
698 551 811 636 qui
842 560 997 635 post
1026 553 1455 636 amissionem
1490 554 1746 636 primae
1787 553 2152 619 secundam
2193 575 2477 620 uxorem
2510 577 2631 620 suo
2662 555 2897 620 ordine

478 658 721 740 accipit
757 657 843 721 ad
876 657 1335 741 episcopatum
1367 659 1643 741 produci
1677 659 2047 743 prohibeat.
2136 660 2250 744 qui
2283 662 2462 724 enim
2494 661 2673 725 dixit
2701 686 2715 725 ε
2756 660 2897 724 dico

478 770 696 825 autem
750 762 1040 846 innuptis
1086 772 1152 827 et
1192 762 1431 841 uiduis,
1478 773 1547 828 et
1594 764 1791 829 simul
1836 766 2245 849 coniungens
2298 767 2638 849 utriusque
2690 785 2893 830 unam

481 865 699 948 legem
759 867 942 931 uisus
1001 877 1104 932 est
1164 868 1678 953 deprompsisse,
1739 871 2017 935 euidens
2076 879 2180 935 est
2239 871 2420 954 quod
2480 891 2688 935 unum
2750 888 2896 932 esse

419 970 779 1053 sutrisque
851 970 1306 1036 existimabat.
1398 972 1561 1056 quid
1637 973 1815 1037 enim
1890 972 2115 1037 differt
2190 972 2557 1038 secundum
2618 983 2896 1037 naturae

482 1062 741 1139 motum
802 1082 919 1138 aut
972 1074 1059 1138 ad
1113 1073 1386 1157 plenum
1438 1095 1575 1139 non
1619 1074 1950 1152 habuisse,
1998 1085 2117 1141 aut
2159 1075 2473 1142 habuisse
2513 1078 2785 1162 quidem
2827 1088 2897 1143 et

483 1178 786 1243 amisisse
814 1185 883 1241 et
912 1196 1047 1243 non
1076 1175 1325 1241 habere
1351 1178 1377 1242 Ρ
1466 1198 1623 1242 nam
1666 1178 2047 1244 huiusmodi
2090 1181 2261 1244 ratio
2304 1181 2519 1264 magis
2550 1181 2617 1245 in
2651 1189 2896 1246 euentu

482 1284 787 1350 consistit
816 1302 1018 1366 quam
1049 1280 1136 1345 ad
1170 1283 1586 1364 propositum
1618 1283 1903 1366 respicit.
1995 1303 2153 1347 nam
2186 1285 2242 1347 is
2272 1285 2385 1368 qui
2418 1284 2651 1349 habuit
2683 1284 2897 1348 multo

482 1400 786 1471 tempore
832 1387 1302 1451 conuiuentem
1355 1387 1483 1451 sibi
1536 1409 1838 1465 uxorem,
1900 1388 2154 1471 potitus
2205 1389 2437 1472 utique
2484 1398 2589 1454 est
2636 1410 2785 1453 eam
2827 1389 2896 1451 in

380 1509 460 1559 10
485 1499 809 1575 quantum
842 1490 1097 1568 uoluit;
1141 1490 1255 1572 qui
1292 1510 1454 1554 uero
1494 1499 1650 1573 post
1681 1491 2003 1573 exiguum
2033 1499 2301 1574 tempus
2340 1492 2625 1556 eandem
2657 1491 2897 1569 amisit,

485 1597 853 1661 necessarie
911 1595 999 1659 ad
1058 1595 1385 1658 secundas
1445 1594 1706 1659 accedit
1765 1597 2049 1678 nuptias,
2134 1594 2446 1659 accidunt
2493 1603 2717 1658 autem
2769 1594 2901 1658 ista

483 1709 728 1765 euentu
789 1699 1013 1782 potius
1072 1718 1275 1782 quam
1350 1697 1714 1762 directione
1772 1699 2041 1764 arbitrii.
2127 1718 2301 1782 quae
2374 1697 2736 1760 discutiens
2808 1695 2897 1759 ad

483 1931 852 2020 ἐπιτρέψας
881 1935 974 2018 τῷ
1001 1928 1351 2019 πρώτῳ,·ει’
1386 1928 1669 2016 νομίμως
1707 1930 2019 2015 Ὗῶγνοιτο,
2051 1930 2142 2002 εἷς
2182 1927 2555 2010 ἐπισκοπὴν
2592 1924 2898 2014 παριέναι

481 2035 595 2102 τὸν
632 2038 933 2124 τοιοῦτον,
968 2033 1315 2103 ἐκώλυσεν.

1427 2033 1463 2101 ὁ
1510 2035 1638 2123 ’γὰρ
1678 2035 1899 2102 εἰπών·
1963 2039 2130 2111 λεΤω
2178 2036 2250 2100 A&
2313 2032 2441 2099 'mic
2508 2034 2756 2109 ἇΓάΜοιε
2808 2032 2898 2099 καὶ

379 2151 451 2218 15
483 2137 613 2205 ‘mic
665 2140 887 2226 χήραις,
932 2137 1045 2205 καὶ
1103 2137 1266 2223 ὁμοῦ
1312 2134 1629 2225 συνάψας
1678 2136 1910 2211 αὐτοῦς
1954 2139 2068 2206 καὶ
2116 2137 2231 2206 ἕνα
2290 2136 2491 2220 νόμον
2537 2134 2901 2221 ἐξενεγκών,

484 2242 684 2324 δῆλος
733 2241 815 2323 ἦν
874 2242 944 2309 ἔν
994 2268 1061 2308 τι
1107 2241 1518 2330 ἀμφοτέρους
1565 2240 1936 2328 ἡγούμενος.

2055 2244 2338 2314 εἰκότως·
2409 2242 2482 2310 τί
2531 2240 2660 2329 «γὰρ
2713 2240 2897 2307 διαλ-

482 2342 718 2411 λάττει
761 2341 932 2410 κατά
978 2370 1056 2427 «γε
1098 2342 1220 2427 τὴν
1262 2347 1375 2422 τῆς
1413 2344 1671 2433 φύσεως
1715 2345 1932 2433 ὄρεξιν
1975 2346 2015 2425 ἢ
2061 2345 2354 2413 καθόλου
2390 2344 2481 2431 μὴ
2523 2343 2896 2434 ἐσχηκέναι,

481 2445 522 2529 ἢ
564 2445 923 2536 ἐσχηκέναι
956 2444 1092 2530 μέν,
1123 2445 1659 2528 ἀποβεβληκότα
1696 2446 1765 2515 δὲ
1802 2446 1921 2513 οὐκ
1958 2446 2172 2539 ἔχεως
2220 2446 2362 2514 ἐπεὶ
2391 2446 2506 2513 καὶ
2540 2445 2901 2535 συντυχίας

482 2547 558 2616 τὸ
588 2551 845 2615 τοιοῦτο
879 2546 1145 2629 μᾶλλόν
1177 2549 1358 2617 ἐστιν
1384 2548 1425 2631 ἢ
1469 2547 1743 2634 νγνώμης.
1831 2547 1866 2615 ὁ
1906 2549 2026 2631 μὲν
2063 2548 2189 2638 «γὰρ
2228 2548 2532 2639 ἐσχηκώς
2576 2547 2689 2615 ε’πὶ
2721 2544 2900 2614 πολι)

372 2671 458 2721 20
484 2649 602 2731 τὴν
633 2651 867 2718 ἑαυτοῦ
895 2649 1256 2731 βιώσασαν
1282 2657 1571 2736 «γυναῖκα,
1602 2652 1982 2720 ἀπέλαυσεν
2010 2656 2207 2735 αὐτῆς
2237 2651 2335 2739 ἐφ’
2369 2651 2527 2719 ὅσον
2566 2649 2901 2731 ἐβούλετο,

482 2754 517 2821 ὁ
564 2752 632 2819 δὲ
671 2752 841 2838 μετὰ
881 2751 1111 2844 βραχὺ
1155 2755 1484 2826 πολλάκις
1529 2754 1735 2839 αὐτὴν
1778 2756 2146 2836 α’ποβαλῶν
2189 2757 2264 2842 ἐξ
2300 2753 2586 2840 α’νάκγκης
2630 2753 2739 2822 ἐπὶ
2784 2753 2901 2821 τὸν

484 2860 600 2940 τῆς
640 2856 941 2944 δευτέρας
978 2856 1242 2947 ἔρχεται
1280 2857 1521 2944 γάμον·
1581 2857 1767 2926 ἔστιν
1797 2858 1867 2926 δὲ
1896 2865 2105 2928 ταῦτα
2133 2859 2497 2950 συντυχίας
2531 2860 2607 2927 οὐ
2644 2861 2902 2944 γνώμης

483 2958 978 3050 κατορθώματα,
1009 2959 1186 3050 ἅπερ
1217 2962 1531 3046 ἐξετάζων
1559 2961 1594 3030 ό
1625 2960 1945 3051 μακάριος
1976 2963 2053 3030 δι’
2086 2962 2248 3032 ὅλου
2278 2962 2583 3051 φαίνεται
2613 2965 2904 3048 Παῦλος,

590 3176 609 3211 1
647 3176 853 3210 uxorem
874 3176 951 3210 om
975 3161 1044 3210 H

484 3239 692 3304 quidam
730 3239 775 3289 C
794 3238 822 3265 *
839 3239 907 3289 H
946 3239 1187 3304 quiddam
1224 3241 1270 3291 C
1290 3239 1438 3305 (corr)

486 3320 706 3371 nientem
734 3320 778 3370 C
787 3337 821 3369 r
847 3318 857 3384 Ι
884 3321 1050 3385 potius
1072 3322 1135 3371 H
1147 3320 1171 3347 ‘

553 3524 604 3558 ο.
669 3508 764 3574 qui
779 3508 914 3558 enim
935 3508 1084 3569 dixit,
1112 3507 1229 3571 &c.]
1291 3525 1312 3559 1
1336 3509 1452 3561 Cor.
1480 3509 1565 3560 vii.
1594 3510 1647 3561 8.

487 3590 728 3656 Innuptis
758 3590 801 3640 is
822 3589 908 3639 the
930 3590 1197 3655 rendering
1218 3590 1276 3639 of
1294 3590 1459 3651 Hier„
1488 3591 1646 3657 Aug.;

488 3672 661 3737 Vulg„
704 3677 854 3722 “non
894 3672 1119 3736 nuptis.”
1188 3673 1236 3722 It
1268 3689 1480 3738 appears
1518 3675 1648 3725 from

489 3757 576 3805 the
608 3763 784 3805 catena
819 3755 928 3805 that
953 3755 1052 3805 Th.
1083 3754 1201 3804 read
1225 3758 1352 3806 ταῖς
1376 3754 1589 3817 ἀγάμοις,
1618 3771 1652 3806 a

489 3838 681 3886 variant
702 3836 868 3886 which
886 3852 1059 3886 occurs
1074 3837 1182 3886 also
1200 3836 1252 3886 in
1274 3837 1428 3887 Thdt.
1450 3838 1522 3887 ad
1536 3837 1587 3888 h.
1607 3836 1644 3888 l.

491 3918 647 3967 Thdt.
692 3924 888 3982 repeats
932 3918 1017 3967 the
1060 3917 1310 3969 inserence
1344 3918 1510 3968 which
1548 3919 1648 3967 Th.

489 3998 653 4047 draws
669 3996 794 4046 from
819 3998 918 4047 this
938 3998 1170 4047 citation:
1194 4000 1411 4063 συνάψας
1428 3999 1653 4063 ἑκάτερον

491 4075 657 4137 τάγμα
679 4077 763 4125 ἕνα
784 4077 996 4125 τέθεικεν
1016 4076 1174 4137 νόμον.

563 4175 639 4211 11.
708 4160 940 4209 accidunt
969 4177 1017 4211 a.
1055 4160 1150 4210 ista
1180 4168 1374 4222 euentu,
1411 4162 1529 4224 δια]
1563 4161 1644 4213 Cf.

493 4240 647 4293 Thdt.
666 4257 678 4290 ε
716 4243 759 4290 εἰ
775 4242 827 4290 δὲ
843 4243 900 4291 τὸ
913 4244 1073 4305 βίαιον
1090 4240 1177 4292 τοῦ
1192 4241 1404 4293 θανάτου
1423 4246 1653 4309 διέζευξεν

494 4327 582 4385 τὴν
598 4324 851 4388 προτέραν,
875 4321 906 4384 ἡ
928 4325 1139 4385 δὲφύσις
1161 4326 1436 4386 ἐπικειμένη
1452 4327 1652 4388 δευτέρᾳ

495 4405 749 4469 ζευχθῆναι
792 4401 1160 4466 κατηνάγκασεν
1199 4405 1404 4467 γυναικί,
1454 4407 1540 4455 οὐκ
1594 4406 1653 4455 ἐκ

494 4488 699 4551 γνώμης,
746 4481 855 4534 ἀλλ’
894 4486 954 4537 ἐκ
997 4481 1323 4546 περιστάσεως
1366 4486 1391 4536 ὁ
1437 4483 1654 4548 δεύτερος

1273 3176 1300 3211 2
1335 3162 1606 3227 prohibeor
1631 3162 1698 3212 H

1639 3255 1666 3306 7
1701 3239 1968 3305 etomHl
1997 3243 2241 3307 non(sor
2269 3241 2464 3307 nam)r

1393 3337 1445 3373 η
1485 3337 1821 3374 necessarior

1914 3182 1947 3226 4
1982 3162 2141 3228 inquit
2166 3161 2267 3226 (afl
2285 3162 2462 3222 unum)
2496 3161 2602 3212 add
2621 3178 2655 3213 r
2869 3159 2903 3211 6

2656 3257 2689 3311 9
2720 3256 2903 3293 conue-

1743 3512 2008 3574 γεγένηται
2037 3506 2206 3573 γάμος.
2273 3508 2440 3559 There
2466 3509 2508 3559 is
2530 3524 2561 3560 a
2589 3510 2902 3561 remarkable

1745 3591 1953 3656 parallel
1989 3591 2044 3641 in
2084 3590 2139 3641 S.
2171 3591 2416 3654 Jerome's
2459 3605 2641 3641 comm.
2686 3607 2754 3642 on
2798 3592 2903 3642 Tit.

1746 3670 1780 3722 i.
1805 3671 1853 3729 6,
1877 3672 2111 3737 repeated
2135 3672 2204 3736 by
2228 3671 2460 3722 Sedulius
2484 3672 2665 3722 Scotus
2686 3673 2758 3723 ad
2774 3673 2825 3722 k.
2844 3674 2902 3722 l.:

1752 3751 1906 3801 “esto
1965 3751 2153 3816 quippe
2203 3752 2422 3816 aliquem
2476 3752 2904 3803 adolescentulum

1754 3836 2019 3900 coniugem
2049 3835 2324 3900 perdidisse
2347 3842 2396 3886 et
2425 3836 2588 3886 carnis
2609 3837 2904 3886 necessitate

1747 3926 2032 3981 superatum
2075 3918 2326 3981 accepisse
2364 3933 2569 3966 uxorem
2614 3918 2900 3980 secundam,

1749 4014 1900 4062 quam
1923 4005 1972 4048 et
2001 3998 2109 4063 ipse
2135 4000 2302 4048 statim
2329 3998 2564 4058 amiserit,
2594 4005 2644 4047 et
2669 3999 2908 4066 deinceps

1748 4078 1926 4127 uixerit
1957 4078 2298 4135 continentem
2334 4078 2489 4128 alium
2519 4095 2639 4129 uero
2662 4095 2817 4145 usque
2839 4080 2905 4131 ad

1748 4168 2000 4211 senectam
2028 4161 2260 4211 habuisse
2293 4162 2662 4212 matrimonium
2672 4200 2788 4215 ......
2796 4164 2908 4229 quis

1749 4244 1895 4294 nobis
1930 4258 1960 4293 e
1989 4244 2183 4294 duobus
2216 4245 2415 4294 uidetur
2446 4261 2554 4296 esse
2591 4247 2781 4305 melior,
2815 4263 2904 4313 pu-

1749 4323 1923 4384 dicior,
1964 4323 2334 4374 continentior?
2387 4325 2558 4390 utique
2602 4327 2687 4390 qui
2734 4327 2908 4379 infelix

1750 4405 1902 4455 etiam
1955 4405 2008 4455 in
2059 4406 2279 4456 secundo
2328 4407 2650 4457 matrimonio
2697 4408 2804 4469 suit,
2855 4418 2908 4461 et

1751 4495 1926 4553 postea
1948 4486 2128 4554 pudice
2149 4495 2200 4540 et
2222 4496 2391 4539 sancte
2412 4497 2733 4541 conuersatus
2755 4492 2884 4543 est.”
