3221 5116
507 372 635 455 336
1458 388 1841 441 APPEme
1888 391 1952 440 A.

503 559 612 620 sed
633 559 974 634 uoluntatiS,
996 561 1163 622 nullo
1188 571 1371 638 pacto
1399 560 1678 640 suscepit.
1750 563 1917 641 quod
1945 561 1996 623 si
2022 560 2228 623 fuisset
2254 560 2318 621 in
2344 571 2554 622 natura
2580 572 2923 639 peccatum,

502 656 666 717 iuxta
692 657 1111 735 sapientissimi
1144 659 1318 721 huius
1355 660 1683 739 eloquium,
1712 673 2029 741 peccatum
2055 661 2118 721 in
2147 670 2361 722 natura
2386 680 2625 739 prorsus
2661 659 2926 722 existens

503 753 837 815 necessario
864 755 1235 833 suscepisset.

1565 958 1747 1018 Boox
1789 974 1867 1016 ιν.

505 1106 683 1190 [Mar.
728 1112 973 1172 Mercat.
1015 1132 1123 1173 exc.
1174 1133 1200 1173 1
1238 1113 1788 1191 (-“Theodori...de
1817 1115 2086 1176 secundo
2114 1114 2327 1176 codice
2354 1113 2507 1174 libro
2535 1124 2747 1192 quarto
2775 1114 2927 1176 folio

1157 1211 1416 1273 decimo,
1431 1259 1442 1271 .
1457 1216 1660 1273 dantis
1682 1216 2023 1286 extantibus,
2053 1211 2268 1295 &c.'')].

624 1359 836 1421 Tantis
869 1363 1207 1426 extantibus
1245 1384 1401 1444 quae
1437 1366 1849 1428 demonstrent
1881 1369 2080 1428 Adam
2108 1365 2193 1427 sic
2222 1385 2298 1426 ex
2324 1376 2479 1426 terra
2504 1367 2825 1427 formatum
2857 1377 2926 1427 ut

440 1478 473 1541 5
503 1464 768 1525 mortalis
814 1484 1054 1542 prorsus
1103 1464 1395 1539 existeret,
1445 1484 1583 1543 erga
1631 1466 1836 1526 cibum
1890 1463 2195 1544 proprium
2236 1464 2427 1526 uoluit
2472 1483 2766 1542 occupare
2806 1484 2931 1526 ser-

502 1581 745 1623 monem
757 1586 774 1639 ;
832 1582 947 1624 nec
1007 1562 1224 1625 exinde
1270 1566 1478 1626 ualens
1525 1565 1839 1626 aduertere
1885 1564 2214 1639 ueritatem,
2271 1583 2381 1642 pro
2437 1565 2721 1642 dogmate
2774 1582 2926 1624 uero

504 1660 843 1722 seductorio
872 1681 946 1722 ex
974 1660 1292 1723 mendacio
1318 1662 1782 1724 aduocationem
1815 1661 2087 1741 iungens.

849 1760 888 1797 {-
1133 1760 1172 1797 ὕ
1416 1760 1454 1799 {-
1699 1761 1738 1799 {-
1984 1761 2019 1794 Ι*
2265 1760 2300 1793 ¹}
2546 1757 2582 1793 ss»

622 1873 747 1915 non
776 1853 859 1915 ait
889 1857 1194 1917 ‘mortales
1222 1854 1421 1930 eritiS,’
1455 1857 1564 1919 sed
1601 1864 1777 1918 morte
1814 1859 2138 1918 moriemini
2142 1855 2212 1929 *,·
2252 1876 2491 1935 prorsus
2531 1855 2924 1918 existentibus

402 1967 477 2007 10
501 1963 711 2013 natura
749 1953 1096 2015 mortalibus
1134 1953 1345 2016 inferre
1383 1952 1589 2016 mortis
1625 1954 2051 2032 experientiam
2080 1953 2497 2029 comminatuS‚
2529 1974 2709 2032 quam
2739 1954 2924 2015 etiam

498 2050 660 2110 iuxta
688 2069 917 2112 morem
944 2052 1217 2130 propriae
1244 2052 1632 2130 benignitatis
1664 2053 1741 2113 ad
1780 2054 2056 2112 effectum
2083 2053 2410 2130 perducere
2437 2051 2678 2113 distulit.
2765 2053 2929 2115 sicut

500 2149 662 2210 enim
716 2168 850 2209 cum
912 2149 1084 2211 dicit:
1124 2152 1230 2227 qui
1266 2150 1531 2228 efficderit
1566 2152 1821 2211 hominis
1859 2153 2213 2227 sanguinem,
2264 2152 2503 2227 sanguis
2543 2154 2667 2211 eius
2697 2161 2816 2228 pro
2860 2172 2926 2210 eo

478 2247 837 2325 sundetur†,
870 2268 993 2309 non
1032 2249 1150 2309 hoc
1179 2248 1326 2309 dicit
1363 2247 1505 2326 quia
1535 2247 1665 2326 ‘qui
1694 2248 1980 2309 occiderit
2009 2247 2314 2308 hominem
2343 2248 2453 2308 erit
2480 2249 2781 2321 mortali8,’
2809 2250 2921 2310 sed

499 2346 640 2423 quia
690 2345 930 2424 ‘dignus
980 2358 1070 2408 est
1117 2346 1463 2407 huiusmodi
1510 2356 1704 2407 morte
1753 2345 2076 2420 damnari3’
2136 2345 2222 2405 sic
2276 2357 2338 2406 et
2391 2343 2922 2422 inpraesentiarum

400 2459 469 2520 15
498 2443 647 2505 dixit
681 2452 857 2506 morte
890 2447 1228 2518 moriemini,
1265 2465 1388 2506 non
1424 2445 1589 2523 quod
1636 2454 1779 2504 tunc
1820 2446 2101 2505 mortales
2143 2445 2369 2518 fierent,
2410 2445 2520 2504 sed
2553 2444 2718 2521 quod
2752 2444 2924 2523 digni

499 2552 698 2603 essent
727 2543 829 2621 qui
864 2543 1070 2605 mortis
1107 2541 1466 2606 sententiam
1504 2562 1615 2620 pro
1657 2541 2124 2619 transgressione
2161 2542 2459 2603 referrent.
2546 2543 2652 2602 sed
2681 2552 2740 2602 et
2769 2541 2926 2603 diui-

496 2659 638 2699 nam
695 2640 1069 2714 sententiam,
1129 2660 1309 2719 quam
1363 2649 1504 2718 post
1555 2650 1871 2717 peccatum
1931 2642 2097 2700 Deus
2153 2639 2327 2699 Adae
2381 2637 2594 2700 inferre
2656 2638 2918 2715 uidetur,

497 2737 760 2798 aduerte.
847 2738 931 2798 sic
969 2737 1131 2798 enim
1160 2736 1331 2798 dicit:
1372 2738 1514 2814 quia
1539 2738 1766 2796 audisti
1797 2754 1976 2795 uocem
2016 2738 2217 2795 uxoris
2249 2743 2398 2808 tuae,
2442 2743 2498 2794 et
2532 2738 2816 2796 comedis-ti
2853 2739 2928 2796 de

492 2836 666 2911 ligno,
710 2837 780 2895 de
810 2855 920 2913 quo
952 2846 1347 2914 praeceperam
1391 2837 1502 2895 tibi
1539 2836 1609 2895 de
1646 2835 1750 2895 hoc
1785 2835 1900 2895 solo
1941 2854 2054 2894 non
2086 2834 2368 2908 comedere,
2409 2854 2483 2893 ex
2521 2854 2579 2894 eo
2615 2837 2920 2909 comedam,

395 2949 473 2989 20
498 2934 794 2994 maledicta
830 2941 991 2994 terra
1029 2935 1091 2993 in
1128 2934 1392 3012 operibus
1425 2934 1558 3006 tuis,
1598 2933 1663 2993 in
1706 2933 1952 2992 tris-titia
1998 2932 2236 2992 comedes
2270 2951 2395 2991 eam
2429 2933 2688 2992 omnibus
2722 2933 2924 2992 diebus

499 3033 655 3092 uitae
690 3040 849 3102 tuae:
886 3034 1089 3110 spinas
1129 3039 1186 3092 et
1215 3032 1455 3092 tribulos
1485 3031 1746 3108 proferet
1780 3032 1899 3103 tibi,
1944 3037 2000 3090 et
2033 3030 2272 3090 comedes
2291 3031 2501 3107 fenum
2542 3034 2678 3107 agri
2687 3054 2718 3103 ,·
2757 3040 2814 3091 el
2854 3035 2920 3092 in

495 3131 702 3190 sudore
725 3132 926 3189 uultus
955 3131 1051 3188 tui
1079 3132 1317 3191 comedes
1337 3138 1554 3205 panem
1595 3137 1777 3201 tuum,
1808 3129 1975 3188 donec
1996 3130 2313 3188 reuertar-is
2339 3129 2403 3188 in
2430 3135 2648 3187 terram
2659 3128 2709 3206 ‡.
2797 3129 2922 3190 hoc

496 3237 697 3287 autern
740 3246 845 3304 per
884 3227 1036 3287 haec
1080 3225 1479 3287 comminatus
1529 3235 1636 3299 est,
1682 3225 1848 3302 quod
1903 3244 2319 3285 aerumnosam
2374 3224 2560 3285 uitam
2606 3224 2919 3286 habiturus

497 3334 671 3398 esset,
716 3341 853 3385 cum
897 3324 1100 3384 labore
1141 3322 1426 3400 deinceps
1458 3325 1682 3383 fructus
1720 3323 1799 3382 de
1833 3331 1987 3381 terra
2023 3331 2365 3398 sumpturus
2407 3320 2623 3398 quibus
2666 3322 2924 3381 aleretur

395 3432 466 3493 25
496 3430 559 3480 et
586 3420 929 3480 subsisteret
939 3440 958 3493 3
998 3437 1383 3496 nequaquam
1409 3419 1658 3490 habenS,
1689 3428 1753 3478 ut
1790 3416 2043 3495 pridem,
2080 3428 2306 3478 tantam
2345 3417 2712 3496 propositam
2750 3417 2920 3497 largi-

497 3529 681 3579 tatem
731 3529 956 3596 quanta
992 3538 1065 3579 ex
1096 3517 1357 3595 paradisi
1394 3516 1572 3594 copia
1615 3518 1932 3578 fruebatur.
2019 3535 2143 3577 non
2198 3516 2359 3577 enim
2415 3517 2645 3594 operari
2699 3527 2918 3577 terram

496 3634 605 3692 pro
654 3615 949 3694 supplicio
996 3613 1163 3676 dedit
1215 3617 1398 3689 DeuS‚
1450 3613 1621 3692 quasi
1665 3633 1740 3674 ex
1786 3613 2085 3673 inmortali
2130 3625 2342 3674 natura
2390 3612 2450 3672 in
2497 3613 2919 3675 mortalitatem

494 3713 770 3774 homines
813 3715 1167 3774 transferens
1178 3734 1199 3789 3
1250 3711 1745 3790 quandoquidem
1795 3722 1856 3772 et
1898 3710 2236 3788 paradisum
2286 3709 2342 3771 ei
2391 3718 2458 3770 ut
2494 3720 2825 3789 operaretur
2863 3720 2927 3771 et

495 3812 837 3889 custodiretg
864 3810 1091 3873 indixit.
1165 3830 1273 3888 pro
1305 3821 1471 3870 tanta
1498 3829 1642 3870 uero
1671 3808 1916 3886 pristina
1931 3808 2202 3886 largitate
2225 3819 2284 3869 et
2306 3811 2619 3886 uoluptate
2637 3808 2916 3886 paradisi,

391 3919 471 3976 30
495 3928 912 3971 aerumnosam
962 3909 1089 3971 eius
1137 3910 1264 3970 fore
1312 3907 1807 3968 sustentationem
1836 3908 1914 3966 de
1943 3917 2130 3966 terrae
2173 3906 2460 3968 fructibus
2500 3906 2915 3968 comminatur.

497 4027 635 4067 nam
680 4026 919 4085 prorsus
966 4018 1033 4068 ut
1087 4003 1351 4067 mortalis
1406 4006 1614 4078 factus,
1660 4014 1718 4065 et
1762 4013 1906 4064 tunc
1947 4004 2206 4081 paradisi
2246 4005 2533 4066 fructibus
2589 4005 2916 4084 indigebat,

594 4172 626 4224 6
658 4174 833 4223 uolens
856 4189 892 4223 n
1220 4183 1248 4234 7
1299 4169 1691 4220 adminationem
1714 4186 1752 4218 n
1783 4166 1791 4232 Ι
1819 4168 2044 4233 iungens.
2113 4185 2216 4219 non
2238 4173 2308 4220 ait
2329 4170 2359 4219 b
2412 4171 2548 4236 iung.
2574 4172 2714 4222 Deus
2737 4189 2788 4223 n.
2815 4189 2866 4223 a.
2883 4191 2934 4239 g

502 4254 560 4305 16
611 4272 700 4321 per
734 4254 1171 4320 transgressionem
1187 4269 1231 4316 g
1445 4265 1507 4314 23
1540 4250 1713 4300 omnia
1735 4250 1834 4314 (ast
1854 4249 1998 4311 haec)
2021 4251 2128 4300 add
2142 4252 2171 4300 b
2389 4267 2449 4316 25
2485 4261 2635 4317 atque
2658 4253 2773 4317 (for
2792 4256 2865 4316 et)
2890 4257 2922 4305 b

497 4353 554 4402 3¹
593 4344 642 4387 et
667 4337 781 4402 (sor
799 4338 874 4398 ut)
890 4353 934 4400 g
994 4335 1064 4385 ita
1086 4352 1123 4384 n

628 4485 656 4511 ⁴*
693 4486 824 4538 Gen.
842 4501 895 4534 u
920 4498 996 4549 ¹⁷·
1192 4481 1228 4538 Ἰ·
1261 4483 1393 4533 Gen.
1410 4481 1540 4532 ix.6.
1741 4485 1778 4547 2
1812 4482 1941 4532 Gen.
1971 4481 2043 4532 iii.
2077 4493 2135 4544 17
2157 4498 2228 4548 sq.
2419 4486 2447 4544 8
2481 4482 2680 4532 ῦεη.ἰί.
2703 4496 2783 4546 1⁵·
