3221 5116
360 418 816 471 FRAGMENTS
862 420 957 471 OF
1003 420 1159 471 THE
1204 420 1601 473 DOGMATIC
1645 420 1913 474 WORKS
1961 422 2056 473 OF
2102 421 2529 474 THEODORE.
2598 418 2718 488 335

299 589 582 652 omnibus
625 590 923 667 existeret,
960 595 1178 673 Moyse
1226 592 1367 656 dico
1412 604 1471 655 et
1513 592 1821 672 prophetis
1868 592 2298 672 apostolisque,
2337 593 2434 654 uel
2481 588 2725 668 reliquis

299 689 579 750 omnibus
613 691 692 751 de
728 690 945 768 quibus
978 691 1059 753 ait
1099 691 1482 754 beatissimus
1522 694 1746 753 Paulus
1793 694 2000 768 quibus
2038 693 2247 768 dtgnus
2275 709 2389 750 non
2414 691 2542 749 era't
2565 707 2725 747 mun-

299 787 491 856 dus*,·
533 788 616 848 ita
643 800 727 862 ut,
760 789 873 850 illis
905 790 1172 865 mortui8‚
1205 791 1335 868 ipse
1364 793 1526 854 solus
1555 790 1686 852 sine
1715 791 1922 851 mortis
1961 789 2325 868 experientia
2360 789 2719 867 perduraret.

301 885 410 945 sed
464 883 583 945 iam
628 888 706 947 ab
756 886 928 948 initio
973 889 1091 949 hoc
1135 890 1303 949 Deus
1359 888 1569 950 habuit
1625 889 1791 965 apud
1846 908 1911 965 se
1966 887 2296 961 definitum,
2347 897 2414 947 ut
2466 886 2725 964 primum

301 982 547 1062 quidem
590 988 870 1046 mortales
911 970 1137 1060 fierent,
1181 988 1575 1065 postmodum
1615 1006 1760 1049 uero
1802 986 2227 1048 inmortalitate
2263 986 2606 1064 gauderent,
2638 983 2724 1043 sic
2791 997 2824 1060 5

301 1081 382 1142 ad
409 1080 726 1143 utilitatem
755 1095 1018 1143 nostram
1048 1084 1173 1144 fieri
1201 1084 1328 1162 ipse
1359 1085 1703 1162 disponens.
1879 1084 1916 1121 ‘³‘
2082 1084 2117 1117 ⁴*
2284 1083 2319 1115 ³*
2484 1082 2523 1120 ⁴*
2687 1081 2723 1117 ¹⁸

302 1179 670 1241 manifestius
701 1182 852 1243 haec
885 1184 1099 1245 eadem
1136 1187 1305 1245 Deus
1338 1182 1620 1255 ostendit,
1653 1203 1789 1242 cum
1828 1185 2104 1244 transfert
2145 1184 2356 1243 Enoch
2405 1192 2465 1244 et
2508 1180 2726 1243 inmor-

301 1278 487 1338 talem
526 1278 668 1339 facit
709 1301 849 1341 nam
886 1282 935 1343 si
967 1301 1077 1360 per
1109 1294 1422 1361 peccatum
1467 1302 1649 1342 causa
1687 1281 1963 1360 supplicii
2005 1284 2173 1342 Deus
2215 1280 2414 1341 intulit
2451 1289 2721 1357 mortem,

304 1396 419 1438 nec
464 1377 609 1439 olim
654 1379 967 1440 definitum
1012 1381 1130 1441 hoc
1163 1379 1374 1442 habuit
1422 1380 1586 1457 apud
1637 1400 1721 1453 se,
1773 1379 2148 1442 ineffabiliter
2192 1399 2304 1457 pro
2350 1377 2527 1439 nobis
2563 1378 2726 1437 iuxta

305 1474 605 1551 propriam
661 1476 1017 1554 sapientiam
1072 1488 1291 1537 cuncta
1331 1476 1703 1554 dispensanS,
1766 1495 2150 1554 nequaquam
2206 1475 2420 1535 Enoch
2482 1472 2724 1551 quidem
2757 1487 2831 1528 10

304 1570 635 1632 inmortalis
688 1573 982 1644 existeret,
1032 1573 1317 1636 dominus
1358 1585 1562 1635 autem
1605 1573 1878 1634 Christus
1919 1574 2000 1634 ad
2045 1571 2251 1633 mortis
2300 1569 2725 1649 experientiam

306 1670 661 1746 perueniret·
710 1672 747 1709 -κ-
993 1672 1030 1709 -κ-
1276 1670 1311 1704 *²
1555 1668 1590 1701 ι
1837 1670 1874 1707 -κ-
2119 1671 2158 1708 -ι-
2403 1668 2442 1705 -ι-
2686 1666 2725 1704 ‹u-

427 1766 651 1829 idcirco
696 1768 995 1830 Dominus
1037 1780 1245 1830 auctor
1285 1768 1555 1830 omniurn
1599 1771 1895 1830 bonorum
1925 1766 2272 1828 horninibus
2300 1768 2489 1826 sactus
2519 1774 2627 1837 est,
2658 1775 2725 1824 ut

306 1861 461 1924 sicut
497 1867 695 1925 Adam
734 1865 907 1943 primi
939 1877 998 1927 et
1026 1865 1290 1927 mortalis
1327 1877 1513 1927 status
1542 1865 1731 1926 extitit
1759 1865 2088 1938 inchoator,
2119 1864 2203 1925 ita
2229 1876 2292 1925 et
2317 1864 2446 1941 ipse
2474 1860 2724 1923 secundi

307 1970 368 2019 et
410 1960 741 2023 inmortalis
785 1975 972 2024 status
1020 1962 1279 2025 existens
1329 1962 1607 2037 initiator,
1651 1962 1924 2041 primitus
1968 1965 2140 2024 Adae
2182 1962 2392 2041 prioris
2434 1963 2724 2024 naturalia
2756 1975 2825 2037 15

306 2058 649 2133 custodiret,
681 2061 825 2122 dum
864 2061 1125 2123 nascitur
1162 2080 1237 2121 ex
1273 2060 1538 2133 muliere,
1576 2061 1723 2120 dum
1752 2060 1968 2138 pannis
1996 2060 2322 2120 inuoluitur
2347 2070 2408 2120 et
2435 2060 2722 2138 paulatim

307 2154 516 2216 aetatis
572 2157 940 2219 incrementa
996 2158 1477 2219 sortitur—Iesus
1532 2158 1693 2218 enim
1757 2158 2000 2236 (inquit)
2055 2158 2392 2235 proficiebat
2437 2166 2621 2218 aetate
2672 2164 2728 2217 et

307 2252 593 2328 sapientia
619 2262 676 2311 et
690 2255 891 2331 gratia
924 2274 1113 2314 coram
1149 2257 1279 2313 Deo
1308 2262 1361 2313 et
1393 2256 1720 2314 hominibus
1739 2256 2004 2328 †—dum
2045 2251 2558 2315 circumcisionem
2602 2274 2724 2315 sus-

310 2351 472 2428 cipit,
503 2352 648 2411 dum
678 2350 840 2411 iuxta
868 2353 1119 2428 legalem
1149 2349 1646 2412 consuetudinem
1681 2353 1814 2411 Deo
1844 2350 2089 2411 adstetit
2117 2350 2178 2410 in
2212 2353 2456 2429 templo,
2477 2349 2729 2428 parenti-

309 2449 544 2525 busque
580 2448 867 2509 subicitur
906 2459 966 2508 et
1009 2445 1449 2508 conuersationi
1492 2447 1792 2524 legitimae
1834 2447 2224 2524 mancipatur.
2309 2446 2395 2507 sic
2434 2448 2612 2508 etiam
2648 2449 2729 2509 ad
2758 2465 2834 2505 20

312 2544 712 2622 expletionem
741 2544 1101 2623 reliquorum
1140 2555 1199 2605 et
1234 2554 1506 2618 mortem,
1547 2554 1758 2622 utpote
1797 2554 2043 2606 naturae
2081 2544 2388 2619 tributum,
2422 2557 2729 2623 postremo

314 2642 585 2720 suscipit,
628 2653 696 2703 ut
739 2642 1070 2704 secundum
1120 2644 1315 2720 legem
1363 2642 1664 2702 humanae
1711 2653 1957 2703 naturae
2001 2641 2262 2703 moriens
2305 2654 2368 2703 et
2403 2663 2441 2703 a
2482 2643 2731 2704 mortuis

315 2736 521 2799 diuina
556 2739 775 2800 uirtute
819 2758 1147 2816 resurgens,
1175 2738 1411 2799 initium
1449 2738 1683 2799 cunctis
1720 2739 2064 2800 hominibus
2100 2739 2204 2817 qui
2241 2751 2495 2801 mortem
2523 2760 2732 2801 secun·

314 2836 461 2896 dum
504 2837 804 2915 propriam
847 2848 1116 2897 naturam
1174 2835 1505 2913 suscipiunt
1548 2839 1716 2897 fieret
1758 2848 1825 2896 ut
1875 2856 1914 2896 a
1957 2835 2206 2897 mortuis
2251 2848 2492 2915 surgant
2537 2848 2596 2899 et
2652 2840 2731 2900 ad

312 2933 690 2996 inmortalem
746 2934 1138 2996 substantiam
1193 2945 1655 2996 commutentur.
1742 2934 1894 2995 sicut
1948 2934 2111 2995 enim
2166 2937 2502 2997 conformes
2557 2937 2731 2998 Adae
2759 2952 2791 2992 ε
2798 2949 2831 3012 5

315 3036 647 3096 secundum
692 3044 910 3095 statum
954 3044 1327 3112 praesentem
1366 3052 1573 3092 sumus
1610 3051 1822 3092 omnes
1850 3031 2064 3106 effecti,
2095 3032 2181 3092 sic
2211 3031 2450 3094 Christo
2479 3033 2732 3095 domino

315 3135 652 3194 conformes
701 3132 1022 3193 efficiemur
1069 3131 1132 3192 in
1182 3143 1500 3209 posterum.
1589 3130 2031 3207 transfigurabit
2067 3129 2228 3191 enim
2271 3141 2470 3208 corpus
2500 3133 2733 3192 humili-

315 3233 454 3290 tatis
494 3240 724 3291 nostrae
763 3231 1041 3306 conforme
1070 3231 1220 3307 fieri
1251 3232 1501 3306 corporis
1533 3231 1756 3304 glon'ae
1801 3228 1982 3304 eiu-5:21.
2069 3240 2155 3288 et:
2216 3232 2412 3306 qualis
2452 3237 2731 3303 terrenus,

316 3327 459 3385 tales
497 3335 553 3385 et
589 3329 804 3386 terreni
806 3351 830 3395 ,·
871 3334 927 3386 et
953 3327 1147 3402 qualis
1182 3327 1440 3397 caelestis,
1470 3327 1610 3385 tales
1634 3333 1691 3384 et
1713 3326 1970 3385 caelestes.
2057 3334 2145 3385 et:
2192 3326 2345 3385 sicta
2359 3327 2734 3404 ponauimus

314 3423 617 3500 imaginem
656 3425 886 3496 terreni,
918 3430 1216 3501 portemus
1254 3424 1427 3482 etiam
1471 3424 1774 3498 imaginem
1815 3424 2110 3498 caelestisg.
2198 3424 2525 3484 ostendens
2567 3424 2731 3501 quod
2760 3445 2839 3504 30

317 3520 491 3599 primi
548 3533 737 3581 status
804 3522 978 3580 Adae
1040 3519 1361 3597 participes
1423 3518 1582 3593 sacti,
1629 3519 1966 3580 necessario
2014 3519 2195 3580 etiam
2245 3519 2494 3581 secundi
2538 3522 2730 3596 Adae,

316 3617 534 3680 Christi
564 3616 812 3690 domini,
833 3618 1165 3678 secundum
1194 3636 1435 3677 carnem
1464 3616 1644 3677 futuri
1672 3627 1861 3677 status
1887 3615 2261 3695 participium
2290 3618 2729 3695 consequimur,

317 3724 525 3791 utpote
554 3711 656 3791 qui
685 3732 758 3774 ex
785 3712 899 3771 hac
928 3713 1142 3772 eadem
1172 3721 1380 3772 natura
1407 3721 1645 3770 constet
1673 3721 1930 3784 exortu5‚
1961 3721 2021 3770 et
2058 3723 2280 3772 cuncta
2311 3732 2464 3790 quae
2501 3715 2734 3775 fuerant

316 3821 561 3870 naturae
626 3809 968 3887 susceperit,
1025 3820 1086 3869 et
1142 3808 1282 3869 ideo
1336 3806 1676 3869 sustinuerit
1734 3819 2002 3881 mortem,
2059 3819 2127 3869 ut
2179 3820 2434 3870 mortem
2487 3822 2733 3873 naturae

318 3907 645 3986 suscipiens
683 3920 743 3969 et
779 3928 816 3968 a
850 3906 1100 3968 mortuis
1141 3926 1448 3986 resurgens
1477 3919 1752 3967 naturam
1780 3905 2026 3967 liberam
2054 3917 2248 3967 morte
2277 3908 2598 3983 perficeret.
2673 3920 2734 3970 et
2761 3929 2836 3991 35

318 4017 574 4066 mortem
615 4004 862 4082 quidem
898 4015 1213 4083 propterea
1250 4004 1528 4082 suscepit,
1558 4015 1874 4082 peccatum
1907 4022 2052 4064 uero
2085 4022 2484 4082 nequaquam,
2517 4006 2625 4067 sed
2653 4010 2732 4068 ab

317 4103 435 4163 hoc
488 4100 769 4162 immunis
822 4102 1146 4180 permansit
1201 4103 1449 4163 omnino
1458 4124 1477 4178 3
1549 4102 1716 4179 quod
1774 4100 1935 4163 enim
1989 4113 2115 4162 erat
2170 4113 2433 4177 naturae,
2490 4103 2554 4165 id
2622 4116 2732 4181 est,

319 4211 592 4272 mortem,
634 4197 1042 4260 indubitanter
1076 4199 1422 4277 adsumpsit,
1454 4209 1770 4277 peccatum
1795 4218 1956 4273 uer0,
1988 4198 2154 4276 quod
2182 4218 2307 4260 non
2336 4209 2459 4261 erat
2486 4212 2733 4265 naturae

1316 4367 1376 4420 35
1412 4356 1448 4406 1.
1472 4371 1505 4406 a
1524 4364 1686 4406 morte
1700 4372 1736 4421 g

398 4515 427 4540 ⁴*
464 4514 603 4566 Heb.
626 4513 691 4563 xi.
724 4512 801 4576 38.
941 4510 976 4566 †
1009 4513 1063 4563 S.
1090 4512 1235 4563 Luke
1251 4513 1303 4563 ii.
1328 4527 1409 4579 5²·
1547 4516 1581 4573 2:
1617 4513 1746 4567 Phil.
1775 4514 1847 4563 iii.
1873 4529 1955 4563 αι.
2085 4516 2115 4576 ἦ
2154 4530 2172 4565 1
2203 4516 2323 4568 Cor.
2352 4533 2435 4566 xv.
2458 4519 2539 4582 48,
2566 4535 2648 4588 49.
