3221 5116
236 391 366 460 ΙΙΙ.
404 389 615 475 5-8,]
1096 403 1179 453 IN
1228 403 1334 456 ΕΡ.
1379 403 1483 454 An
1527 402 1792 455 TITUM.

2526 405 2651 472 253

234 572 471 638 tionem
515 585 644 659 per
692 573 1027 658 Spiritum
1071 583 1383 652 sanctum,
1431 595 1619 657 quem
1670 573 1905 656 effudit
1951 585 2144 658 super
2178 595 2296 641 nos
2336 572 2658 639 ditissime

218 690 348 762 per
371 679 591 743 Iesum
627 676 959 744 Christum
987 677 1381 742 saluatorem
1410 687 1720 751 nostrum,
1753 686 1832 741 ut
1859 676 2201 762 iustificati
2226 677 2409 742 illius
2426 676 2658 762 gratia

232 781 487 846 heredes
510 780 880 865 efficiamur,
908 780 1254 844 secundum
1282 791 1454 863 spem
1486 779 1663 843 uitae
1690 791 1998 847 aeternae.

372 912 389 941 ⁶
408 928 580 991 quae
625 928 784 992 ergo
831 908 960 973 Dei
1008 909 1453 973 misericordia
1497 907 1807 991 adparuit
1835 929 1957 991 per
1999 908 2244 975 Christi
2290 909 2656 974 aduentum

241 1022 311 1078 et
341 1013 469 1097 ipsi
501 1012 802 1076 adsecuti
833 1031 1080 1089 sumuS,
1114 1010 1229 1074 illa
1258 1031 1431 1095 quae
1462 1011 1549 1074 ab
1581 1032 1663 1074 eo
1693 1019 1797 1074 est
1826 1011 2042 1076 salute
2074 1032 2207 1076 non
2238 1033 2327 1076 ex
2346 1012 2657 1095 operibus
2733 1025 2765 1093 5

241 1116 484 1180 nostris
523 1114 705 1177 illam
748 1113 1512 1197 adsequentes—-aderat
1566 1123 1792 1179 autem
1844 1115 2034 1179 nobis
2087 1115 2249 1179 nihil
2291 1117 2655 1181 boni—sed

243 1239 365 1303 per
423 1219 565 1281 eius
612 1218 1129 1281 misericordiam
1176 1219 1290 1300 qui
1338 1239 1457 1301 per
1509 1217 1792 1283 formam
1841 1219 2087 1284 lauacri
2140 1222 2386 1285 uirtute
2445 1221 2658 1285 sancti

246 1320 536 1403 Spiritus
567 1320 916 1384 renouauit
946 1340 1068 1383 nos
1098 1328 1168 1383 et
1204 1322 1580 1403 segregauit
1628 1323 1692 1386 in
1731 1321 2129 1388 ditissimam
2175 1323 2429 1408 [quam]
2464 1327 2656 1390 nobis

247 1423 575 1488 bonorum
629 1424 962 1506 praestitit
1009 1422 1404 1502 fruitionem,
1451 1435 1527 1489 ut
1571 1427 1713 1490 eius
1756 1429 1971 1510 gratia
2016 1428 2335 1493 iustitiam
2382 1430 2658 1514 adsequi

245 1526 433 1610 digni
481 1527 942 1605 inueniremur,
990 1548 1194 1611 quam
1253 1549 1343 1592 ex
1402 1531 1645 1594 nostris
1695 1532 2006 1614 operibus
2058 1534 2334 1616 adsequi
2388 1533 2658 1597 minime

245 1631 635 1716 potuimus3
682 1632 1000 1712 quoniam
1039 1640 1432 1714 perpetuam
1476 1632 1659 1697 illam
1702 1635 1913 1699 uitam
1946 1634 2388 1719 adsequimur,
2427 1636 2493 1699 in
2525 1657 2660 1718 qua

246 1735 591 1798 constituti
652 1734 837 1799 liberi
897 1737 1142 1800 erimus
1201 1737 1288 1800 ab
1339 1739 1522 1800 omni
1583 1738 1958 1822 corruptela
2006 1748 2074 1803 et
2119 1740 2302 1803 omni
2349 1739 2660 1823 peccato!

247 1839 413 1904 haec
458 1848 682 1903 autem
723 1839 875 1903 ideo
913 1848 1319 1903 memoratus
1367 1852 1470 1903 est
1521 1850 1596 1905 ut
1650 1839 1797 1905 illos
1848 1841 2117 1906 doceret
2167 1843 2484 1925 quoniam
2533 1843 2661 1926 ipsi

249 1942 694 2012 misericordia
745 1942 890 2006 sola
941 1952 1280 2008 tantorum
1343 1945 1672 2009 bonorum
1727 1946 1912 2030 digni
1962 1955 2119 2011 sunt
2170 1947 2397 2012 habiti.
2489 1952 2663 2012 ‘non

249 2066 408 2129 ergo
444 2054 547 2110 est
594 2048 840 2110 iustum
885 2055 961 2111 ut
1004 2046 1153 2111 illos
1194 2057 1467 2132 propter
1503 2051 1917 2134 impietatem
1962 2052 2134 2116 odiis
2168 2071 2662 2135 prosequamur,
2700 2070 2771 2138 15

247 2160 317 2214 et
348 2151 472 2232 ipsi
502 2150 759 2214 dudum
795 2148 1126 2235 [odibiles]
1162 2151 1360 2217 fuisse
1391 2154 1825 2221 uidebamur.’

2695 1546 2773 1594 10

362 2303 563 2388 fidele
589 2303 856 2367 uerbum
877 2325 903 2381 ;
947 2313 1010 2369 et
1035 2303 1113 2368 de
1138 2304 1248 2369 his
1275 2307 1416 2371 uolo
1438 2318 1498 2371 te
1523 2307 1918 2392 confirmari,
1941 2316 2020 2370 ut
2042 2306 2307 2372 solliciti
2321 2305 2461 2371 sint
2488 2306 2668 2373 bonis

351 2534 372 2571 1
412 2519 628 2585 Spiritus
647 2521 807 2573 saneti
829 2538 862 2572 r
885 2520 894 2586 Ι
924 2520 1161 2589 opulente
1185 2519 1296 2589 (jor
1315 2522 1578 2590 ditissime)
1601 2540 1636 2575 r
1858 2538 1888 2588 3
1921 2523 2192 2577 efficiamus
2212 2526 2274 2577 H
2485 2546 2518 2590 4
2551 2526 2670 2593 quia

255 2599 374 2665 (sor
392 2601 539 2668 quae)
568 2604 611 2653 C
633 2602 779 2668 (corr)
959 2620 986 2668 5
1021 2604 1385 2655 illa...salutem
1430 2605 1506 2655 C·
1574 2605 1994 2657 illam-..salutem
2038 2608 2084 2657 C
2116 2607 2263 2670 (corr)
2456 2607 2489 2657 6
2521 2608 2670 2660 nobis

249 2699 329 2733 om
352 2699 386 2732 r
612 2698 638 2748 7
673 2701 766 2749 pro
788 2684 948 2735 forma
970 2686 1085 2750 (sor
1098 2702 1189 2751 per
1211 2686 1444 2748 sormam)
1467 2687 1529 2737 H
1742 2690 1773 2738 8
1808 2688 2001 2753 Spiritu
2022 2689 2091 2739 H
2108 2686 2116 2753 Ι
2147 2689 2197 2738 in
2219 2705 2297 2739 om
2320 2705 2353 2738 r
2376 2688 2385 2754 Ι
2415 2705 2566 2754 quam
2589 2706 2667 2739 om

257 2763 304 2812 C
320 2762 388 2811 H
399 2778 432 2810 r
561 2775 592 2827 9
622 2762 836 2827 gratiam
858 2780 892 2813 r
1039 2780 1099 2815 10
1130 2764 1466 2815 inuenit-emus
1488 2766 1555 2815 H
1696 2782 1750 2819 ιι
1787 2768 2108 2832 adsequimus
2129 2769 2197 2818 H
2324 2785 2381 2832 ¹4
2415 2769 2591 2819 habitu
2613 2771 2681 2820 Η

260 2857 317 2907 15
352 2845 797 2909 persequamusH
985 2845 1045 2897 16
1077 2848 1185 2912 ipse
1206 2845 1692 2913 H*1odibiles0m
1721 2850 1868 2899 CH:
1904 2849 2122 2900 odiosir

256 3033 551 3093 unnatura13
593 3032 709 3082 thus
749 3033 805 3084 S.
840 3033 1057 3098 Jerome‚
1098 3032 1226 3083 after
1258 3032 1416 3098 citing

257 3113 345 3164 the
376 3128 516 3163 verse
545 3113 598 3162 in
627 3113 693 3163 its
720 3114 955 3177 ordinary
988 3113 1132 3174 form,
1164 3113 1415 3180 presently

256 3212 371 3246 uses
415 3197 503 3246 the
548 3197 729 3260 phrase
777 3198 813 3222 “
827 3205 944 3246 ante
987 3197 1414 3261 regenerationem

257 3276 445 3326 lauacri
468 3274 687 3325 uitalis.”
733 3277 832 3326 Per
850 3277 1099 3341 Spiritum
1118 3284 1347 3327 sanctum
1370 3277 1414 3326 is

258 3358 346 3409 the
366 3357 634 3422 rendering
661 3356 721 3406 os
744 3357 926 3419 Lucis..
954 3358 1224 3414 Ambrstr„
1247 3357 1347 3407 and
1371 3356 1415 3407 is

257 3454 386 3489 even
407 3437 642 3488 reflected
657 3438 708 3487 in
726 3437 812 3487 the
827 3438 997 3488 Greek
1013 3437 1073 3487 os
1087 3439 1173 3488 the
1196 3439 1413 3489 Graeco-

259 3520 412 3573 Latin
455 3520 613 3571 MSS.
685 3520 952 3570 Ditissime
994 3521 1306 3582 (πλουσίως);
1354 3536 1413 3570 so

259 3604 392 3669 Aug.
413 3604 547 3661 here,
561 3603 661 3654 and
678 3619 769 3653 our
785 3601 1052 3653 translator
1063 3610 1115 3653 at
1134 3602 1249 3653 Col.
1264 3601 1332 3653 iii.
1354 3600 1415 3652 16

261 3685 321 3745 (1.
344 3702 395 3750 p.
423 3701 534 3749 30⁴»
556 3686 593 3736 1.
618 3705 666 3748 4,
692 3673 849 3748 notes.
914 3685 1087 3749 Vulg„
1113 3684 1364 3733 “abunde
1381 3680 1414 3707 ’²

263 3767 348 3829 (cf.
373 3783 391 3816 1
420 3767 554 3816 Tim.
590 3767 659 3816 vi.
684 3768 779 3829 17).
851 3766 1159 3831 Efficiamur
1179 3761 1411 3827 (γενηθῶ-

261 3848 390 3909 μεν).
457 3847 528 3898 So
551 3849 616 3898 O.
633 3849 694 3899 L.
717 3863 731 3906 ς
763 3848 938 3914 Vulg„
962 3846 1222 3899 “simus”
1276 3847 1352 3898 Cf.
1376 3860 1415 3897 1.

261 3943 315 3994 p.
344 3942 457 3991 225,
479 3927 514 3977 l.
541 3941 618 3987 20,
656 3936 793 3978 note.

330 4027 377 4072 4.
437 4024 565 4072 quae
592 4024 717 4071 ergo,
755 4007 871 4069 δια]
934 4008 1047 4059 The
1080 4009 1418 4060 construction

261 4105 425 4142 seems
463 4098 517 4139 to
556 4090 649 4140 be:
698 4093 728 4118 “
744 4088 1133 4140 misericordiam
1165 4106 1286 4156 ergo
1319 4090 1419 4141 Dei

262 4169 443 4236 quae,”
467 4171 557 4221 διο.
620 4169 733 4220 The
755 4170 1048 4220 translation
1068 4169 1128 4219 of
1142 4171 1240 4222 this
1261 4171 1421 4223 entire

262 4252 546 4319 paragraph
568 4251 610 4301 is
631 4267 772 4301 more
795 4251 915 4301 than
938 4252 1133 4317 usually
1154 4252 1379 4304 careleSS.

332 4349 378 4398 5.
450 4348 552 4383 non
574 4348 635 4382 ex
665 4332 898 4397 operibus,
940 4332 1056 4394 δια]
1123 4331 1202 4385 Cf.
1228 4334 1327 4384 Th.
1354 4349 1423 4383 on

265 4418 418 4466 Rom.
453 4415 521 4464 ix.
547 4427 640 4478 32:
677 4415 984 4474 δικαιωθῆναι
1010 4414 1109 4464 ἀπὸ
1139 4416 1237 4463 τῶν
1269 4416 1426 4477 ἔργων

263 4497 353 4546 τοῦ
401 4496 542 4553 νόμον
598 4496 849 4544 ἀδύνατον·
906 4494 982 4542 δεῖ
1030 4494 1129 4558 ’γὰρ
1180 4496 1425 4555 μηδέποτε

1517 3030 1757 3094 ἁμαρτεῖν,
1794 3030 1926 3081 ἔστιν
1958 3032 2010 3081 δὲ
2044 3032 2171 3092 ἄγαν
2204 3031 2454 3093 ἀμήχανον
2488 3030 2558 3081 ἐπ’
2591 3029 2671 3082 ἆν-

1516 3114 1719 3177 θρώτων
1754 3111 2253 3177 κρινόμενον...χάριτι
2290 3115 2344 3162 δὲ
2380 3115 2562 3175 ταύτην
2600 3116 2672 3164 δε-

1516 3196 1726 3257 δώρηται
1749 3195 1776 3246 ὀ
1798 3196 1901 3246 θεὸς
1920 3196 2018 3245 τοῖς
2038 3193 2314 3258 ἀνθρώποις,
2343 3197 2512 3247 πᾶσαν
2536 3197 2671 3258 ἡμῶν

1514 3279 1604 3337 τὴν
1647 3277 1759 3337 περὶ
1800 3272 1891 3325 τοῦ
1932 3274 2215 3340 ἁμαρτάνειν
2266 3277 2421 3339 ῥοπὴν
2470 3276 2672 3340 ἀφελεῖν

1517 3357 1859 3420 ὑποσχόμενος,
1887 3359 2085 3408 ἐπειδὰν
2108 3357 2385 3418 ἀναστήσας
2407 3356 2674 3411 ἀθανάτους

1513 3436 1809 3501 ἐργάσηται·
1840 3440 2022 3488 τούτων
2050 3439 2102 3487 δὲ
2126 3441 2313 3488 ἔνεστιν
2342 3441 2431 3489 τὰς
2461 3441 2675 3501 ἐπαγγε-

1514 3521 1624 3570 Mas
1654 3521 1830 3584 λαβεῖν
1861 3521 1939 3571 διὰ
1975 3521 2063 3580 τῆς
2097 3521 2181 3569 ἐπὶ
2218 3521 2304 3570 τὸν
2342 3521 2559 3583 Χριστὸν
2596 3523 2675 3571 πί-

1515 3616 1683 3650 στεως.
1752 3600 1849 3651 See
1882 3612 1919 3650 1.
1959 3617 2045 3666 pp.
2085 3600 2259 3651 lxxxiii
2291 3617 2388 3667 sq„
2430 3615 2508 3666 25,
2553 3602 2587 3652 l.
2624 3615 2671 3665 5,

1513 3689 1648 3732 note.

1582 3776 1631 3827 7.
1686 3770 1787 3828 per
1810 3763 2041 3827 formam
2077 3763 2277 3812 lauacri
2308 3762 2509 3822 uirtute,
2560 3762 2676 3826 δια]

1518 3842 1598 3893 Cf.
1625 3855 1666 3893 1.
1688 3860 1737 3909 p.
1761 3843 1954 3903 lxxxiii,
1985 3855 2047 3893 11.
2073 3859 2126 3908 p.
2156 3854 2262 3904 107,
2291 3844 2327 3892 l.
2352 3857 2432 3902 αι,
2460 3851 2594 3894 note.

1583 3925 1633 3974 8.
1687 3923 1963 3988 segregum't
1988 3922 2047 3972 in
2075 3922 2125 3972 d.
2166 3937 2334 3987 quam,
2378 3921 2494 3983 &c.]
2562 3923 2675 3974 The

1518 4004 1830 4071 pre-position
1851 4003 2018 4054 which
2040 4003 2093 4053 in
2115 4003 2242 4053 both
2266 4019 2359 4053 our
2390 4004 2548 4055 MSS.
2581 4004 2675 4054 fol-

1519 4089 1645 4138 lows
1672 4088 1948 4152 segregavit
1977 4101 2137 4137 seems
2170 4094 2224 4136 to
2255 4089 2450 4152 require
2481 4087 2569 4137 the
2600 4088 2674 4138 in-

1519 4171 1706 4222 sertion
1740 4170 1800 4218 of
1823 4185 1856 4219 a
1888 4168 2110 4219 relative.
2175 4169 2273 4219 But
2304 4169 2389 4219 the
2412 4170 2677 4220 translator

1521 4269 1640 4317 may
1671 4252 1800 4302 have
1836 4252 2032 4301 written
2057 4269 2071 4301 e
2107 4267 2232 4316 seg-r.
2264 4251 2322 4300 in
2351 4252 2500 4301 diliss.
2540 4252 2679 4301 nobis

1524 4333 1632 4384 bon.
1644 4332 1948 4398 finitionem
1976 4330 2230 4396 (omitting
2243 4332 2531 4395 praestitit).

1595 4426 1673 4476 17.
1716 4412 1865 4477 fidele
1895 4410 2121 4472 uerbum]
2188 4410 2332 4461 O-L.
2372 4411 2472 4460 and
2508 4411 2680 4476 vulg„

1532 4493 1746 4544 “fidelis
1773 4490 1992 4543 serm0.”
2062 4490 2388 4556 Confirmari,
2426 4491 2684 4555 deponent
