3221 5116
570 411 695 477 32²
1532 414 1914 465 APPENDIX
1962 415 2026 466 A.

567 593 811 657 certare,
840 583 1070 648 insidiis
1097 606 1203 648 eos
1233 598 1294 649 et
1320 587 1821 649 machinamentis
1849 587 2065 667 quibus
2093 599 2349 666 possunt
2377 597 2667 649 conantur
2695 594 2982 646 euertere.

567 680 927 758 scripserunt
955 685 1117 746 enim
1144 683 1259 763 ipsi
1287 684 1441 746 inter
1467 705 1533 746 se
1560 687 1772 763 procul
1801 684 1988 746 dubio
2010 687 2305 763 quaedam
2325 685 2533 762 inepta
2559 703 2714 762 quae
2741 702 2779 743 a
2807 680 2988 743 nobis

566 796 853 855 umquam
888 780 1138 843 minime
1169 782 1523 843 dicerentur.
1612 782 1876 860 denique
1918 784 2070 844 haec
2112 784 2246 861 ipsa
2289 782 2351 843 in
2397 782 2600 843 medio
2641 791 2984 841 nostrorum

567 872 922 953 scriptorum
950 878 1012 939 in
1042 882 1304 958 quadam
1334 893 1501 958 parte
1534 881 2019 958 interposuerunt
2057 892 2117 942 et
2159 881 2281 942 suis
2318 880 2704 941 familiaribus
2737 879 2988 939 demon-

507 980 541 1043 5
568 981 919 1048 strauerunt‚
949 976 1274 1054 aliquando
1302 988 1502 1038 autem
1548 988 1605 1038 et
1640 979 1858 1038 nostris
1895 977 2000 1055 qui
2031 997 2138 1055 per
2179 977 2524 1037 facilitatem
2569 995 2737 1035 suam
2781 973 2988 1034 omnia

567 1068 773 1144 pronis
807 1071 1046 1133 auribus
1082 1072 1409 1134 audiebant
1426 1095 1444 1149 ς
1486 1085 1547 1134 et
1588 1075 1708 1133 hoc
1753 1072 1925 1151 quasi
1971 1073 2421 1145 documentum,
2470 1072 2621 1132 sicut
2668 1071 2985 1148 putabant,

567 1177 806 1228 nostrae
842 1168 1162 1247 impietatis
1199 1170 1542 1232 uidentibus
1585 1170 1969 1248 praebebant.
2056 1189 2242 1231 unum
2288 1180 2489 1230 autem
2523 1189 2596 1230 ex
2627 1169 2719 1228 his
2752 1165 2988 1243 scriptis

567 1274 693 1323 erat
740 1266 895 1327 duos
942 1267 1096 1329 filios
1140 1268 1353 1330 dicere.
1441 1268 1527 1329 sic
1572 1268 1736 1329 enim
1782 1289 1892 1329 nos
1930 1270 2199 1329 fecerunt
2237 1268 2299 1327 in
2341 1269 2462 1328 hoc
2496 1286 2675 1344 opere
2712 1265 2988 1326 dicentes

569 1365 734 1441 quod
783 1377 1057 1443 oporteat
1101 1377 1306 1443 putare
1350 1377 1410 1426 et
1453 1365 1652 1427 dicere
1697 1366 1851 1426 duos
1895 1364 2067 1439 filios,
2111 1376 2171 1426 et
2219 1366 2606 1425 uehementer
2648 1382 2762 1423 nos
2805 1361 2986 1422 istum

472 1475 548 1518 10
568 1481 907 1525 sermonem
926 1465 1275 1538 defendere;
1317 1465 1464 1524 dum
1494 1483 1604 1523 nos
1634 1464 1696 1523 in
1726 1463 1827 1524 illa
1855 1464 2144 1540 scriptura
2170 1463 2393 1540 ubique
2422 1461 2737 1522 manifeste
2765 1459 2988 1520 dicere-

569 1580 703 1622 mus
731 1563 896 1639 quod
925 1581 1050 1623 non
1078 1572 1352 1639 oporteat
1379 1562 1533 1622 duos
1561 1561 1714 1621 filios
1743 1560 1955 1622 dicere.
2040 1580 2288 1622 necesse
2316 1570 2440 1621 erat
2468 1579 2610 1635 ergo
2638 1577 2764 1619 non
2791 1559 2986 1618 solum

567 1656 776 1737 inepta
822 1662 931 1722 sed
974 1661 1154 1723 etiam
1196 1659 1431 1720 infirma
1472 1659 1575 1720 illa
1629 1660 1851 1737 scripta
1903 1659 2284 1721 audientibus
2338 1660 2642 1735 adparere,
2700 1655 2988 1735 quoniam

567 1775 768 1834 neque
801 1759 969 1818 firma
994 1758 1224 1819 ratione
1252 1778 1452 1836 neque
1480 1758 1868 1819 conuenienti
1895 1759 2015 1818 hoc
2043 1756 2327 1836 possibile
2357 1767 2483 1816 erat
2512 1755 2777 1828 ostendi;
2819 1747 2879 1813 et
2908 1753 2988 1811 ab

570 1850 686 1912 illis
714 1852 937 1914 idcirco
964 1851 1249 1914 infirmius
1279 1865 1404 1914 erat
1421 1853 1846 1932 conscriptum,
1871 1867 2166 1931 quatenus
2185 1853 2285 1915 ille
2302 1853 2405 1930 qui
2428 1852 2741 1930 scripserat
2757 1848 2989 1908 facilius

474 1959 545 2022 15
571 1948 716 2011 inde
742 1951 1022 2012 conuinci
1048 1952 1358 2029 potuisset.
1446 1974 1599 2014 unus
1623 1973 1766 2031 ergo
1786 1973 1859 2014 ex
1879 1952 2094 2014 nostris
2113 1964 2354 2030 propter
2375 1954 2624 2012 multam
2645 1947 2990 2009 facilitatem

570 2046 723 2107 haec
749 2060 953 2108 nostra
980 2067 1111 2109 esse
1152 2048 1406 2110 credidit
1442 2049 1676 2127 scripta,
1718 2061 1780 2112 et
1814 2050 1990 2110 huius
2026 2050 2110 2110 rei
2143 2049 2329 2128 gratia
2366 2048 2581 2126 dignus
2613 2047 2733 2107 fide
2766 2046 2844 2104 ab
2877 2042 2994 2103 illis

571 2142 832 2206 creditus
869 2158 959 2207 est
1001 2146 1105 2223 qui
1141 2146 1256 2208 ista
1302 2150 1671 2225 perlegeret3
1716 2159 1775 2208 et
1819 2147 2183 2208 renuntiauit
2216 2147 2394 2208 nobis
2440 2166 2514 2207 ea
2556 2164 2710 2222 quae
2759 2145 2995 2203 fuerant

572 2242 805 2321 scripta.
893 2265 1031 2306 cum
1071 2266 1211 2325 ergo
1245 2245 1634 2321 audissemuS,
1679 2247 2058 2324 culpauimus
2091 2246 2335 2323 quidem
2376 2245 2561 2316 illum,
2592 2243 2753 2321 quod
2784 2252 2998 2302 contra

573 2360 685 2402 nos
713 2341 889 2402 dictis
918 2344 1293 2405 sermonibus
1322 2343 1675 2406 credidisset
1703 2345 1781 2405 de
1809 2344 1901 2404 his
1929 2344 2106 2404 rebus
2135 2362 2283 2419 quas
2311 2342 2549 2420 saepius
2578 2340 2720 2402 etin
2744 2338 3000 2400 ecclesia

472 2454 552 2498 πο
574 2450 637 2500 et
663 2439 942 2517 priuatim
972 2442 1239 2504 dicentes
1267 2462 1381 2504 nos
1409 2442 1660 2517 audiuit,
1688 2462 1827 2503 cum
1855 2441 2186 2502 fideliorem
2215 2440 2452 2521 scriptis
2481 2451 2749 2501 nostram
2776 2456 2997 2497 uocem

572 2536 837 2601 iudicare
873 2539 1144 2604 debuerit
1180 2543 1260 2603 ad
1295 2542 1730 2604 documentum
1764 2553 2002 2603 nostrae
2037 2539 2368 2603 sententiae
2406 2558 2590 2618 quam
2618 2537 2681 2598 in
2708 2534 3002 2615 dogmati-

575 2637 690 2699 bus
717 2649 926 2700 uotum
954 2650 1223 2701 nostrum
1247 2650 1339 2701 est
1365 2658 1734 2702 conseruare.

1225 2857 1345 2917 III.
1434 2856 1807 2918 AGAINST
1865 2855 2338 2917 EUNOMIUS.

678 2985 798 3038 Fac.
837 2985 906 3037 ix.
943 3001 996 3052 3:
1048 2988 1165 3039 “ab
1201 2989 1300 3038 hoc
1334 3004 1486 3054 opere
1521 2989 1603 3039 De
1631 2988 1986 3039 Incamatione
2027 2988 2094 3037 ad
2137 2987 2276 3037 aliud
2310 2986 2448 3051 quod
2482 2991 2658 3035 contra
2691 2983 3005 3034 Eunomium

579 3068 738 3119 edidit
775 3067 1135 3119 transeamus-'⁹
1202 3069 1348 3120 Phot.
1392 3070 1499 3120 bibl.
1539 3071 1651 3120 cod.
1696 3088 1755 3132 42
1817 3069 2104 3131 ἀνεγνώσθη
2139 3069 2387 3131 Θεοδώρου
2415 3066 2702 3128 Ἀντιοχέως
2743 3067 2864 3128 ὑπὲρ
2904 3067 3006 3114 Βα-

579 3149 764 3199 σιλείου
790 3151 916 3199 κατὰ
946 3151 1179 3210 Εὐνομίαν
1212 3153 1263 3201 ἐν
1296 3152 1459 3215 λόγοις
1492 3148 1658 3201 κε’...ὁ
1686 3151 1736 3201 δέ
1770 3152 2115 3214 Μοψουεστίας
2147 3148 2361 3212 γεγονὼς
2393 3151 2654 3200 ἐπίσκοπος
2687 3145 2823 3198 οὗτός
2848 3149 3008 3204 ἐστιν,

580 3231 729 3291 οἶμαι.
795 3227 871 3279 lb.
904 3231 1018 3281 cod.
1056 3244 1175 3296 1⁷⁷²
1225 3234 1360 3281 ἔστιν
1389 3235 1477 3291 μὲν
1509 3230 1648 3282 οὗτος
1669 3251 1695 3282 ο
1719 3234 1960 3294 Θεόδωρος
1983 3230 2009 3281 ὁ
2034 3234 2113 3281 καὶ
2137 3230 2242 3280 κατ’
2271 3232 2503 3288 Εὐνομίου
2523 3233 2576 3279 ἐν
2597 3228 2640 3280 κ’
2664 3232 2742 3278 καὶ
2765 3227 2811 3290 η’
2838 3231 3014 3291 λόγοις

581 3312 667 3361 οὐκ
688 3312 899 3375 ἀγεννῶς
919 3313 1294 3374 ἀγωνισάμενος,
1317 3315 1407 3373 τὴν
1430 3314 1690 3363 Βασιλείου
1710 3315 1797 3361 τοῦ
1823 3314 2087 3362 θεσπεσίου
2106 3315 2298 3374 μᾶλλον
2323 3314 2376 3361 δὲ
2396 3314 2482 3371 τῆς
2506 3312 2735 3371 ἀληθείας
2757 3314 3012 3375 κρατύνων

583 3393 743 3454 δόξαν.
812 3393 1053 3444 Leontius
1078 3392 1176 3459 (ap.
1206 3395 1330 3453 Mai,
1358 3397 1504 3460 299):
1537 3396 1600 3444 τά
1623 3412 1677 3443 τε
1708 3392 1830 3456 ὑπὲρ
1859 3396 2090 3453 Εὖνομίου
2119 3395 2242 3443 κατὰ
2273 3395 2531 3443 Βασιλείαν
2561 3396 2643 3442 τοῦ
2675 3394 2821 3442 πάνυ·
2857 3391 3015 3443 οὕτως

579 3475 681 3539 γὰρ
710 3475 810 3538 ἐγὼ
838 3476 972 3524 καλῶ
994 3478 1083 3538 τὴν
1112 3477 1270 3536 πάσης
1295 3478 1587 3540 κατηγορίας
1606 3480 1792 3538 μεστὴν
1815 3473 1937 3540 ὑπὲρ
1958 3478 2106 3525 αιἠοῦ
2128 3477 2412 3537 ἀπολογίαν.
2479 3474 2729 3538 Ebedjesu
2753 3475 3016 3525 mentions

579 3558 860 3626 separately
881 3565 983 3608 two
1004 3558 1229 3609 volumes
1258 3560 1453 3624 against
1485 3559 1774 3625 Eunomius·
1794 3558 1895 3607 and
1920 3574 2018 3608 one
2040 3560 2240 3608 volume
2275 3557 2328 3607 in
2361 3557 2568 3607 desence
2600 3557 2659 3605 of
2687 3556 2822 3606 Basil
2836 3573 2852 3615 ;
2903 3557 3014 3606 and

577 3637 626 3703 J.
656 3637 711 3688 S.
735 3638 1001 3688 Assemani
1023 3638 1190 3689 builds
1212 3655 1349 3704 upon
1372 3640 1471 3690 this
1494 3639 1836 3689 enumeration
1860 3639 2132 3704 compared
2163 3638 2285 3688 with
2309 3638 2392 3687 the
2421 3637 2572 3702 slight
2603 3638 2934 3702 discrepancy
2957 3637 3015 3687 in

583 3719 731 3772 Phot.
781 3721 931 3770 codd.
971 3739 1019 3783 4,
1063 3735 1153 3786 177
1188 3722 1276 3772 the
1314 3722 1630 3788 improbable
1673 3720 1959 3785 conjecture
2003 3722 2111 3771 that
2154 3719 2420 3770 Theodore
2455 3726 2611 3769 wrote
2654 3725 2756 3769 two
2800 3719 3017 3769 distinct

584 3803 752 3855 works
772 3818 912 3869 upon
932 3803 1019 3854 the
1039 3802 1247 3868 subject.

1658 3953 1837 4012 Boou
1880 3968 1941 4011 x,

955 4075 1121 4159 [Fae.
1152 4076 1229 4138 ix.
1262 4097 1298 4155 3
1333 4077 1397 4159 (“
1418 4088 1630 4140 contra
1657 4075 2344 4138 Eunomium...decimo
2372 4075 2525 4135 libro
2542 4071 2646 4155 '')].

715 4193 945 4255 Omnes
972 4192 1135 4253 enim
1172 4192 1386 4254 Iudaei
1421 4203 1740 4255 uenturum
1780 4189 2085 4252 Christum
2124 4208 2197 4249 ex
2240 4186 2604 4266 propheticis
2631 4187 2885 4248 uocibus
2913 4206 3026 4248 ex-

589 4292 931 4370 pectabant,
966 4309 1253 4369 magnum
1281 4290 1587 4369 quendam
1616 4301 1676 4350 et
1702 4290 2029 4349 multorum
2062 4287 2358 4348 bonorum
2391 4284 2478 4346 eis
2518 4296 2822 4362 auctorem
2863 4286 3026 4346 futu-

493 4402 570 4466 25
590 4406 740 4449 rum.
844 4399 1206 4466 quapropter
1257 4386 1657 4466 interrogante
1718 4385 1972 4448 Herode
2031 4394 2173 4463 post
2241 4401 2551 4461 magorum
2610 4380 3025 4460 praesentiam

595 4484 818 4550 scribas
856 4497 916 4548 et
953 4485 1306 4551 Pharisaeos
1340 4489 1446 4550 ubi
1480 4486 1752 4550 Christus
1778 4490 2117 4557 nasceretur,
2145 4480 2581 4562 responderunt
2607 4476 2692 4540 illi
2719 4490 2778 4540 et
2805 4479 3024 4544 locum
