3221 5116
305 409 429 478 VI.
469 412 761 498 12—14]
1018 426 1105 478 m
1153 427 1258 481 ΕΡ.
1303 427 1407 481 An
1452 426 1922 480 ‘rmornEuM
1967 427 2013 479 x.
2604 413 2722 493 183

419 618 635 663 coram
667 599 902 664 multis
934 597 1277 685 [testibusJ.

422 733 670 818 †multi
696 735 802 798 eni
809 755 874 799 m
900 742 1092 800 erant
1113 736 1229 818 qui
1253 735 1556 802 sciebant
1577 736 1854 801 beatum
1875 732 2311 800 Timotheum
2337 719 2725 799 adiunctum

306 835 508 902 fuisse
554 838 761 904 Paulo
801 840 1371 924 contemplatione
1411 843 1699 925 pietatiS,
1732 851 1940 925 utque
1971 842 2027 905 is
2070 861 2303 924 passus
2335 839 2550 904 suerat
2591 857 2728 900 non

306 939 579 1023 pauca*
674 943 937 1026 ‘itaque
968 945 1410 1020 necessarium
1452 944 1719 1028 (inquit)
1751 944 1876 1008 tibi
1922 952 2027 1009 est
2071 952 2148 1008 ut
2188 943 2373 1008 omni
2415 963 2505 1007 ex
2536 947 2729 1027 parte

306 1065 429 1127 pro
489 1054 762 1111 aeterna
821 1048 965 1111 uita
1025 1047 1323 1113 laborem
1384 1050 1716 1114 sustineas
1775 1068 1898 1132 pro
1957 1069 2091 1132 qua
2150 1057 2220 1114 et
2273 1035 2612 1113 credidisti
2659 1052 2757 1110 et.
2803 1044 2836 1113 5

304 1149 648 1216 confessus
694 1173 766 1216 es
819 1153 1160 1235 pietatem,
1208 1153 1518 1237 periculis
1570 1154 1953 1237 frequenter
1997 1153 2389 1218 adiectatuS.
2479 1150 2727 1213 iustum

306 1255 555 1318 etenim
604 1264 708 1319 est
746 1263 824 1319 ut
864 1256 1140 1322 minime
1185 1276 1276 1321 ex
1324 1257 1674 1340 posteriori
1727 1256 1987 1322 desidia
2037 1256 2154 1322 illa
2199 1255 2732 1321 exterminentur

305 1380 480 1443 quae
529 1361 829 1444 inprimis
876 1366 1036 1424 sunt
1089 1359 1460 1444 adquisita!
1545 1359 1793 1428 deinde
1841 1369 1909 1426 et
1954 1358 2109 1443 plus
2161 1379 2316 1423 eum
2364 1358 2728 1423 adhortans

306 1464 593 1529 adiecit:

422 1641 748 1725 praecipio
777 1641 847 1707 in
875 1651 1192 1725 conspectu
1222 1641 1357 1706 Dei
1380 1640 1500 1725 qui
1524 1641 1826 1726 uiuificat
1859 1640 2101 1716 omnia,
2129 1648 2192 1704 et
2220 1638 2482 1703 domino
2509 1647 2727 1703 nostro
2764 1652 2844 1700 10

303 1745 455 1809 Iesu
491 1745 746 1812 Clmlrto
779 1749 900 1831 qni
939 1747 1378 1812 testimonium
1416 1746 1706 1812 reddidit
1740 1746 1864 1810 snb
1904 1743 2145 1809 Pontio
2183 1742 2412 1807 Pilato
2444 1739 2726 1826 [bonam]

304 1851 774 1934 confessionem,
820 1851 1135 1915 custodire
1174 1860 1233 1915 te
1276 1850 1666 1914 mandatnm
1695 1848 1834 1913 sine
1876 1848 2133 1912 macula
2178 1843 2731 1930 inreprehensibile

305 1975 504 2038 usque
530 1954 626 2018 ad
648 1954 1000 2018 aduentum
1031 1953 1288 2018 domini
1312 1952 1523 2017 nostri
1547 1952 1697 2015 Iesu
1733 1950 1993 2018 Christi.

448 2106 555 2163 est
602 2098 988 2162 mandatum
1036 2106 1113 2162 ut
1144 2097 1344 2174 dicat,
1376 2096 1525 2162 ‘illa
1572 2117 1749 2181 quae
1789 2096 2108 2161 mandaui
2149 2095 2309 2162 tibi.’
2398 2096 2572 2162 bene
2599 2093 2729 2159 hoc

307 2204 378 2268 in
428 2204 577 2269 loco
627 2202 838 2287 [dicit]
886 2203 976 2267 ob
1016 2224 1218 2287 quam
1262 2223 1401 2267 rem
1449 2204 1654 2266 etiam
1701 2210 1769 2267 et
1814 2203 1882 2266 in
1914 2222 2132 2284 agone
2161 2221 2284 2285 pro
2313 2198 2447 2265 fide
2477 2208 2729 2264 certare
2763 2209 2839 2279 15

311 2329 466 2372 eum
514 2308 985 2393 praecipiebat.
1074 2309 1253 2372 unde
1295 2317 1365 2371 et
1404 2315 1815 2372 memoratus
1865 2306 2111 2373 Christi
2155 2308 2539 2383 aduentum,
2572 2324 2730 2370 con-

307 2414 581 2479 firmans
613 2422 816 2497 atque
846 2411 1188 2477 stabiliens
1219 2412 1399 2495 quod
1434 2411 1801 2476 necessarie
1830 2411 2059 2494 utique
2090 2412 2215 2475 erit
2244 2411 2528 2478 adiecit:

434 2611 686 2678 πολλοὶ
731 2610 859 2700 ’γὰρ
910 2610 1086 2692 ἦσαν
1133 2609 1199 2677 οἱ
1240 2608 1354 2677 τὸν
1391 2608 1722 2698 μακάρων
1762 2607 2086 2694 Τιμόθεον
2135 2606 2426 2675 συνόντα
2468 2606 2564 2696 τῷ
2603 2633 2728 2692 μα-

304 2712 513 2800 καρίῳ
556 2712 826 2798 ’Παύλῳ
877 2710 1219 2791 εὐσεβείας
1270 2711 1487 2780 ἕνεκεν
1534 2711 1786 2793 εἰδότες,
1832 2712 1946 2780 καὶ
1998 2710 2134 2797 μὴν
2182 2710 2297 2778 καὶ
2346 2710 2730 2778 πεπονθότα

307 2814 424 2881 οὐκ
468 2815 667 2900 ὀλίγα
712 2814 823 2883 διὰ
864 2814 1133 2900 ταύτην.
2756 2818 2843 2869 ²0

408 3003 430 3037 1
468 2987 678 3037 testibus
698 3002 778 3039 om
804 2986 850 3037 C
866 2986 934 3036 H
1169 3000 1200 3036 ο
1233 2992 1403 3037 autem
1424 2983 1543 3050 (for
1562 2982 1719 3050 enim)
1741 2985 1813 3035 Η
2076 3000 2107 3049 3
2139 2990 2291 3051 atque
2311 2984 2391 3035 his
2411 2999 2446 3035 r
2695 3004 2729 3049 4

305 3067 399 3118 tibi
420 3084 610 3119 necess.
635 3066 701 3132 r!
729 3075 782 3120 te
805 3068 921 3132 (for
938 3067 1052 3129 tibi)
1082 3066 1161 3117 C*
1187 3067 1254 3117 Η
1440 3080 1470 3132 5
1504 3075 1555 3118 et
1579 3066 1919 3132 (Μαῖα-ηε.)
1940 3065 2048 3116 add
2066 3066 2111 3116 C
2312 3063 2343 3115 6
2375 3066 2661 3118 adsectatus
2686 3067 2732 3116 C

308 3162 336 3213 7
369 3157 446 3200 est
467 3151 653 3201 etenim
675 3150 745 3199 Η
924 3151 956 3200 8
988 3148 1282 3199 adhortatus
1303 3164 1338 3198 r
1516 3163 1561 3214 ‚9
1592 3148 1748 3199 adicit
1774 3149 1821 3199 C
1880 3147 2050 3198 subdit
2072 3163 2106 3197 r
2299 3163 2360 3200 ιο
2390 3148 2527 3200 dom.
2541 3154 2726 3198 nostro

304 3245 385 3278 om
408 3246 440 3277 r
465 3246 525 3281 ιο
548 3230 669 3280 Chr.
695 3229 740 3279 1.
768 3245 802 3279 r
947 3245 1002 3283 11
1041 3230 1227 3279 bonam
1249 3245 1328 3279 om
1355 3228 1480 3279 CH
1612 3242 1671 3279 ια
1704 3234 1762 3279 ut
1783 3244 1951 3280 semes
1974 3228 2092 3293 (for
2110 3228 2380 3290 custodire)
2401 3243 2435 3276 r
2579 3243 2639 3293 ¹4
2672 3227 2727 3279 in

305 3313 405 3362 hoc
427 3312 540 3363 loco
568 3312 612 3362 C
787 3325 843 3376 15
878 3310 1001 3362 dicit
1021 3327 1101 3361 om
1128 3311 1173 3360 C
1191 3312 1259 3360 H
1271 3328 1304 3359 r
1326 3309 1336 3375 Ι
1364 3310 1550 3360 distare
1573 3310 1693 3375 (for
1709 3311 1921 3371 certare)
1944 3310 2014 3359 Η
2183 3308 2243 3359 16
2274 3316 2350 3360 est
2374 3309 2473 3374 (ast
2491 3309 2726 3370 memor.)

304 3394 410 3443 add
433 3409 467 3443 r
664 3405 720 3457 17
754 3392 1086 3442 necessarium
1118 3390 1197 3442 θ’
1260 3390 1539 3441 necessario
1561 3389 1629 3455 νΙ
1657 3396 1764 3441 erat
1790 3398 1841 3441 et
1870 3388 1985 3456 (sor
2012 3388 2126 3454 erit)
2162 3391 2207 3440 C
2236 3390 2386 3454 (corr)
2415 3387 2425 3455 Ι
2452 3390 2607 3441 adicit
2634 3391 2678 3442 C
2697 3404 2731 3440 r

312 3475 370 3524 18
404 3490 479 3540 sq.
506 3474 660 3525 Coisl.
691 3490 802 3534 204,
829 3472 865 3523 f.
895 3488 991 3539 '²09
1013 3488 1045 3522 a
1066 3473 1174 3535 [Cr.
1197 3471 1282 3522 vii.
1311 3474 1393 3535 48,
1421 3472 1465 3520 F
1466 3488 1507 3521 r.
1538 3469 1655 3536 154]
1687 3472 1930 3536 θεόδωρος.
1995 3471 2264 3530 τουτέστιν,
2294 3473 2366 3532 μὴ
2399 3473 2728 3535 καταισχύνῃς

303 3555 394 3616 τὴν
422 3559 694 3622 παρρησίαν
715 3558 902 3617 ἐκείνην
928 3555 1152 3620 [Chrys.,
1178 3554 1242 3607 cf.
1280 3554 1408 3616 Fr.]·
1442 3555 1624 3604 πολλοὶ
1651 3554 1768 3618 γάρ,
1803 3556 1953 3604 ner-k·
2199 3552 2285 3604 Cr.
2312 3561 2458 3605 notes
2476 3571 2492 3604 ε
2538 3557 2570 3583 “
2585 3555 2727 3607 deest

306 3639 514 3689 verbum
546 3639 753 3704 aliquod
767 3636 798 3661 ’³
831 3638 968 3703 [post
1001 3636 1265 3700 Τιμόθεον]
1336 3635 1570 3700 Nothing
1601 3635 1645 3687 is
1678 3636 1904 3702 wanting
1932 3636 1987 3686 in
2017 3635 2106 3688 the
2140 3636 2256 3689 MS.
2459 3649 2521 3701 19
2553 3635 2727 3697 beuter,

308 3720 485 3770 εἰδότες
505 3721 588 3769 καὶ
610 3719 695 3771 Cr.

378 3883 422 3917 1.
489 3865 702 3929 testibus]
761 3866 993 3918 Another
1014 3866 1293 3918 accidental
1315 3864 1467 3917 omis·
1568 3866 1826 3917 doubtless
1848 3872 2127 3931 represents
2149 3864 2235 3917 the
2261 3872 2366 3915 text
2396 3864 2457 3916 of
2480 3863 2606 3924 Th.;
2639 3864 2728 3917 the

308 3947 437 3996 sion.
505 3947 567 3996 In
592 3946 678 3997 the
698 3946 1077 4012 interpretation
1098 3947 1198 3997 Th.
1221 3961 1383 3996 seems
1413 3954 1467 3995 to
1568 3949 1720 3999 Latin
1734 3948 1956 3999 versione
1969 3948 2097 3998 have
2110 3947 2544 4013 simply“Christo
2558 3947 2732 3999 Iesu.”

308 4028 457 4079 stand
477 4028 640 4079 alone.
708 4030 881 4094 Pelag.
906 4036 1184 4094 represents
1217 4028 1303 4078 the
1335 4027 1466 4078 ordi-
1572 4029 1637 4079 In
1666 4029 1846 4095 Chi-ys-
1881 4030 1984 4079 and
2016 4029 2172 4079 Thdt.
2206 4030 2293 4079 the
2323 4029 2558 4095 readings
2587 4046 2724 4095 vary.

308 4126 433 4175 nary
485 4111 642 4161 view:
714 4112 753 4137 ‘⁸
765 4127 937 4161 coram
989 4110 1333 4163 sacerdotibus
1385 4108 1469 4158 uel
1567 4112 1769 4161 Bonam
1790 4112 1882 4161 has
1903 4111 2032 4161 been
2049 4111 2313 4175 carelessly
2329 4111 2540 4162 omitted
2557 4112 2626 4176 by
2641 4112 2728 4163 the

308 4193 563 4254 ministriS‚
588 4192 955 4259 uirtutibusque
977 4191 1323 4244 caelestibus.''
1568 4194 1783 4254 scribes3
1817 4192 1880 4243 cf.
1909 4200 2082 4258 supra,
2116 4209 2170 4258 p.
2209 4196 2317 4255 182,
2349 4194 2383 4243 l.
2413 4210 2489 4244 η.
2561 4195 2728 4244 Custo-

334 4286 343 4293 “
373 4274 422 4326 6.
476 4275 768 4338 adiectam]
834 4275 1152 4340 Apparently
1185 4275 1310 4325 used
1347 4290 1460 4325 as=
1567 4274 1710 4332 Δίνη
1747 4275 1905 4334 Tert„
1950 4275 1986 4299 “
2000 4281 2054 4323 ut
2088 4272 2402 4333 custodias;”
2442 4274 2509 4326 Ο.
2532 4275 2594 4325 L.
2626 4275 2731 4326 and

308 4355 538 4407 iactatus.
601 4356 698 4407 See
718 4356 954 4407 however
974 4356 1061 4408 the
1081 4356 1275 4407 variant
1297 4357 1352 4406 in
1379 4359 1436 4408 C.
1569 4355 1742 4420 vulg„
1776 4356 1812 4381 ‘¹
1826 4362 1882 4405 ut
1905 4352 2121 4405 serua?

383 4454 460 4489 10.
514 4440 572 4489 in
610 4446 861 4504 conspectu
898 4439 1019 4502 Dei]
1086 4440 1157 4492 So
1196 4440 1471 4499 Ambrstr.;
1644 4453 1719 4502 ¹4·
1774 4445 1834 4487 ut
1857 4437 2006 4498 derat,
2049 4436 2198 4497 ‘illd’
2228 4438 2346 4502 Ere-J
2409 4438 2590 4490 ‘rhdm
2620 4456 2728 4491 του·

310 4518 481 4583 Vuig.,
528 4520 564 4547 ‘⁴
579 4534 747 4569 coram
782 4516 947 4569 Deo.”
1011 4518 1085 4568 D.
1109 4533 1164 4567 n.
1190 4519 1239 4568 I.
1274 4518 1474 4569 Christo
1572 4518 1752 4581 recu-w,
1775 4510 1934 4567 ταῦτα
1955 4515 1987 4566 ἃ
2004 4517 2199 4580 γράφω.
