3221 5116
277 382 370 450 ΙΙ.
401 383 493 470 6.]
825 397 909 448 m
957 396 1063 448 ΕΡ.
1108 396 1212 447 AD
1258 393 2003 448 THESSALONICENSES
2049 394 2124 447 11.
2623 398 2699 465 53

275 564 660 647 apostolum
718 574 782 629 et
831 585 1000 628 nunc
1054 564 1231 646 quod
1274 563 1552 643 detinet‚·
1628 586 1709 630 eo
1757 566 1936 648 quod
2002 570 2200 631 ‘tunc
2260 564 2530 651 (inquit)
2592 566 2703 633 ille

275 665 626 745 uidebitur,
658 665 843 731 atubi
877 666 1165 749 Spiritus
1202 668 1458 750 gratiae
1489 668 1576 731 ad
1607 668 1880 750 plenum
1902 668 2259 746 destiterit,
2291 679 2360 734 et
2388 669 2702 752 perficere

274 769 766 853 inoperationes
815 771 883 834 in
928 782 1162 854 aperto
1213 768 1537 835 cessabit!
1627 770 1748 835 sed
1802 768 1984 854 †hoc
2035 772 2198 836 mihi
2248 792 2384 836 non
2437 773 2704 837 uidetur

274 890 423 935 esse
450 881 610 955 apte
639 873 911 949 dictum,
944 892 1025 936 eo
1057 872 1238 956 quod
1270 883 1340 936 et
1368 881 1797 937 cessauerunt
1827 895 1917 937 ex
1949 875 2173 945 ‚multo
2216 875 2348 939 iam
2396 884 2701 959 ternpore

275 978 769 1060 inoperationes
802 977 1104 1061 Spiritus,
1172 978 1250 1051 ¹si
1283 997 1441 1041 uero
1471 978 1622 1061 quis
1654 978 1939 1043 uoluerit
1971 980 2190 1044 dicere
2222 1001 2356 1044 non
2388 1000 2699 1059 cessasse,
2775 996 2805 1065 5

277 1105 362 1147 eo
392 1084 574 1166 quod
615 1091 682 1147 et
718 1082 805 1146 ab
846 1081 1177 1165 aliquibus
1215 1080 1436 1144 adhuc
1476 1101 1596 1164 per
1638 1082 2008 1145 orationem
2052 1082 2218 1147 fiant
2258 1082 2499 1165 aliqua,
2543 1084 2698 1149 licet

275 1185 334 1248 si
366 1195 434 1250 et
464 1204 650 1263 rare3
694 1184 1059 1248 secundum
1102 1183 1304 1267 igitur
1347 1182 1524 1246 hunc
1556 1181 1836 1246 modum
1878 1202 2098 1266 neque
2142 1204 2400 1248 cessare
2431 1184 2696 1269 adsere,

276 1309 362 1353 eo
413 1289 597 1373 quod
648 1309 868 1372 neque
919 1286 1205 1354 deficere
1251 1286 1336 1350 ad
1392 1285 1670 1369 plenum
1724 1286 1939 1349 sancti
1994 1306 2315 1368 umquam
2365 1296 2698 1369 poterunt.

276 1403 473 1459 erunt
523 1393 703 1457 enim
749 1401 817 1457 et
859 1399 1023 1456 tunc
1066 1392 1181 1474 qui
1234 1410 1369 1454 non
1419 1389 1788 1471 suscipient
1832 1389 1974 1453 eius
2018 1390 2414 1465 doctrinam,
2465 1393 2579 1475 qui
2629 1404 2699 1457 et

278 1496 438 1561 clari
490 1504 682 1561 erunt
740 1493 1312 1577 contemplatione
1363 1493 1635 1576 pietatis
1679 1494 2101 1558 decertantes
2148 1493 2471 1560 aduersus
2524 1520 2694 1565 eum.
2734 1522 2810 1571 ιο

410 1673 484 1741 οὐ
540 1673 819 1742 πιθανὸν
875 1673 1097 1759 ἔμοιγε
1155 1672 1461 1761 φαίνεται
1519 1675 1735 1753 τοῦτο,
1796 1672 1941 1739 ἐπεὶ
1998 1671 2113 1739 καὶ
2178 1672 2551 1741 ἐπαύσαντο
2626 1676 2700 1740 ἐκ

281 1776 587 1849 πλείονος
620 1777 742 1859 ἤδη
781 1780 899 1844 τοῦ
925 1778 1169 1868 χρόνον
1216 1775 1317 1863 [αἱ
1353 1779 1472 1844 τοῦ
1499 1774 1871 1860 πνεύματος
1908 1776 2267 1863 ε’νερνγεΐαι]
2357 1778 2416 1845 εἰ
2444 1778 2571 1868 γάρ
2599 1806 2699 1850 τις·

275 1879 370 1965 μὴ
404 1880 794 1948 πεπαῦσθαι
811 1879 1132 1961 βούλοιτο
1153 1879 1374 1967 λέγειν
1396 1878 1507 1946 διὰ
1525 1879 1601 1947 τὸ
1622 1880 1806 1967 παρά
1832 1906 2031 1946 τινων
2063 1879 2286 1967 [κατὰ]
2313 1881 2700 1971 προσευχὴν

276 1985 582 2071 «γίνεσθαι
610 1985 785 2053 κατὰ
819 1985 895 2053 τὸ
936 1986 1223 2052 σπάνιον
1268 1983 1425 2064 ἔνια,
1470 1984 1617 2051 οὐδὲ
1660 1984 2080 2066 παυθήσεται
2121 1983 2298 2051 κατά
2338 2013 2416 2070 γε
2464 1991 2698 2054 τοῦτον

279 2088 396 2155 τὸν
439 2088 700 2177 τρόπον,
759 2087 903 2156 ἐπεὶ
958 2087 1123 2174 μηδὲ
1185 2086 1557 2154 ἐπιλείπειν
1616 2086 1837 2167 πάντη
1897 2084 2046 2157 τοὺς
2103 2085 2326 2169 ὡγίους
2400 2087 2537 2155 οἷόν
2608 2115 2699 2169 τε,
2734 2111 2804 2179 15

279 2191 602 2276 ἐσομένων
646 2191 759 2259 καὶ
805 2190 955 2261 τότε
1001 2196 1130 2259 τῶν
1176 2189 1252 2258 οὐ
1297 2190 1747 2278 προσιεμένων
1786 2188 1905 2271 τὴν
1952 2189 2197 2258 ἐκείνου
2243 2189 2699 2274 διδασκαλίαν,

281 2295 353 2363 οἳ
413 2295 525 2364 καὶ
571 2295 1077 2386 διαλάμψουσιν
1123 2298 1194 2363 ἐν
1245 2301 1383 2366 τοῖς
1429 2294 1596 2385 ὑπὲρ
1646 2295 1989 2377 εὐσεβείας
2035 2295 2308 2381 ἀγῶσιν.
2394 2297 2576 2382 λε’νγει
2628 2299 2700 2367 δὲ

382 2485 411 2521 2
455 2469 609 2520 adubi
636 2467 705 2519 C*
774 2467 861 2517 ubi
889 2467 933 2517 C
953 2465 1100 2533 (corr)
1343 2486 1375 2531 4
1421 2473 1472 2516 et
1494 2481 1573 2514 om
1600 2465 1645 2514 C
1665 2462 1813 2530 (corr)

281 2567 309 2618 7
347 2553 434 2605 fiet
457 2553 570 2619 (fir
587 2553 631 2604 si
651 2553 720 2616 et)
751 2553 795 2603 C
821 2549 831 2619 Ι
857 2569 969 2603 raro
997 2552 1040 2603 C
1061 2549 1204 2617 (corr)
1235 2548 1245 2618 Ι
1271 2568 1370 2602 sec.
1394 2551 1528 2602 hunc
1550 2550 1702 2616 igitur
1728 2549 1771 2600 C
1986 2551 2017 2602 8
2051 2550 2303 2617 potuerint
2327 2548 2415 2602 H*
2482 2552 2701 2619 poterint

281 2637 343 2685 H
374 2631 521 2699 (corr)
772 2649 804 2701 9
836 2641 979 2683 erant
1016 2631 1089 2683 C*
1324 2642 1383 2682 to
1416 2632 1717 2682 decertantis
1754 2629 1827 2680 C*
2062 2646 2115 2681 ιι
2156 2632 2312 2682 Coisl.
2345 2648 2457 2696 204,
2489 2633 2524 2683 f.
2562 2636 2701 2684 182a

281 2717 391 2779 [Cr.
426 2716 494 2765 vi.
529 2717 694 2781 388·9,
733 2715 818 2766 Fr.
865 2715 1033 2779 147·8]
1065 2712 1339 2777 σευηριανός
1374 2715 1426 2765 δὲ
1454 2712 1511 2764 τό
1543 2713 1754 2774 κατέχον
1794 2713 1944 2775 φησὶν
1979 2713 2069 2772 τὴν
2111 2710 2202 2761 τοῦ
2244 2713 2385 2775 ἁγίου
2428 2716 2702 2774 πνεύματος

282 2798 444 2859 χάριν.
527 2795 753 2860 θεόδωρος
799 2796 851 2845 δὲ
896 2795 1065 2855 ὁμοίως
1106 2796 1179 2856 τῷ
1214 2794 1437 2856 μακαρίῳ
1478 2791 1651 2854 ἱωιίννῃ
1692 2794 1875 2851 ταύτην
1919 2793 1977 2840 οὐ
2018 2794 2271 2855 προσίεται
2313 2794 2406 2853 τὴν
2450 2795 2702 2856 ἐξήγησιν,

283 2879 502 2943 φάσκων·
526 2877 581 2930 οὖ
602 2875 825 2936 πιθανόν,
850 2882 996 2928 κ.τ.λ.
1142 2892 1199 2926 12
1233 2878 1285 2925 ai
1305 2894 1350 2925 τ.
1376 2894 1455 2925 mr.
1479 2877 1530 2924 ἐν
1550 2890 1651 2925 om.
1680 2874 1794 2924 cod.
1823 2873 1936 2923 edd.
2075 2889 2133 2938 13
2168 2875 2296 2923 κατὰ
2316 2891 2416 2926 om.
2445 2877 2554 2926 cod.
2580 2877 2698 2927 edd.

2056 2479 2084 2529 5
2119 2466 2160 2515 si
2184 2466 2295 2531 quis
2318 2483 2438 2517 uero
2459 2468 2619 2518 uoluit
2642 2470 2711 2519 H

284 3028 373 3082 the
408 3027 549 3079 mind
584 3026 644 3078 os
675 3027 835 3077 either
855 3027 1010 3077 Thdt.
1040 3042 1097 3076 or
1119 3026 1217 3075 Th.
1286 3025 1441 3074 Later

283 3117 688 3171 commentatorS,
727 3109 852 3159 both
883 3108 983 3160 Gk.
1019 3109 1121 3158 and
1162 3107 1329 3164 Latin,
1366 3122 1441 3156 re-

1528 3023 1725 3092 tabi-nv
1768 3020 1884 3084 [τήν
1944 3024 2308 3086 κεφαλαλγίαν]
2357 3021 2384 3074 ὅ
2438 3025 2702 3089 Μαρουθᾶς

1541 3104 1746 3165 εὐχαῖς
1769 3101 2110 3167 ἐθεράπευσεν·
2146 3106 2316 3171 infru:
2348 3107 2551 3166 δαίμονα
2572 3107 2700 3170 ἀπή·

282 3191 465 3243 turned
499 3198 554 3241 to
586 3190 671 3240 the
703 3189 904 3240 ancient
924 3188 1307 3254 interpretation
1330 3202 1439 3252 pre·

283 3271 448 3324 serred
469 3269 539 3334 by
562 3269 908 3333 chrysostom.

357 3365 401 3400 1.
467 3355 512 3398 et
526 3365 664 3398 nunc
677 3348 811 3412 quod
819 3345 892 3408 d.]
926 3345 1040 3394 The
1057 3343 1221 3394 words
1237 3349 1284 3393 et
1304 3358 1442 3393 nunc

282 3432 404 3483 here
433 3430 534 3480 and
565 3444 704 3478 nunc
733 3427 804 3491 (p.
832 3441 910 3489 54,
933 3426 989 3475 11.
1021 3438 1063 3481 1,
1088 3423 1137 3486 4)
1170 3438 1357 3489 appear
1386 3430 1439 3472 to

282 3515 411 3564 have
435 3513 563 3562 been
591 3510 809 3560 inserted
838 3508 906 3573 by
928 3508 1013 3557 the
1044 3505 1336 3566 translator3
1370 3506 1431 3556 cs.

285 3599 373 3649 the
395 3597 518 3654 Gk..
542 3613 593 3661 p.
622 3610 703 3660 54,
726 3594 783 3646 11.
812 3608 891 3656 15,
923 3594 998 3642 18.

347 3700 399 3744 4.
465 3694 577 3728 cess.
621 3693 681 3727 ex
725 3675 880 3725 multo
922 3676 1025 3723 iam
1057 3680 1278 3737 tempore,
1323 3670 1437 3733 δια]

286 3763 497 3827 Chrys.:
554 3760 634 3810 καὶ
687 3760 788 3821 γὰρ
831 3757 988 3805 τάλαι
1039 3752 1325 3804 ἐκλέλοιπεν
1372 3755 1438 3801 τὰ

284 3844 572 3906 χαρίσματα
598 3839 700 3904 (see
721 3840 816 3889 last
839 3839 993 3898 note).
1034 3837 1137 3886 For
1159 3836 1245 3886 the
1267 3836 1442 3886 earlier

285 3927 524 3977 evidence
574 3939 643 3973 on
686 3922 784 3972 this
824 3920 1017 3986 subject
1061 3919 1125 3968 cs.
1158 3918 1324 3983 Justin
1364 3920 1438 3967 M.

285 4007 412 4072 apol.
464 4004 517 4055 ii.
570 4002 616 4064 6,
683 4003 863 4067 Tryph.
914 4016 1010 4066 393
1080 4001 1208 4050 Iren.
1269 4000 1323 4048 ii.
1376 4011 1434 4063 31

286 4091 314 4150 g
351 4103 398 4144 α,
436 4102 496 4151 3²
544 4087 572 4145 ἕ
608 4104 639 4148 4
653 4103 669 4146 ς
717 4084 856 4133 Tert.
896 4083 1020 4148 apol.
1064 4096 1156 4146 373
1211 4080 1353 4146 Orig.
1397 4097 1438 4129 c.

289 4171 410 4222 Cels.
440 4169 470 4219 i.
505 4186 550 4229 α,
578 4167 672 4229 46;
706 4169 828 4218 Eus.
856 4167 1007 4216 ΛΚΕ.
1036 4165 1099 4215 vi.
1131 4181 1176 4232 9.
1237 4164 1442 4229 Among

286 4256 373 4305 the
427 4254 524 4304 few
571 4251 798 4302 miracles
847 4250 1075 4314 wrought
1131 4249 1309 4298 within
1361 4249 1439 4298 his

285 4353 400 4388 own
446 4350 670 4398 memory
703 4343 798 4398 per
833 4333 1121 4392 orationem,
1171 4331 1443 4381 Theodore

286 4432 400 4482 may
449 4416 580 4466 have
634 4413 868 4468 included
912 4413 1055 4462 those
1108 4410 1333 4460 ascribed
1389 4417 1443 4460 to

289 4501 340 4551 S.
370 4497 634 4550 Marathus
666 4496 724 4547 of
758 4495 960 4562 Tagrit3
993 4494 1058 4544 cf.
1096 4493 1239 4544 Soet.
1274 4493 1356 4543 vii.
1382 4494 1438 4542 8:

1540 3189 1711 3236 λασαν
1756 3187 1998 3246 νηστείαις
2044 3188 2127 3235 καὶ
2173 3189 2471 3249 προσευχαῖς
2512 3190 2699 3250 σχολά-

1540 3284 1738 3317 σαντες.
1806 3267 1991 3332 Comp.
2032 3268 2117 3318 the
2166 3276 2550 3340 contemporary
2602 3278 2699 3320 tes-

1542 3350 1737 3413 timony
1750 3348 1809 3399 os
1825 3349 1880 3400 S.
1907 3350 2188 3414 Augustine
2209 3350 2285 3414 (de
2301 3352 2434 3402 cinit.
2457 3353 2561 3401 Dei
2580 3352 2697 3403 xxii.

1543 3433 1618 3492 8):
1660 3432 1865 3481 “etiam
1899 3447 2031 3482 nunc
2069 3431 2194 3481 fiunt
2228 3432 2469 3482 miracula
2504 3434 2556 3482 in
2592 3434 2700 3485 eius

1540 3511 1631 3573 [sc.
1661 3511 1870 3572 Christi]
1896 3512 2116 3570 nomine,
2140 3512 2246 3562 siue
2275 3529 2367 3577 per
2389 3522 2700 3563 sacramenta

1538 3593 1663 3652 eius,
1690 3592 1795 3642 siue
1831 3609 1943 3656 per
1976 3591 2348 3642 orationes.’'

1606 3675 1845 3724 Rabanus
1865 3672 1966 3738 (see
1979 3691 2061 3722 vv·
2077 3675 2155 3734 ll.)
2179 3674 2329 3724 omits
2344 3674 2443 3723 this
2466 3689 2692 3738 passage,

1542 3755 1790 3822 probably
1814 3754 1891 3804 sor
1924 3756 2010 3805 the
2042 3771 2216 3804 reason
2255 3755 2464 3819 pointed
2499 3763 2587 3804 out
2631 3756 2700 3821 by

1543 3837 1622 3887 Dr
1647 3836 1850 3901 Jacobi:
1891 3837 2070 3901 “quae
2103 3836 2256 3886 uerba
2283 3837 2362 3897 R„
2392 3836 2530 3886 cuius
2562 3847 2700 3887 aetas

1542 3926 1592 3968 et
1629 3918 1922 3968 credulitate
1960 3927 2008 3969 et
2046 3918 2173 3968 fictis
2216 3919 2467 3969 miraculis
2510 3921 2699 3981 horret,

1541 4000 1758 4065 recipere
1782 4015 1929 4049 ausus
1950 4016 2053 4049 non
2073 4008 2164 4050 est.
2181 3998 2211 4021 ”

1606 4081 1657 4133 6.
1723 4084 1829 4131 licet
1846 4083 1913 4144 st]
1981 4082 2061 4132 Cf.
2088 4095 2126 4132 1.
2148 4100 2195 4148 p.
2224 4098 2336 4141 ποτ,
2360 4084 2394 4133 1.
2425 4087 2498 4147 18,
2525 4095 2661 4135 note.

1614 4180 1689 4215 10.
1756 4166 2156 4229 contemplatione
2204 4169 2420 4232 pielalis]
2501 4170 2579 4219 To
2635 4170 2699 4219 be

1543 4246 1819 4295 connected
1854 4247 1974 4295 with
2012 4247 2315 4308 decertantes,
2367 4265 2421 4297 as
2463 4249 2548 4299 the
2591 4250 2692 4301 Gk.

1542 4329 1705 4380 shews
1718 4334 1803 4365 —“
1816 4329 1929 4379 who
1952 4330 2059 4380 also
2077 4332 2204 4381 shall
2222 4332 2520 4396 distinguish
2541 4333 2698 4382 them-

1542 4411 1702 4461 selves
1724 4410 1777 4460 in
1795 4411 1881 4461 the
1902 4414 2120 4479 struggle
2138 4414 2215 4465 sor
2232 4414 2317 4465 the
2335 4415 2484 4464 Faith
2503 4416 2699 4480 against

1542 4492 1629 4543 the
1653 4492 2010 4546 Antichristss’.
