3221 5116
466 372 510 433 6
1134 381 1592 432 TnEononus
1642 380 2229 431 MOPSUESTENUS
2542 365 2619 448 [Ι.
2655 366 2886 427 8-1o-

601 562 617 587 ‘
637 577 757 619 uos
788 556 967 619 enim
1001 556 1423 638 inspicientes
1456 556 1547 618 illi
1580 555 1693 638 qui
1728 555 1792 618 in
1827 554 2227 619 Macedonia
2250 563 2407 619 sunt
2425 561 2493 618 et
2516 552 2795 626 Achaia,
2820 559 2888 614 et

468 659 749 722 credunt
801 667 869 722 et
917 657 1244 747 sustinent
1290 659 1836 740 persecutionem,
1888 658 2352 721 erubescentes
2403 677 2487 719 ne
2534 652 2888 718 dissimiles

473 759 665 821 uobis
697 760 765 822 in
805 759 931 821 hoc
963 760 1227 822 saeculo
1260 759 1647 823 uideantur.²
1737 769 1806 824 et
1835 759 2403 842 quemadmodum
2433 756 2687 819 formae
2718 756 2889 818 exti-

474 869 699 925 terunt
728 861 991 923 illorum
1023 862 1134 943 qui
1168 881 1240 923 se
1270 881 1402 924 non
1436 861 1790 924 uiderant?

411 1030 443 1097 5
603 1035 648 1076 a
700 1012 877 1076 uobis
924 1012 1098 1077 enim
1149 1012 1568 1093 diffamatum
1619 1023 1716 1076 est
1764 1010 2028 1076 uerbum
2072 1011 2352 1074 Domini
2396 1032 2521 1074 non
2566 1010 2774 1074 solum
2822 1009 2892 1071 in

473 1113 861 1178 Macedonia
909 1125 973 1178 et
1014 1113 1287 1193 Achaia,
1340 1115 1458 1178 sed
1498 1124 1560 1179 et
1607 1114 1678 1178 in
1724 1114 1906 1178 omni
1953 1115 2078 1178 loco
2109 1113 2287 1198 fides
2331 1124 2548 1178 nestra
2594 1133 2756 1196 quae
2803 1109 2902 1173 ad

473 1221 690 1284 Deum
733 1218 950 1283 arinit.

606 1343 922 1425 †uerbum
985 1345 1112 1409 Dei
1161 1344 1290 1410 hoc
1343 1346 1408 1424 in
1460 1346 1607 1409 loco
1657 1366 1792 1410 non
1838 1345 2040 1409 fidem
2093 1345 2272 1421 dicit,
2326 1364 2449 1407 nec
2500 1343 2679 1407 enim
2728 1340 2893 1404 fides

478 1452 565 1515 ab
615 1451 741 1514 illis
792 1451 1049 1532 accepit
1110 1451 1551 1534 principium;
1613 1452 1765 1513 ‘sed
1822 1470 2058 1514 omnes
2116 1446 2388 1533 (inquit),
2436 1454 2896 1530 cognouerunt

265 1624 269 1628 ,
375 1574 452 1621 10
478 1563 732 1634 quanta
779 1573 902 1635 pro
955 1552 1085 1615 fide
1139 1554 1315 1634 passi
1372 1554 1550 1628 estiS,
1600 1562 1668 1616 et
1716 1573 1952 1615 omnes
1993 1551 2150 1615 fidei
2197 1562 2462 1614 uestrae
2510 1548 2896 1612 firmitatem

479 1654 818 1729 mirantur,
859 1654 954 1716 ita
999 1663 1073 1717 ut
1117 1664 1185 1717 et
1231 1655 1473 1718 alteros
1519 1652 2053 1718 adhortentur.*'

609 1766 680 1819 et
729 1757 1179 1820 abundantius
1225 1757 1339 1820 illa
1384 1758 1530 1840 ipsa
1575 1760 2053 1840 constringens
2098 1757 2234 1821 ait:

612 1920 708 1984 ita
748 1930 826 1983 ut
861 1942 985 1984 non
1026 1942 1258 1985 necesse
1295 1921 1645 1987 habeamus
1683 1923 1859 2006 loqui
1899 1922 2195 2005 aliquid,·
2257 1923 2383 2005 ipsi
2413 1922 2585 1986 enim
2614 1922 2692 1985 de
2721 1920 2901 1985 nobis

481 2026 886 2089 adnuntiant
921 2026 1174 2107 qualem
1218 2010 1558 2089 introitnm
1598 2025 1947 2089 habuimus
1994 2026 2092 2089 aa'
2135 2047 2264 2101 um,
2304 2035 2368 2089 et
2410 2025 2714 2107 quomodo
2758 2046 2900 2088 con-

379 2147 449 2214 15
484 2130 662 2193 uersi
701 2129 855 2192 estis
905 2129 1001 2192 ad
1040 2128 1400 2193 Dominum
1448 2151 1492 2193 a
1541 2130 1915 2194 simulacris
1961 2129 2206 2194 seruire
2254 2129 2393 2193 Deo
2443 2129 2597 2193 uiuo
2644 2140 2708 2193 et
2752 2150 2902 2193 uero

481 2243 546 2295 et
599 2243 914 2314 expectare
955 2231 1185 2315 filium
1244 2231 1383 2295 eius
1439 2232 1517 2296 de
1574 2233 1780 2309 caelis,
1830 2254 2014 2314 quem
2071 2232 2419 2296 suscitavit
2472 2253 2552 2295 ax
2607 2231 2897 2308 mortuis,

482 2334 715 2410 Iesum,
768 2334 887 2417 qui
927 2334 1153 2418 eripiet
1201 2357 1317 2398 nos
1363 2336 1446 2400 ab
1497 2335 1604 2399 ira
1652 2346 1947 2401 uentura.

617 2470 776 2529 ‘nec
823 2465 999 2528 enim
1044 2464 1420 2547 indigemus
1469 2466 1871 2549 ubicumque
1917 2464 2233 2528 fuerimus
2279 2463 2531 2547 aliquid
2578 2462 2664 2526 de
2710 2461 2900 2525 uobis

486 2569 720 2644 dicere,
769 2589 849 2631 eo
897 2568 1075 2651 quod
1114 2570 1384 2650 cognita
1424 2579 1579 2632 sunt
1628 2568 1941 2630 omnibus
1991 2567 2105 2630 illa
2150 2587 2325 2650 quae
2370 2586 2526 2649 erga
2571 2586 2693 2627 uos
2725 2564 2901 2627 facta

378 2800 462 2847 20
615 2766 847 2851 λόγον
891 2768 1158 2857 κυρίου
1201 2769 1475 2836 ἐνταῦθα
1513 2767 1588 2835 οὗ
1629 2768 1748 2851 τὴν
1790 2769 2021 2836 πίστιν
2061 2771 2254 2852 λέγει,
2301 2768 2377 2836 οὗ
2422 2770 2550 2857 «γὰρ
2595 2767 2634 2851 ἦ
2677 2759 2902 2838 ‘trio-rw

487 2866 607 2935 ἀπ’
637 2869 849 2935 αὐτῶν
878 2870 1123 2951 ἔλαβεν
1152 2868 1269 2953 τὴν
1298 2869 1525 2961 α’ρχήιν
1571 2868 1723 2936 ἀλλ’
1770 2868 1915 2937 ἀντὶ
1954 2876 2071 2938 τοῦ
2117 2870 2390 2943 ’πάντες
2434 2871 2728 2956 ἔγνωσαν
2771 2868 2902 2935 ὅσα

489 2970 652 3059 ὑπὲρ
699 2975 811 3054 τῆς
856 2973 1138 3045 πίστεως
1188 2973 1481 3052 ἐπάθετε,
1538 2973 1648 3040 καὶ
1694 2970 1931 3043 πάντες
1978 2972 2158 3055 ὑμῶν
2205 2971 2280 3039 τὸ
2327 2973 2607 3054 βέβαιον
2656 2971 2904 3056 θαυμά-

493 3077 715 3160 ζουσιν
771 3077 885 3159 τῆς
943 3075 1244 3154 πίστεως,
1303 3074 1474 3142 ὥστε
1532 3077 1646 3142 καὶ
1702 3074 2081 3161 προτροπὴν
2152 3076 2389 3164 ἑτέροις
2453 3074 2754 3159 γενέσθαι
2822 3075 2908 3140 τὰ

494 3175 806 3264 ὑμέτερα.’

592 3359 620 3408 5
656 3345 959 3395 defamatum
988 3347 1033 3395 C
1051 3346 1119 3395 H
1278 3362 1334 3411 ¹3
1369 3363 1471 3397 non
1492 3363 1571 3396 om
1599 3346 1680 3396 C*
1857 3360 1915 3410 ¹4
1950 3346 2264 3397 habuerimus
2292 3347 2336 3396 C
2354 3361 2386 3395 r
2548 3360 2612 3395 πο
2631 3360 2708 3409 sq.
2744 3345 2898 3395 Coisl.

496 3443 605 3491 204,
634 3426 670 3476 s.
702 3426 842 3491 163b
867 3429 973 3490 [Cr.
1000 3429 1066 3478 vi.
1096 3430 1206 3491 348,
1237 3429 1320 3479 Fr.
1357 3431 1466 3493 145]
1491 3431 1738 3493 θεόῦωρος.
1796 3429 1949 3478 ἄλλος
1971 3430 2135 3489 φησίν·
2159 3430 2322 3491 λόγον,
2348 3429 2496 3477 κ.τ.λ.

563 3591 608 3642 7.
673 3577 851 3639 exiuit]
915 3575 1215 3637 ἐξελήλυθεν.
1286 3577 1356 3627 So
1381 3577 1599 3626 Clarom.
1631 3594 1647 3636 ς
1747 3577 1938 3625 κοὺσιον
1957 3576 2184 3636 ’γενέσθαι
2216 3573 2363 3623 πᾶσιν
2389 3575 2446 3624 τὸ
2477 3573 2715 3636 κήρυγμα.
2783 3576 2907 3625 Am-

495 3657 647 3723 Vulg.
672 3659 811 3718 (Am.
834 3657 936 3706 and
962 3658 1004 3705 F
1005 3657 1152 3718 uld.),
1188 3657 1225 3683 “
1239 3657 1461 3720 profecta
1483 3657 1608 3707 est.”
1748 3660 1895 3709 brstr.
1919 3657 2199 3723 appositely
2221 3657 2372 3706 refers
2396 3663 2448 3705 to
2471 3657 2621 3706 Rom.
2650 3657 2683 3706 i.
2709 3659 2755 3706 8.

561 3740 610 3787 8.
657 3736 925 3800 nonfidm
949 3736 1089 3798 dicit]
1129 3736 1238 3784 Not
1261 3736 1370 3786 ‘the
1399 3735 1574 3786 Faith’
1595 3737 1650 3787 in
1821 3754 1897 3789 ιι.
1963 3737 2305 3799 adhortentur]
2370 3738 2485 3787 The
2530 3738 2629 3788 Gk.
2681 3747 2907 3803 suggests

497 3820 582 3869 the
600 3820 831 3880 abstract,
850 3820 942 3869 but
964 3820 1051 3869 the
1073 3818 1475 3869 Thessalonians‘
1499 3819 1624 3871 saith
1637 3838 1653 3882 ;
1753 3822 1838 3872 the
1860 3820 2086 3871 addition
2110 3820 2166 3870 of
2185 3837 2242 3870 ea
2274 3836 2398 3886 quae
2429 3835 2545 3884 erga
2579 3836 2666 3870 uos
2693 3828 2828 3877 sunt,
2854 3837 2911 3870 or

495 3909 584 3951 not
624 3902 709 3952 the
744 3902 968 3952 doctrine
1003 3902 1064 3952 of
1094 3902 1180 3952 the
1216 3901 1424 3966 Gospel‚
1461 3903 1551 3953 but
1590 3903 1654 3953 its
1752 3903 1837 3952 the
1852 3902 1976 3963 like3
1999 3918 2057 3952 or
2079 3902 2164 3952 the
2185 3902 2378 3966 change
2394 3902 2454 3952 of
2466 3903 2911 3952 adhortenturinto

495 3999 691 4033 success
729 3990 779 4033 at
817 3984 1189 4034 Thessalonica.
1261 3983 1417 4032 Thdt.
1460 3991 1654 4047 repeats
1752 3984 2045 4033 adhortetur
2084 3983 2170 4047 (sc.
2200 3984 2332 4047 fidei
2370 4000 2423 4032 u.
2461 3984 2712 4048 firmitas)
2760 3998 2817 4033 or
2859 3983 2919 4033 of

496 4066 595 4115 this
627 4066 680 4115 in
713 4067 899 4115 clearer
932 4068 1124 4116 words:
1157 4067 1241 4116 οὐκ
1274 4059 1439 4126 ἐπεὶδὴ
1472 4065 1657 4114 ἐκεῖθεν
1755 4066 1929 4114 alteros
1972 4064 2079 4114 into
2122 4065 2282 4114 alteri.
2363 4066 2469 4114 For
2510 4067 2774 4116 adhortare
2812 4075 2912 4117 act.

496 4151 586 4208 τὴν
631 4148 787 4211 ἀρχὴν
825 4150 1001 4211 ἔλαβεν
1040 4149 1097 4198 τὸ
1139 4150 1381 4211 κήρυγμα.
1426 4146 1542 4196 ἀλλ’
1579 4149 1656 4196 ὅτι
1756 4163 1839 4198 see
1861 4163 1912 4212 p.
1936 4164 1985 4209 4,
2011 4148 2045 4196 l.
2071 4164 2145 4208 11,
2173 4156 2307 4198 note.

496 4229 678 4277 τούτων
698 4227 731 4289 ἡ
753 4230 951 4292 περὶτὰ
979 4231 1087 4279 θεῖα
1117 4231 1354 4292 προθυμία
1388 4230 1654 4290 πολυθρύλ-
1828 4244 1904 4293 13.
1982 4231 2056 4279 ita
2107 4237 2166 4278 ut
2218 4246 2318 4280 non
2375 4244 2557 4280 neccsse
2606 4229 2741 4291 hab]
2841 4231 2912 4282 So

497 4312 642 4370 λητος
662 4312 895 4371 γενομένη
924 4312 1135 4362 πολλοὺς
1157 4313 1220 4362 εἰς
1242 4310 1390 4372 ζῆλον
1412 4315 1498 4373 τῆς
1520 4313 1651 4361 εὐσε-
1757 4311 2008 4361 Ambrstr.
2048 4312 2153 4373 Qui
2179 4312 2354 4376 eripiet
2387 4311 2492 4372 (τὸν
2532 4312 2798 4374 ῥυόμενον);
2855 4328 2912 4363 so

494 4393 629 4454 βείας
650 4392 877 4453 ἐκίνησεν.
950 4393 1031 4444 Cf.
1060 4394 1281 4459 Thpht.:
1314 4394 1590 4443 τουτέστιν·
1623 4393 1655 4452 ἡ
1757 4392 1823 4442 Ο.
1846 4393 1906 4441 L.
1964 4391 2075 4442 The
2120 4390 2271 4457 Vulg.
2311 4393 2408 4443 less
2450 4393 2648 4458 exactly
2691 4393 2906 4453 renders,

498 4476 606 4537 περὶ
639 4475 725 4535 τῆς
757 4476 884 4535 ὑμῶν
919 4473 1088 4539 ‹ipen-3⁴75
1120 4477 1260 4537 φήμη
1290 4477 1515 4535 ἐποίησεν
1548 4477 1652 4536 ἐξα·
1759 4473 1890 4539 “qui
1916 4472 2148 4538 eripuit.”
