3221 5116
469 390 599 464 266
1140 397 1597 456 THEoDoRus
1647 401 2231 457 MOPSUESTENUS

461 575 688 657 itaque
740 576 1052 640 uidentur
1104 576 1265 640 mihi
1313 579 1401 641 ad
1443 577 1568 642 hoc
1618 578 1726 642 uel
1781 580 2079 644 maxime
2125 581 2499 664 respexisse
2539 581 2605 645 hi
2660 580 2774 664 qui
2819 580 2888 643 in

461 678 823 758 primordio
853 681 938 743 de
970 679 1269 762 legendis
1310 681 1376 742 in
1425 681 1706 746 ecclesia
1745 683 2046 765 epistolis
2086 684 2473 748 statuebant
2513 687 2779 751 iussisse
2814 696 2891 751 ut

466 783 594 845 ista
640 781 923 863 epistola
961 783 1028 845 in
1061 782 1342 845 ecclesia
1375 782 1707 865 legeretur
1748 773 1920 849 sicut
1966 796 2033 849 et
2079 797 2355 863 ceterae,
2386 810 2467 852 eo
2513 792 2691 872 quod
2742 790 2895 872 plus

466 905 669 966 quam
701 894 956 948 ceterae
990 886 1311 968 epistolae
1349 886 1513 951 haec
1545 888 1830 970 epistola
1860 889 2309 955 humilitatem
2357 894 2595 956 docere
2627 900 2894 975 poterat

405 1003 435 1069 5
468 988 817 1050 auditores
909 1009 1064 1052 nam
1099 1009 1229 1052 non
1277 997 1379 1052 est
1410 989 1624 1054 simile
1655 1000 1731 1054 ut
1762 993 1846 1055 ad
1891 994 2218 1076 integram
2251 994 2598 1059 ecclesiam
2633 996 2717 1058 de
2748 1005 2889 1058 tam

470 1091 728 1172 magnis
761 1093 1042 1173 negotiis
1073 1093 1366 1157 scribens
1397 1093 1779 1157 humiliaret
1803 1115 1874 1158 se
1900 1114 1915 1172 ;
1961 1098 2078 1160 sed
2112 1098 2239 1161 hoc
2269 1107 2371 1161 est
2402 1097 2894 1176 demirandum,

468 1197 648 1279 quod
692 1197 777 1258 ad
827 1215 1033 1258 unum
1076 1195 1369 1258 scribens
1413 1204 1480 1258 et
1527 1194 1704 1259 hunc
1750 1198 2149 1280 discipulum
2198 1211 2266 1263 et
2314 1221 2447 1264 non
2491 1202 2663 1264 adeo
2706 1222 2892 1283 egre-

466 1298 670 1378 gium,
702 1306 772 1360 et
802 1298 887 1360 de
919 1306 1057 1360 tam
1094 1296 1221 1360 leui
1256 1298 1540 1380 negotio
1632 1301 1812 1380 quod
1846 1321 1999 1364 cum
2035 1311 2225 1366 tanta
2250 1303 2628 1371 humilitate
2661 1308 2892 1371 fecisse

467 1402 748 1475 uidetur,
771 1402 855 1463 de
888 1400 1013 1465 illis
1043 1403 1104 1464 ei
1135 1403 1461 1484 imperare
1496 1402 1778 1486 [nolens]
1813 1425 2095 1486 quorum
2131 1418 2429 1489 potestas
2463 1431 2667 1493 penes
2701 1410 2888 1473 illum

367 1518 445 1565 10
470 1524 612 1567 esse
643 1504 1008 1570 uidebatur.
1099 1506 1184 1567 de
1229 1505 1330 1567 his
1377 1514 1445 1568 et
1491 1526 1668 1569 nunc
1713 1509 2013 1589 superius
2059 1510 2221 1586 dixi,
2264 1513 2444 1592 quod
2491 1534 2623 1577 non
2656 1536 2891 1580 omnes

468 1608 768 1672 similiter
818 1609 1100 1673 arbitror
1158 1611 1456 1691 potuisse
1515 1613 1903 1693 perspicere.
1995 1635 2150 1677 nam
2213 1616 2366 1679 hinc
2426 1618 2589 1681 disci
2665 1630 2892 1701 potest

466 1731 670 1793 quam
704 1734 1020 1796 magnum
1059 1715 1309 1777 bonum
1350 1725 1450 1779 est
1488 1730 1647 1798 erga
1688 1727 1955 1780 sanctos
1988 1714 2304 1783 exhibere
2336 1722 2888 1801 sollicitudinem3
2937 1751 2941 1756 ·

466 1817 646 1897 quod
698 1817 1121 1879 manifestum
1177 1817 1296 1879 tibi
1340 1838 1484 1880 esse
1526 1817 1818 1901 [potest],
1849 1822 2051 1883 etiarn
2087 1822 2277 1885 nobis
2320 1843 2454 1886 non
2496 1826 2886 1890 dicentibus,

466 1922 664 1985 ualde
702 1921 933 1983 laudat
981 1918 1435 1983 Philemonem
1468 1919 1593 1982 hac
1626 1922 1771 2002 ipsa
1801 1923 1886 1985 de
1917 1943 2134 1987 causa.
2227 1926 2540 2009 incipiam
2587 1949 2747 1991 uero
2792 1929 2891 1990 in-

363 2042 432 2108 15
466 2026 1014 2108 terpretationem
1076 2025 1403 2108 epistolae
1456 2045 1576 2107 per
1627 2036 1851 2108 partes
1896 2026 2130 2103 facere,
2180 2038 2256 2092 ut
2311 2051 2398 2092 ex
2455 2030 2616 2113 ipsis
2661 2030 2886 2093 uerbis

466 2128 750 2211 perspici
796 2128 1010 2211 possit
1050 2129 1231 2192 beati
1277 2126 1464 2191 Pauli
1514 2149 1748 2192 sensus
1788 2130 1903 2211 qui
1954 2131 2019 2192 in
2063 2130 2243 2194 hisce
2285 2140 2552 2196 tenetur
2588 2137 2849 2219 scriptis
2874 2159 2891 2215 ;

567 2284 587 2318 1
625 2267 823 2318 uidetur
844 2267 912 2316 Η
928 2265 936 2329 Ι
967 2265 1203 2330 quoniam
1228 2265 1345 2328 (for
1363 2265 1451 2330 qui
1475 2265 1545 2326 in)
1570 2266 1639 2314 Η

469 2352 514 2401 C
532 2352 601 2401 Η
849 2364 877 2412 3
911 2349 998 2398 illa
1024 2349 1136 2414 (sor
1166 2349 1280 2413 ista)
1310 2350 1354 2398 C
1377 2348 1385 2414 Ι
1415 2350 1606 2413 legetur
1629 2349 1697 2398 H

1761 2282 1788 2317 α
1825 2267 2109 2331 primordiis
2132 2268 2198 2316 Η
2212 2267 2220 2332 Ι
2250 2269 2517 2334 diligendis
2542 2273 2559 2333 (
2569 2272 2659 2334 for
2677 2273 2740 2322 de
2764 2272 2885 2336 leg.)

1929 2364 1957 2412 5
1994 2351 2263 2401 uerisimile
2285 2368 2318 2401 r
2558 2352 2591 2403 6
2623 2353 2888 2406 humiliare

463 2434 530 2483 Η
546 2431 553 2498 Ι
585 2440 658 2483 est
679 2448 757 2482 om
780 2433 847 2481 H
850 2430 878 2456 ⁴*
907 2429 916 2495 Ι
945 2431 1307 2481 demiraculum
1330 2447 1362 2479 r

465 2514 616 2566 Pitra

462 2603 628 2679 potest
650 2612 728 2645 om
757 2594 801 2645 C
820 2596 887 2644 Η
1078 2611 1138 2657 ι4
1169 2595 1301 2645 hanc
1322 2595 1391 2644 Η

464 2721 669 2770 interest
712 2735 770 2769 or
824 2735 1039 2769 concern
1093 2718 1147 2769 in
1202 2719 1333 2769 their
1386 2719 1601 2770 welfare.
1615 2719 1629 2741 '

467 2803 704 2852 Contrast
740 2803 857 2851 Ter.
896 2802 1084 2849 Heaut.
1120 2801 1156 2849 i.
1200 2816 1243 2850 1.
1283 2815 1376 2863 25:
1425 2801 1626 2850 “homo

465 2896 602 2932 sum:
636 2883 843 2932 humani
875 2882 1001 2931 nihil
1030 2897 1062 2930 a
1086 2896 1169 2930 me
1198 2881 1417 2931 alienum
1448 2878 1628 2947 puto.”

466 2964 677 3028 Persecti
709 2979 870 3013 seems
906 2971 958 3012 to
991 2964 1138 3012 stand
1162 2963 1279 3012 here
1311 2963 1385 3012 for
1417 2961 1624 3012 καλοκά-

465 3045 624 3105 wool,
665 3060 722 3093 or
757 3043 843 3093 the
878 3043 1006 3101 like;
1041 3043 1104 3092 cf.
1141 3043 1226 3092 the
1261 3042 1506 3092 technical
1538 3059 1628 3092 use

467 3126 527 3175 of
558 3124 906 3189 perfidissimi
949 3125 1109 3174 under
1146 3125 1233 3175 the
1277 3125 1402 3174 later
1437 3125 1628 3189 empire

470 3204 734 3271 (Ducange
756 3223 791 3254 s.
817 3207 908 3266 v.).

540 3303 580 3337 1.
669 3286 946 3351 respexisse]
1018 3287 1169 3336 From
1217 3285 1315 3337 this
1358 3286 1501 3350 point
1541 3287 1627 3337 the

470 3368 717 3418 Harleian
754 3367 868 3417 MS.
909 3368 952 3416 is
988 3383 1126 3417 more
1158 3382 1215 3416 or
1248 3368 1345 3417 less
1368 3368 1628 3431 imperfect

471 3449 551 3514 (cf.
597 3462 633 3499 1.
678 3466 727 3514 p.
764 3448 899 3508 xxv),
943 3449 1045 3497 and
1080 3448 1144 3498 its
1182 3448 1450 3511 testimony
1484 3464 1627 3498 occa-

469 3534 684 3597 sionally
726 3532 951 3595 wanting
994 3548 1052 3580 or
1095 3530 1369 3581 uncertain.
1461 3531 1629 3581 Three

469 3619 636 3668 leaves
670 3616 799 3666 have
836 3616 1115 3680 altogether
1149 3615 1510 3680 disappeared;
1544 3630 1628 3664 see
1667 3670 1672 3676 ,

470 3701 652 3757 beloW,
670 3715 719 3764 p.
752 3710 863 3761 270,
889 3698 921 3746 l.
949 3711 991 3762 7,
1021 3706 1157 3747 note.

536 3780 596 3829 hi
630 3778 720 3844 qui
754 3779 810 3827 in
838 3778 1133 3842 primordio,
1169 3777 1287 3838 δια]
1344 3776 1422 3827 Cf.
1465 3777 1626 3827 Cone.

470 3861 629 3909 Laod.
684 3875 796 3908 can.
843 3873 932 3924 59:
997 3853 1074 3908 ὅτι
1128 3857 1182 3907 οὐ
1239 3859 1313 3906 δεῖ
1371 3859 1631 3906 ἰδιωτικοὺς

473 3944 689 4007 ψαλμοὺς
742 3943 975 4003 λέγεσθαι
1025 3942 1075 3989 ἐν
1125 3937 1188 4001 τῇ
1230 3941 1464 3999 ἐκκλησίᾳ
1517 3937 1628 3987 οὐδὲ

469 4018 760 4072 ιἰκανόνιστα
786 4023 976 4084 βιβλία,
1006 4018 1136 4069 ἀλλὰ
1164 4018 1289 4079 μόνα
1317 4021 1383 4069 τὰ
1405 4022 1629 4069 κανονικὰ

470 4101 554 4164 τῆς
589 4101 747 4163 καινῆς
778 4105 855 4153 καὶ
896 4100 1100 4153 παλαιᾶς
1129 4100 1370 4161 διαθήκης.
1430 4102 1502 4151 Ib.
1532 4101 1628 4153 602

468 4187 563 4238 ὅσα
598 4188 672 4236 δεῖ
699 4187 872 4249 βιβλία
905 4181 1317 4243 ἀναγινώσκεσθαι
1348 4179 1434 4242 τῆς
1466 4181 1629 4243 καινῆς

471 4267 697 4329 διαθήκης
739 4265 1215 4317 ταῦτα...ἐπ·ιστολαὶ
1263 4264 1462 4314 Παύλου
1501 4265 1625 4315 ιδ’...

472 4349 586 4413 πρὸς
608 4345 855 4407 Φιλήμονα
879 4344 937 4395 α’.
988 4348 1093 4409 [On
1117 4347 1202 4396 the
1223 4345 1552 4410 authenticity
1575 4345 1635 4394 of

470 4448 583 4482 can.
621 4430 688 4481 60
715 4428 780 4479 cs.
808 4429 1058 4478 Westcott
1099 4429 1177 4477 On
1216 4429 1297 4476 tlte
1339 4428 1528 4485 Canon,
1569 4442 1619 4490 p.

474 4529 563 4578 401
614 4528 710 4576 sq.,
757 4510 957 4566 Hesele,
1003 4509 1053 4559 ii.
1106 4523 1315 4573 323--3-5,
1363 4509 1619 4569 Fsoulkes,

1768 2447 1816 2480 m
1841 2447 1874 2480 r

817 2529 876 2564 ιο
907 2514 972 2564 de
994 2513 1411 2579 his...poterimus
1435 2510 1517 2579 (p.
1548 2434 1723 2577 agzelt.
1738 2447 1803 2578 σα)
1828 2529 1906 2564 om
1930 2530 1962 2563 r
1986 2512 1997 2579 Ι
2024 2529 2126 2564 non
2153 2514 2270 2580 (for
2299 2516 2451 2578 nunc)
2481 2515 2557 2567 C*
2582 2517 2651 2566 Η
2826 2532 2888 2582 13

2108 2445 2140 2496 9
2174 2433 2350 2482 nolens
2371 2449 2450 2482 om
2479 2434 2523 2483 C
2540 2434 2609 2483 Η
2622 2435 2687 2496 [Ρ]
2710 2453 2724 2485 :
2756 2437 2885 2500 conj.

1724 2719 1861 2769 Dict.
1890 2719 2087 2783 asehx.
2112 2720 2339 2785 Antiqq„
2366 2720 2419 2770 ii.
2443 2720 2710 2786 9²8-301·
2773 2722 2888 2772 The

1723 2815 1960 2865 presence
1990 2801 2048 2850 os
2075 2802 2175 2850 this
2208 2802 2414 2865 Epistle
2436 2802 2487 2850 in
2522 2802 2609 2851 the
2636 2817 2799 2851 canon
2832 2803 2896 2852 of

1725 2882 1811 2932 the
1836 2881 2039 2932 Peshito
2067 2884 2169 2931 and
2192 2882 2249 2932 of
2277 2883 2362 2932 the
2398 2883 2500 2933 Old
2535 2884 2685 2933 Latin
2718 2885 2876 2947 [Tert-

1723 2962 1840 3010 adu.
1887 2962 2053 3011 Marc.
2102 2973 2155 3009 v.
2192 2963 2279 3024 αι]
2322 2963 2525 3012 renders
2557 2963 2596 3013 it
2642 2964 2887 3028 probable

1724 3043 1831 3092 that
1861 3043 1898 3093 it
1923 3060 2026 3093 was
2055 3044 2258 3108 already
2281 3046 2401 3094 read
2431 3044 2483 3093 in
2518 3044 2604 3095 the
2628 3046 2886 3096 Churches

1723 3124 1782 3173 os
1813 3124 2061 3174 Palestine
2083 3125 2182 3174 and
2212 3125 2379 3173 North
2410 3125 2582 3174 Africa
2603 3126 2773 3176 before
2797 3127 2883 3179 the

1723 3203 1821 3251 end
1845 3202 1904 3251 of
1931 3203 2016 3251 the
2039 3203 2223 3252 second
2246 3211 2469 3266 century.
2538 3203 2621 3253 On
2646 3204 2731 3253 the
2755 3210 2884 3254 “an-

1723 3284 1905 3349 tiquity
1920 3283 1978 3333 os
1995 3284 2080 3334 the
2104 3285 2376 3348 lectionary
2391 3283 2628 3349 system,”
2645 3287 2696 3335 in
2719 3287 2886 3336 which

1724 3368 1809 3418 the
1833 3369 1929 3432 Ep.
1952 3375 2004 3417 to
2022 3368 2283 3417 Philemon
2301 3384 2463 3417 seems
2482 3369 2668 3433 always
2685 3378 2738 3419 to
2755 3369 2885 3420 have

1724 3450 1877 3499 found
1917 3465 1948 3498 a
1988 3450 2145 3514 place,
2184 3465 2268 3499 see
2303 3450 2522 3514 Burgon,
2557 3451 2682 3499 Last
2716 3453 2887 3501 twelve

1722 3548 1879 3581 verses
1891 3531 1955 3596 of
1955 3532 2008 3580 S.
2018 3532 2193 3588 Mark‚
2209 3548 2259 3596 p.
2280 3544 2370 3595 194
2386 3547 2480 3596 sq.;
2508 3532 2885 3590 Serivenerdn·

1721 3612 2015 3669 troducte‘on.
2040 3628 2091 3676 p.
2110 3611 2203 3674 693
2240 3612 2428 3669 Suicer,
2446 3629 2485 3660 s.
2501 3629 2581 3662 vv.
2601 3612 2876 3675 ἀνάγνωσις,

1724 3690 1965 3754 περικοπή
1978 3708 1990 3749 ;
2013 3694 2112 3742 and
2133 3693 2209 3742 for
2226 3693 2310 3742 the
2326 3693 2600 3757 lectionary
2614 3711 2699 3745 use
2714 3695 2774 3745 os
2785 3696 2884 3746 this

1725 3776 1920 3839 Epistle
1937 3791 2020 3824 see
2038 3776 2273 3833 Matth'ai.
2291 3777 2358 3826 N.
2387 3778 2460 3834 T.,
2476 3776 2546 3825 iii.
2563 3792 2651 3841 pp.
2674 3776 2745 3837 16,
2768 3791 2881 3843 497.

1793 3870 1838 3919 5.
1896 3874 1997 3907 non
2032 3865 2103 3907 est
2138 3859 2302 3908 simile
2345 3865 2417 3919 ut,
2461 3859 2576 3920 ἃς]
2662 3860 2733 3910 ‘It
2771 3861 2815 3910 is
2853 3877 2886 3911 a

1724 3938 1953 3988 different
1976 3946 2158 3988 matter
2180 3926 2359 3988 sor‘the
2378 3939 2588 4003 Apostle
2612 3947 2664 3989 to
2688 3940 2885 4006 display

1723 4020 2113 4070 condoecension
2172 4021 2318 4069 when
2368 4021 2433 4070 he
2488 4022 2529 4071 is
2585 4023 2785 4086 writing
2829 4031 2883 4073 to

1726 4103 1984 4152 Churches
2017 4103 2118 4152 and
2152 4118 2219 4152 on
2256 4102 2422 4152 affairs
2454 4102 2513 4153 os
2541 4105 2885 4168 importanoe)

1726 4185 1877 4234 Card.
1908 4185 2046 4235 Pitra
2078 4184 2237 4249 prints
2264 4185 2533 4234 vm'simile
2562 4185 2690 4235 after
2723 4186 2880 4248 Rab„

1723 4266 1814 4315 but
1859 4265 2068 4316 without
2117 4267 2232 4316 MS.
2290 4267 2567 4331 authority3
2612 4269 2783 4331 potius
2833 4286 2885 4320 se

1725 4347 1889 4396 which
1911 4348 1975 4396 he
1998 4349 2127 4397 edits
2157 4347 2233 4396 sor
2254 4350 2472 4412 potuisse
2493 4348 2545 4397 in
2568 4348 2601 4397 l.
2631 4363 2684 4399 11
2712 4349 2754 4399 is
2776 4350 2884 4400 also

1723 4428 2084 4492 unsupported.

1795 4523 1871 4559 10.
1936 4509 2162 4573 superius
2182 4508 2318 4571 dixi]
2385 4507 2466 4560 Cf.
2493 4525 2544 4575 p.
2572 4509 2679 4562 261.
