3221 5116
503 390 623 453 108

1159 402 1618 459 ‘rnnononus
1664 404 2254 461 MOPSUESTENUS
2662 391 2821 478 [ΙΙΙ.
2853 408 2912 455 2.

493 574 909 639 occasionem
956 573 1383 659 baptismatis
1430 576 1753 640 incuriam
1813 576 2096 641 multam
2150 575 2463 641 inducere
2522 574 2915 641 adnituntur

492 675 739 739 iudicio
770 677 922 741 iusti
956 678 1105 743 Dei.
1196 698 1353 742 nam
1386 687 1455 743 et
1483 679 1822 762 baptisma
1853 699 2192 762 magnum,
2222 699 2304 742 eo
2340 680 2522 762 quod
2568 686 2910 742 tantorum

492 782 822 845 bonorum
897 782 1196 847 continet
1267 782 1685 866 largitatem3
1756 791 1826 847 et
1898 783 2319 867 propositum
2398 781 2912 863 uniuscuiusque

494 886 860 949 necessarie
917 886 1249 950 iudicatur
1305 907 1395 951 ex
1456 887 1755 949 Domino
1818 886 1986 964 Deo,
2031 908 2073 951 a
2123 906 2259 969 quo
2318 884 2426 949 uel
2485 885 2785 948 maxime
2844 892 2914 948 et

431 987 811 1070 5baptismi
861 988 1137 1052 donatio
1185 986 1471 1052 multum
1530 988 2045 1072 suscipientibus
2099 987 2286 1051 illum
2340 995 2567 1070 potest
2615 984 2913 1050 conferre

494 1091 824 1155 iuuamen.
914 1112 1037 1156 nec
1081 1112 1298 1176 aquae
1341 1101 1581 1156 natura
1624 1091 1743 1155 sed
1791 1092 2291 1175 suscipientium
2335 1089 2503 1154 fides
2546 1089 2911 1174 perfectam

497 1193 635 1262 Dei,
659 1191 1134 1258 liberalitatem
1166 1195 1235 1258 in
1266 1194 1603 1278 baptisma
1636 1194 1988 1260 adtrahere
2018 1195 2209 1262 solet.
2298 1193 2653 1260 uideamus
2682 1200 2910 1258 autem

495 1305 564 1362 et
593 1307 814 1363 cetera
844 1318 1016 1383 quae
1046 1298 1133 1364 de
1163 1298 1477 1383 episcopo
1508 1299 1711 1365 dicit:

623 1429 930 1495 sobrium.

392 1559 472 1609 10
626 1541 720 1606 ita
752 1550 826 1606 ut
854 1560 1007 1605 cum
1045 1538 1488 1605 sollicitudine
1517 1539 1881 1625 prospiciat
1909 1538 2024 1604 illa
2054 1559 2227 1623 quae
2256 1537 2397 1623 geri
2428 1537 2853 1603 conueniunt.

610 1669 948 1751 pudicum.

625 1780 1009 1857 necessarie,
1055 1799 1136 1845 eo
1194 1778 1376 1864 quod
1437 1779 1506 1843 in
1564 1798 1923 1845 commune
1979 1785 2050 1845 et
2100 1778 2391 1844 uirorum
2438 1784 2509 1844 et
2562 1777 2912 1843 mulierum

495 1883 923 1948 constituitur
951 1883 1202 1948 doctor.

625 2021 948 2077 ornatum.

395 2135 466 2203 15
624 2123 1147 2203 conuersatione,
1178 2131 1383 2200 motu,
1415 2122 1675 2206 specie;
1721 2141 1844 2208 per
1871 2124 2099 2192 omnia
2128 2123 2428 2191 ostendit
2456 2124 2725 2211 qualem
2757 2145 2916 2190 con-

497 2228 727 2292 ueniat
755 2247 899 2290 esse
930 2227 1336 2310 episcopum.

626 2359 1018 2442 hospitalem.

627 2472 945 2536 conuenit
976 2491 1121 2536 esse
1151 2470 1542 2555 episcopum
1572 2469 1969 2554 hospitalem,
2004 2491 2139 2536 non
2171 2469 2481 2537 absolute
2521 2471 2687 2538 dicit
2727 2492 2916 2557 pere-

492 2576 833 2661 grinorum
895 2576 1212 2653 omnium,
1260 2575 1379 2640 sed
1440 2574 1706 2639 illorum
1754 2575 1866 2658 qui
1915 2575 2216 2640 eiusdem
2277 2575 2436 2640 fidei
2493 2585 2693 2657 sunt;
2746 2599 2917 2661 quos

388 2690 475 2738 20
498 2689 693 2744 notos
746 2689 1060 2745 extantes
1107 2679 1234 2744 sibi
1285 2686 1361 2744 ut
1408 2699 1564 2744 suos
1608 2679 1945 2762 suscipere
1991 2680 2198 2745 debet
2247 2700 2401 2745 cum
2454 2700 2720 2745 summa
2769 2680 2917 2745 dili-

495 2781 742 2865 gentia.

626 2901 973 2968 docibilem.

623 3013 752 3078 hoc
799 3015 941 3077 eius
985 3033 1154 3096 opus
1198 3019 1273 3076 ut
1318 3011 1559 3077 doceat
1601 3009 1909 3075 homines
1952 3019 2022 3076 et
2068 3011 2384 3077 uirtutem
2439 3019 2510 3076 et
2556 3011 2920 3096 pietatem;

1884 3169 1948 3219 23
1983 3161 2059 3206 est
2083 3152 2181 3221 (αὴ
2198 3155 2317 3217 hoc)
2339 3154 2445 3204 add
2464 3155 2508 3205 C
2523 3154 2670 3222 (corr)

494 3279 729 3332 Catholic
762 3278 989 3329 doctrine
1022 3277 1082 3327 of
1112 3266 1397 3343 baptismal'
1414 3292 1578 3342 grace,
1614 3277 1659 3327 is
1759 3279 1874 3340 ρεᾶς
1901 3280 1991 3327 τοῦ
2023 3277 2165 3339 ἁγίου
2196 3279 2466 3338 πνεύματος
2498 3279 2818 3341 ἐπιφανείσης
2853 3279 2926 3342 τιὸ

741 3174 774 3218 4
807 3153 1086 3205 necessario
1107 3170 1140 3203 r
1162 3152 1174 3218 Ι
1203 3154 1357 3204 Dom.
1380 3160 1430 3204 et
1456 3154 1570 3204 Deo
1592 3152 1664 3203 H

491 3363 627 3414 clear
649 3362 779 3411 from
802 3361 880 3410 his
902 3360 1187 3424 exposition
1203 3358 1261 3408 of
1279 3358 1334 3409 S.
1348 3360 1487 3423 John
1510 3359 1582 3407 iii.
1603 3374 1656 3423 5²

493 3450 579 3497 τὸν
601 3446 784 3508 τρόπον
818 3443 1098 3504 ἐξηγήσατο
1129 3442 1216 3500 τῆς
1239 3441 1318 3489 διὰ
1336 3442 1423 3488 τοῦ
1442 3442 1655 3504 βαπτίσ·

493 3545 645 3590 ματος
678 3523 1050 3588 ἀναγεννήσεως,
1089 3525 1178 3573 τοῦ
1207 3523 1297 3583 μὲν
1329 3522 1502 3573 ὕδατος
1533 3524 1586 3572 ἐν
1617 3520 1658 3585 ᾧ

440 3647 445 3651 -
494 3611 766 3672 πληροῦται
787 3608 844 3658 τὸ
864 3608 1009 3669 ἔργον
1030 3604 1193 3662 εἰπών,
1210 3605 1298 3653 τοῦ
1319 3604 1371 3653 δὲ
1392 3605 1662 3663 πνεύματος

495 3694 548 3743 έν
558 3689 629 3754 τῷ
645 3690 780 3741 ὕδατι
793 3691 883 3750 τὴν
894 3688 1072 3738 οίκείαν
1088 3688 1380 3747 ἰι-ληροῦντος
1394 3687 1659 3749 ἐνέργειαν.

498 3775 599 3825 His
621 3781 810 3840 protest
833 3772 1026 3837 against
1049 3771 1135 3821 the
1156 3770 1310 3819 abuse
1332 3768 1391 3818 os
1413 3769 1512 3819 this
1539 3768 1659 3818 doc·

500 3856 630 3905 trine
674 3855 743 3918 by
781 3855 865 3904 the
906 3851 1148 3917 lowen-ing
1190 3850 1249 3901 of
1290 3865 1322 3901 a
1366 3850 1660 3901 Sacrament

498 3937 608 3987 into
631 3953 662 3986 a
682 3951 820 3986 mere
850 3934 1021 3985 charm
1044 3932 1130 3996 [cf.
1156 3933 1384 3993 Hooker‚
1414 3933 1484 3981 E.
1507 3933 1572 3981 P.
1597 3943 1651 3981 v.

498 4019 528 4077 9
570 4017 677 4067 lvii.
713 4016 766 4079 4]
814 4016 943 4066 finds
981 4032 1011 4065 a
1046 4015 1255 4081 parallel
1284 4014 1337 4063 in
1367 4013 1454 4063 the
1487 4020 1662 4077 strong

500 4099 748 4163 language
790 4096 850 4146 of
899 4096 1049 4160 Greg.
1098 4095 1249 4159 Nyss,
1298 4100 1424 4144 orat.
1482 4094 1660 4143 catech.

501 4196 597 4242 40:
649 4180 692 4228 εί
728 4179 780 4227 δὲ
818 4178 876 4227 τὸ
918 4179 1121 4237 λοῦτρον
1169 4179 1258 4236 μὲν
1305 4176 1547 4236 έπαχθείη
1591 4170 1664 4236 τῷ

502 4264 709 4322 σώματι,
750 4258 782 4319 ἦ
815 4258 867 4307 δὲ
904 4260 1040 4322 ψυχὴ
1073 4258 1160 4309 τὰς
1196 4260 1428 4317 ἐμπαθεῖς
1465 4258 1663 4317 κηλῖδας

501 4347 569 4405 μὴ
614 4338 1081 4405 ἀπορρίψωτο...κᾶν
1131 4341 1370 4403 τολμηρὸν
1412 4340 1564 4389 εἰπεῖν
1608 4333 1657 4401 ἦ,

502 4428 628 4487 λέξω
660 4425 743 4475 καὶ
763 4426 848 4472 οὐκ
883 4419 1307 4486 ἀποτραπήσομαι,
1332 4418 1409 4471 ὅτι
1441 4421 1525 4469 ἐπὶ
1554 4422 1662 4469 τού·

502 4530 599 4562 των
632 4510 690 4559 τὸ
719 4505 846 4570 ὕδωρ
877 4502 1002 4568 ὕδωρ
1034 4503 1184 4561 ἐστίν,
1214 4502 1424 4563 οὐδαμοῦ
1454 4500 1539 4563 τῆς
1571 4502 1659 4551 δω-

1756 3360 2009 3421 γινομένῳ.
2077 3359 2180 3409 For
2215 3359 2358 3410 Th.’s
2396 3360 2618 3425 peculiar
2663 3361 2839 3425 theory
2872 3361 2933 3411 os

1760 3439 1845 3489 the
1867 3439 2135 3504 baptismal
2159 3439 2417 3489 remission
2441 3439 2500 3489 of
2524 3439 2627 3490 sins
2655 3456 2739 3491 see
2762 3441 2926 3492 below

1781 3536 1848 3570 on
1872 3536 1942 3571 m.
2026 3553 2041 3569 .

1760 3521 1779 3582 (
1831 3615 1906 3651 10.
1967 3517 2367 3665 2...prospisiat,
2398 3599 2514 3662 ἃς]
2558 3601 2740 3652 Thdt.:
2775 3618 2926 3665 προσ-

1760 3683 1929 3732 κοπεῖν
1947 3684 2005 3731 τὸ
2029 3684 2270 3743 πρακτέον
2294 3683 2566 3742 δυνάμενον.

1830 3776 1907 3826 15.
1974 3762 2351 3823 conuersatione,
2400 3762 2514 3823 δια]
2602 3761 2790 3813 Thdt.:
2845 3763 2927 3811 καί

1760 3845 2011 3905 φθέγματι
2056 3845 2138 3893 καὶ
2179 3841 2400 3903 σχήματι
2435 3845 2518 3892 καί
2558 3843 2804 3907 βλέμματι
2848 3845 2929 3894 καὶ

1758 3924 2043 3988 βαδίσματι.

1828 4020 1905 4055 22.
1976 4003 2248 4065 docibilem]
2289 4003 2585 4053 διδακτικόν.
2653 4003 2726 4053 So
2760 4004 2826 4053 Ο.
2862 4004 2924 4055 L.

1759 4086 1883 4137 with
1906 4086 2071 4137 Codd.
2096 4085 2343 4145 Clarom„
2366 4085 2605 4134 Boerner.
2626 4101 2642 4144 ;
2674 4084 2727 4133 in
2748 4099 2775 4134 α
2791 4085 2926 4135 Tim.

1763 4169 1815 4219 ii.
1848 4186 1925 4232 24,
1964 4168 2131 4218 where
2164 4168 2252 4218 the
2283 4183 2422 4217 same
2454 4166 2700 4231 adjective
2733 4184 2922 4230 occurs,

1762 4250 1865 4302 this
1908 4250 2173 4316 rendering
2215 4250 2259 4300 is
2301 4251 2481 4301 shared
2527 4250 2595 4314 by
2633 4250 2719 4301 the
2755 4251 2927 4317 vulg..

1761 4332 1928 4382 which
1997 4332 2118 4381 here
2184 4329 2324 4396 gives
2384 4328 2744 4381 “doctorem”
2832 4331 2929 4383 See

1765 4414 1988 4477 Ronsch,
2010 4414 2163 4474 Itala,
2192 4429 2240 4479 p.
2273 4427 2383 4464 110.

1830 4512 1911 4562 ²3·
1976 4503 2022 4546 a
2062 4496 2300 4547 uiduam
2341 4503 2391 4547 et
2422 4495 2676 4562 mmm]
2745 4498 2926 4549 “Both
