<?xml version="1.0" encoding="UTF-8"?>
<!DOCTYPE html PUBLIC "-//W3C//DTD XHTML 1.0 Transitional//EN"
    "http://www.w3.org/TR/xhtml1/DTD/xhtml1-transitional.dtd">
<html xmlns="http://www.w3.org/1999/xhtml" xml:lang="en" lang="en">
 <head>
  <title>
</title>
<meta http-equiv="Content-Type" content="text/html;charset=utf-8" />
  <meta name='ocr-system' content='tesseract 3.04.00' />
  <meta name='ocr-capabilities' content='ocr_page ocr_carea ocr_par ocr_line ocrx_word'/>
</head>
<body>
  <div class='ocr_page' id='page_1' title='image "./theodoriepiscop02swetgoog_0345.png"; bbox 0 0 3221 5116; ppageno 0'>
   <div class='ocr_carea' id='block_1_1' title="bbox 513 345 1964 418">
    <p class='ocr_par' dir='ltr' id='par_1_1' title="bbox 513 345 1964 418">
     <span class='ocr_line' id='line_1_1' title="bbox 513 345 1964 418; baseline -0.002 -18"><span class='ocrx_word' id='word_1_1' title='bbox 513 351 642 418; x_wconf 86' lang='lat'><strong>334</strong></span> <span class='ocrx_word' id='word_1_2' title='bbox 1276 386 1281 389; x_wconf 90' lang='lat'><strong>.</strong></span> <span class='ocrx_word' id='word_1_3' title='bbox 1465 345 1854 397; x_wconf 70' lang='lat' dir='ltr'><strong>APPENDm</strong></span> <span class='ocrx_word' id='word_1_4' title='bbox 1898 346 1964 397; x_wconf 82' lang='lat' dir='ltr'><strong>A.</strong></span> 
     </span>
    </p>
   </div>
   <div class='ocr_carea' id='block_1_2' title="bbox 408 519 2948 4026">
    <p class='ocr_par' dir='ltr' id='par_1_2' title="bbox 408 519 2948 4026">
     <span class='ocr_line' id='line_1_2' title="bbox 508 519 2945 599; baseline -0.001 -14"><span class='ocrx_word' id='word_1_5' title='bbox 508 525 661 585; x_wconf 83' lang='lat' dir='ltr'><strong>bant</strong></span> <span class='ocrx_word' id='word_1_6' title='bbox 698 522 990 599; x_wconf 88' lang='lat' dir='ltr'><strong>notitiam,</strong></span> <span class='ocrx_word' id='word_1_7' title='bbox 1039 523 1449 585; x_wconf 82' lang='lat' dir='ltr'><strong>detrahebant.</strong></span> <span class='ocrx_word' id='word_1_8' title='bbox 1535 520 1864 584; x_wconf 88' lang='lat' dir='ltr'><strong>nouissime</strong></span> <span class='ocrx_word' id='word_1_9' title='bbox 1910 540 2057 583; x_wconf 89' lang='lat' dir='ltr'><strong>uero</strong></span> <span class='ocrx_word' id='word_1_10' title='bbox 2088 520 2153 581; x_wconf 93' lang='lat' dir='ltr'><strong>in</strong></span> <span class='ocrx_word' id='word_1_11' title='bbox 2184 522 2344 582; x_wconf 87' lang='lat' dir='ltr'><strong>hanc</strong></span> <span class='ocrx_word' id='word_1_12' title='bbox 2377 520 2674 599; x_wconf 82' lang='lat' dir='ltr'><strong>dogmatis</strong></span> <span class='ocrx_word' id='word_1_13' title='bbox 2711 519 2945 582; x_wconf 86' lang='lat' dir='ltr'><strong>excidit</strong></span> 
     </span>
     <span class='ocr_line' id='line_1_3' title="bbox 512 618 2938 699; baseline -0.001 -17"><span class='ocrx_word' id='word_1_14' title='bbox 512 620 845 682; x_wconf 89' lang='lat' dir='ltr'><strong>nouitatem</strong></span> <span class='ocrx_word' id='word_1_15' title='bbox 887 640 1007 699; x_wconf 91' lang='lat' dir='ltr'><strong>qua</strong></span> <span class='ocrx_word' id='word_1_16' title='bbox 1046 620 1270 682; x_wconf 87' lang='lat' dir='ltr'><strong>diceret</strong></span> <span class='ocrx_word' id='word_1_17' title='bbox 1313 621 1478 698; x_wconf 90' lang='lat' dir='ltr'><strong>quod</strong></span> <span class='ocrx_word' id='word_1_18' title='bbox 1514 618 1579 680; x_wconf 90' lang='lat' dir='ltr'><strong>in</strong></span> <span class='ocrx_word' id='word_1_19' title='bbox 1613 618 1699 681; x_wconf 89' lang='lat' dir='ltr'><strong>ira</strong></span> <span class='ocrx_word' id='word_1_20' title='bbox 1730 630 1911 698; x_wconf 89' lang='lat' dir='ltr'><strong>atque</strong></span> <span class='ocrx_word' id='word_1_21' title='bbox 1948 621 2143 682; x_wconf 88' lang='lat' dir='ltr'><strong>furore</strong></span> <span class='ocrx_word' id='word_1_22' title='bbox 2183 622 2352 681; x_wconf 88' lang='lat' dir='ltr'><strong>Deus</strong></span> <span class='ocrx_word' id='word_1_23' title='bbox 2386 621 2585 681; x_wconf 89' lang='lat' dir='ltr'><strong>Adam</strong></span> <span class='ocrx_word' id='word_1_24' title='bbox 2618 621 2938 680; x_wconf 86' lang='lat' dir='ltr'><strong>mortalem</strong></span> 
     </span>
     <span class='ocr_line' id='line_1_4' title="bbox 514 715 2938 796; baseline -0.001 -17"><span class='ocrx_word' id='word_1_25' title='bbox 514 737 646 780; x_wconf 88' lang='lat' dir='ltr'><strong>esse</strong></span> <span class='ocrx_word' id='word_1_26' title='bbox 671 718 1053 796; x_wconf 83' lang='lat' dir='ltr'><strong>praeceperit,</strong></span> <span class='ocrx_word' id='word_1_27' title='bbox 1084 729 1145 778; x_wconf 91' lang='lat' dir='ltr'><strong>et</strong></span> <span class='ocrx_word' id='word_1_28' title='bbox 1171 728 1418 795; x_wconf 89' lang='lat' dir='ltr'><strong>propter</strong></span> <span class='ocrx_word' id='word_1_29' title='bbox 1444 717 1571 778; x_wconf 88' lang='lat' dir='ltr'><strong>eius</strong></span> <span class='ocrx_word' id='word_1_30' title='bbox 1599 736 1789 778; x_wconf 90' lang='lat' dir='ltr'><strong>unum</strong></span> <span class='ocrx_word' id='word_1_31' title='bbox 1818 716 2110 778; x_wconf 89' lang='lat' dir='ltr'><strong>delictum</strong></span> <span class='ocrx_word' id='word_1_32' title='bbox 2146 727 2416 789; x_wconf 52' lang='lat' dir='ltr'><strong>cunctos</strong></span> <span class='ocrx_word' id='word_1_33' title='bbox 2448 715 2629 776; x_wconf 88' lang='lat' dir='ltr'><strong>etiam</strong></span> <span class='ocrx_word' id='word_1_34' title='bbox 2667 717 2938 787; x_wconf 80' lang='lat' dir='ltr'><strong>necdum</strong></span> 
     </span>
     <span class='ocr_line' id='line_1_5' title="bbox 513 815 2942 894; baseline -0.001 -18"><span class='ocrx_word' id='word_1_35' title='bbox 513 827 687 878; x_wconf 90' lang='lat' dir='ltr'><strong>natos</strong></span> <span class='ocrx_word' id='word_1_36' title='bbox 729 816 1022 891; x_wconf 78' lang='lat' dir='ltr'><strong>homineS,</strong></span> <span class='ocrx_word' id='word_1_37' title='bbox 1066 827 1258 878; x_wconf 88' lang='lat' dir='ltr'><strong>morte</strong></span> <span class='ocrx_word' id='word_1_38' title='bbox 1300 815 1694 878; x_wconf 86' lang='lat' dir='ltr'><strong>mulctauerit.</strong></span> <span class='ocrx_word' id='word_1_39' title='bbox 1780 816 1869 876; x_wconf 89' lang='lat' dir='ltr'><strong>sic</strong></span> <span class='ocrx_word' id='word_1_40' title='bbox 1908 827 2108 878; x_wconf 89' lang='lat' dir='ltr'><strong>autem</strong></span> <span class='ocrx_word' id='word_1_41' title='bbox 2163 815 2478 894; x_wconf 89' lang='lat' dir='ltr'><strong>disputans</strong></span> <span class='ocrx_word' id='word_1_42' title='bbox 2531 834 2652 877; x_wconf 91' lang='lat' dir='ltr'><strong>non</strong></span> <span class='ocrx_word' id='word_1_43' title='bbox 2697 826 2942 875; x_wconf 88' lang='lat' dir='ltr'><strong>ueretur</strong></span> 
     </span>
     <span class='ocr_line' id='line_1_6' title="bbox 451 912 2940 993; baseline -0.001 -20"><span class='ocrx_word' id='word_1_44' title='bbox 451 926 482 988; x_wconf 81' lang='grc'>5</span> <span class='ocrx_word' id='word_1_45' title='bbox 512 932 629 974; x_wconf 88' lang='lat' dir='ltr'><strong>nec</strong></span> <span class='ocrx_word' id='word_1_46' title='bbox 663 914 1049 976; x_wconf 83' lang='lat' dir='ltr'><strong>confunditur</strong></span> <span class='ocrx_word' id='word_1_47' title='bbox 1084 934 1157 977; x_wconf 91' lang='lat' dir='ltr'><strong>ea</strong></span> <span class='ocrx_word' id='word_1_48' title='bbox 1189 913 1409 977; x_wconf 91' lang='lat' dir='ltr'><strong>sentire</strong></span> <span class='ocrx_word' id='word_1_49' title='bbox 1446 915 1525 976; x_wconf 89' lang='lat' dir='ltr'><strong>de</strong></span> <span class='ocrx_word' id='word_1_50' title='bbox 1568 917 1704 976; x_wconf 92' lang='lat' dir='ltr'><strong>Deo</strong></span> <span class='ocrx_word' id='word_1_51' title='bbox 1732 934 1889 993; x_wconf 87' lang='lat' dir='ltr'><strong>quae</strong></span> <span class='ocrx_word' id='word_1_52' title='bbox 1916 934 2030 976; x_wconf 91' lang='lat' dir='ltr'><strong>nec</strong></span> <span class='ocrx_word' id='word_1_53' title='bbox 2059 916 2135 976; x_wconf 89' lang='lat' dir='ltr'><strong>de</strong></span> <span class='ocrx_word' id='word_1_54' title='bbox 2165 913 2508 976; x_wconf 89' lang='lat' dir='ltr'><strong>hominibus</strong></span> <span class='ocrx_word' id='word_1_55' title='bbox 2536 933 2748 974; x_wconf 89' lang='lat' dir='ltr'><strong>sanum</strong></span> <span class='ocrx_word' id='word_1_56' title='bbox 2777 912 2940 990; x_wconf 88' lang='lat' dir='ltr'><strong>sapi·</strong></span> 
     </span>
     <span class='ocr_line' id='line_1_7' title="bbox 514 1010 2941 1091; baseline 0 -20"><span class='ocrx_word' id='word_1_57' title='bbox 514 1010 749 1071; x_wconf 89' lang='lat' dir='ltr'><strong>entibus</strong></span> <span class='ocrx_word' id='word_1_58' title='bbox 797 1023 857 1073; x_wconf 91' lang='lat' dir='ltr'><strong>et</strong></span> <span class='ocrx_word' id='word_1_59' title='bbox 899 1012 1162 1091; x_wconf 86' lang='lat' dir='ltr'><strong>aliquam</strong></span> <span class='ocrx_word' id='word_1_60' title='bbox 1209 1011 1469 1074; x_wconf 89' lang='lat' dir='ltr'><strong>iustitiae</strong></span> <span class='ocrx_word' id='word_1_61' title='bbox 1505 1032 1710 1073; x_wconf 90' lang='lat' dir='ltr'><strong>curam</strong></span> <span class='ocrx_word' id='word_1_62' title='bbox 1748 1012 2088 1091; x_wconf 90' lang='lat' dir='ltr'><strong>gerentibus</strong></span> <span class='ocrx_word' id='word_1_63' title='bbox 2125 1032 2411 1091; x_wconf 89' lang='lat' dir='ltr'><strong>umquam</strong></span> <span class='ocrx_word' id='word_1_64' title='bbox 2450 1011 2584 1091; x_wconf 89' lang='lat' dir='ltr'><strong>quis</strong></span> <span class='ocrx_word' id='word_1_65' title='bbox 2619 1010 2941 1072; x_wconf 88' lang='lat' dir='ltr'><strong>aestimare</strong></span> 
     </span>
     <span class='ocr_line' id='line_1_8' title="bbox 515 1107 2941 1187; baseline 0.001 -20"><span class='ocrx_word' id='word_1_66' title='bbox 515 1107 845 1186; x_wconf 89' lang='lat' dir='ltr'><strong>temptauit.</strong></span> <span class='ocrx_word' id='word_1_67' title='bbox 931 1111 1040 1171; x_wconf 85' lang='lat' dir='ltr'><strong>sed</strong></span> <span class='ocrx_word' id='word_1_68' title='bbox 1068 1128 1181 1171; x_wconf 90' lang='lat' dir='ltr'><strong>nec</strong></span> <span class='ocrx_word' id='word_1_69' title='bbox 1208 1109 1365 1171; x_wconf 88' lang='lat' dir='ltr'><strong>illius</strong></span> <span class='ocrx_word' id='word_1_70' title='bbox 1399 1109 1643 1171; x_wconf 88' lang='lat' dir='ltr'><strong>diuinae</strong></span> <span class='ocrx_word' id='word_1_71' title='bbox 1679 1109 1848 1171; x_wconf 88' lang='lat' dir='ltr'><strong>uocis</strong></span> <span class='ocrx_word' id='word_1_72' title='bbox 1885 1110 2229 1172; x_wconf 89' lang='lat' dir='ltr'><strong>recordatus</strong></span> <span class='ocrx_word' id='word_1_73' title='bbox 2256 1121 2348 1172; x_wconf 88' lang='lat' dir='ltr'><strong>est</strong></span> <span class='ocrx_word' id='word_1_74' title='bbox 2384 1110 2548 1187; x_wconf 91' lang='lat' dir='ltr'><strong>quod</strong></span> <span class='ocrx_word' id='word_1_75' title='bbox 2593 1114 2743 1170; x_wconf 89' lang='lat' dir='ltr'><strong>‘non</strong></span> <span class='ocrx_word' id='word_1_76' title='bbox 2777 1107 2941 1169; x_wconf 91' lang='lat' dir='ltr'><strong>dice-</strong></span> 
     </span>
     <span class='ocr_line' id='line_1_9' title="bbox 513 1206 2939 1286; baseline -0 -20"><span class='ocrx_word' id='word_1_77' title='bbox 513 1217 675 1267; x_wconf 83' lang='lat' dir='ltr'><strong>retur</strong></span> <span class='ocrx_word' id='word_1_78' title='bbox 726 1208 972 1268; x_wconf 82' lang='lat' dir='ltr'><strong>ulterius</strong></span> <span class='ocrx_word' id='word_1_79' title='bbox 1026 1206 1140 1269; x_wconf 88' lang='lat' dir='ltr'><strong>ista</strong></span> <span class='ocrx_word' id='word_1_80' title='bbox 1195 1208 1481 1286; x_wconf 86' lang='lat' dir='ltr'><strong>parabola</strong></span> <span class='ocrx_word' id='word_1_81' title='bbox 1532 1206 1597 1267; x_wconf 93' lang='lat' dir='ltr'><strong>in</strong></span> <span class='ocrx_word' id='word_1_82' title='bbox 1656 1209 1871 1269; x_wconf 88' lang='lat' dir='ltr'><strong>Israel:</strong></span> <span class='ocrx_word' id='word_1_83' title='bbox 1938 1219 2139 1286; x_wconf 87' lang='lat' dir='ltr'><strong>patres</strong></span> <span class='ocrx_word' id='word_1_84' title='bbox 2181 1210 2698 1270; x_wconf 88' lang='lat' dir='ltr'><strong>manducauerunt</strong></span> <span class='ocrx_word' id='word_1_85' title='bbox 2749 1226 2939 1266; x_wconf 87' lang='lat' dir='ltr'><strong>uuam</strong></span> 
     </span>
     <span class='ocr_line' id='line_1_10' title="bbox 514 1302 2942 1383; baseline 0 -19"><span class='ocrx_word' id='word_1_86' title='bbox 514 1305 811 1377; x_wconf 85' lang='lat' dir='ltr'><strong>acerbam,</strong></span> <span class='ocrx_word' id='word_1_87' title='bbox 856 1317 916 1366; x_wconf 91' lang='lat' dir='ltr'><strong>et</strong></span> <span class='ocrx_word' id='word_1_88' title='bbox 955 1304 1209 1367; x_wconf 84' lang='lat' dir='ltr'><strong>filiorum</strong></span> <span class='ocrx_word' id='word_1_89' title='bbox 1263 1307 1476 1367; x_wconf 88' lang='lat' dir='ltr'><strong>dentes</strong></span> <span class='ocrx_word' id='word_1_90' title='bbox 1532 1306 2008 1383; x_wconf 83' lang='lat' dir='ltr'><strong>obstupuerunt3</strong></span> <span class='ocrx_word' id='word_1_91' title='bbox 2076 1305 2220 1383; x_wconf 87' lang='lat' dir='ltr'><strong>quia</strong></span> <span class='ocrx_word' id='word_1_92' title='bbox 2274 1307 2425 1367; x_wconf 88' lang='lat' dir='ltr'><strong>haec</strong></span> <span class='ocrx_word' id='word_1_93' title='bbox 2487 1304 2634 1365; x_wconf 90' lang='lat' dir='ltr'><strong>dicit</strong></span> <span class='ocrx_word' id='word_1_94' title='bbox 2692 1302 2942 1365; x_wconf 90' lang='lat' dir='ltr'><strong>Adonai</strong></span> 
     </span>
     <span class='ocr_line' id='line_1_11' title="bbox 408 1401 2942 1482; baseline 0.002 -24"><span class='ocrx_word' id='word_1_95' title='bbox 408 1418 490 1459; x_wconf 49' lang='lat'><strong>¹10</strong></span> <span class='ocrx_word' id='word_1_96' title='bbox 517 1401 826 1477; x_wconf 88' lang='lat' dir='ltr'><strong>dominus;</strong></span> <span class='ocrx_word' id='word_1_97' title='bbox 866 1403 1078 1464; x_wconf 88' lang='lat' dir='ltr'><strong>dentes</strong></span> <span class='ocrx_word' id='word_1_98' title='bbox 1123 1423 1329 1465; x_wconf 90' lang='lat' dir='ltr'><strong>eorum</strong></span> <span class='ocrx_word' id='word_1_99' title='bbox 1377 1402 1483 1482; x_wconf 91' lang='lat' dir='ltr'><strong>qui</strong></span> <span class='ocrx_word' id='word_1_100' title='bbox 1527 1404 2043 1465; x_wconf 86' lang='lat' dir='ltr'><strong>manducauerunt</strong></span> <span class='ocrx_word' id='word_1_101' title='bbox 2085 1423 2267 1464; x_wconf 88' lang='lat' dir='ltr'><strong>uuam</strong></span> <span class='ocrx_word' id='word_1_102' title='bbox 2304 1405 2583 1465; x_wconf 87' lang='lat' dir='ltr'><strong>acerbam</strong></span> <span class='ocrx_word' id='word_1_103' title='bbox 2624 1406 2942 1479; x_wconf 90' lang='lat' dir='ltr'><strong>obstupes-</strong></span> 
     </span>
     <span class='ocr_line' id='line_1_12' title="bbox 515 1498 2940 1579; baseline -0 -20"><span class='ocrx_word' id='word_1_104' title='bbox 515 1499 743 1560; x_wconf 70' lang='lat' dir='ltr'><strong>cent*.’</strong></span> <span class='ocrx_word' id='word_1_105' title='bbox 828 1501 1155 1562; x_wconf 88' lang='lat' dir='ltr'><strong>ostendens</strong></span> <span class='ocrx_word' id='word_1_106' title='bbox 1188 1520 1295 1578; x_wconf 87' lang='lat' dir='ltr'><strong>per</strong></span> <span class='ocrx_word' id='word_1_107' title='bbox 1334 1501 1489 1561; x_wconf 88' lang='lat' dir='ltr'><strong>haec</strong></span> <span class='ocrx_word' id='word_1_108' title='bbox 1515 1500 1685 1578; x_wconf 91' lang='lat' dir='ltr'><strong>quod</strong></span> <span class='ocrx_word' id='word_1_109' title='bbox 1713 1501 1965 1561; x_wconf 87' lang='lat' dir='ltr'><strong>alterurn</strong></span> <span class='ocrx_word' id='word_1_110' title='bbox 1992 1521 2104 1579; x_wconf 91' lang='lat' dir='ltr'><strong>pro</strong></span> <span class='ocrx_word' id='word_1_111' title='bbox 2132 1502 2335 1575; x_wconf 88' lang='lat' dir='ltr'><strong>altero,</strong></span> <span class='ocrx_word' id='word_1_112' title='bbox 2365 1498 2529 1561; x_wconf 83' lang='lat' dir='ltr'><strong>iuxta</strong></span> <span class='ocrx_word' id='word_1_113' title='bbox 2555 1498 2940 1577; x_wconf 87' lang='lat' dir='ltr'><strong>quorundam</strong></span> 
     </span>
     <span class='ocr_line' id='line_1_13' title="bbox 516 1593 2941 1675; baseline -0.001 -18"><span class='ocrx_word' id='word_1_114' title='bbox 516 1614 790 1670; x_wconf 89' lang='lat' dir='ltr'><strong>errorem,</strong></span> <span class='ocrx_word' id='word_1_115' title='bbox 833 1598 1000 1657; x_wconf 90' lang='lat' dir='ltr'><strong>Deus</strong></span> <span class='ocrx_word' id='word_1_116' title='bbox 1043 1596 1292 1657; x_wconf 88' lang='lat' dir='ltr'><strong>omnino</strong></span> <span class='ocrx_word' id='word_1_117' title='bbox 1333 1617 1458 1658; x_wconf 92' lang='lat' dir='ltr'><strong>non</strong></span> <span class='ocrx_word' id='word_1_118' title='bbox 1502 1595 1729 1675; x_wconf 88' lang='lat' dir='ltr'><strong>puniat,</strong></span> <span class='ocrx_word' id='word_1_119' title='bbox 1778 1598 1886 1657; x_wconf 88' lang='lat' dir='ltr'><strong>sed</strong></span> <span class='ocrx_word' id='word_1_120' title='bbox 1930 1596 2339 1675; x_wconf 88' lang='lat' dir='ltr'><strong>unusquisque</strong></span> <span class='ocrx_word' id='word_1_121' title='bbox 2385 1616 2495 1675; x_wconf 92' lang='lat' dir='ltr'><strong>pro</strong></span> <span class='ocrx_word' id='word_1_122' title='bbox 2539 1594 2773 1657; x_wconf 88' lang='lat' dir='ltr'><strong>delictis</strong></span> <span class='ocrx_word' id='word_1_123' title='bbox 2815 1593 2941 1655; x_wconf 86' lang='lat' dir='ltr'><strong>suis</strong></span> 
     </span>
     <span class='ocr_line' id='line_1_14' title="bbox 512 1681 2938 1771; baseline -0.002 -18"><span class='ocrx_word' id='word_1_124' title='bbox 512 1693 852 1763; x_wconf 82' lang='lat' dir='ltr'><strong>redditurus</strong></span> <span class='ocrx_word' id='word_1_125' title='bbox 882 1703 971 1754; x_wconf 88' lang='lat' dir='ltr'><strong>est</strong></span> <span class='ocrx_word' id='word_1_126' title='bbox 1005 1693 1312 1754; x_wconf 89' lang='lat' dir='ltr'><strong>rationem.</strong></span> <span class='ocrx_word' id='word_1_127' title='bbox 1397 1692 1490 1753; x_wconf 90' lang='lat' dir='ltr'><strong>his</strong></span> <span class='ocrx_word' id='word_1_128' title='bbox 1533 1711 1805 1754; x_wconf 89' lang='lat' dir='ltr'><strong>consona</strong></span> <span class='ocrx_word' id='word_1_129' title='bbox 1837 1695 2047 1753; x_wconf 89' lang='lat' dir='ltr'><strong>beatus</strong></span> <span class='ocrx_word' id='word_1_130' title='bbox 2091 1710 2334 1771; x_wconf 88' lang='lat' dir='ltr'><strong>quoque</strong></span> <span class='ocrx_word' id='word_1_131' title='bbox 2372 1694 2591 1752; x_wconf 89' lang='lat' dir='ltr'><strong>Paulus</strong></span> <span class='ocrx_word' id='word_1_132' title='bbox 2633 1681 2938 1752; x_wconf 83' lang='lat' dir='ltr'><strong>adnectit:</strong></span> 
     </span>
     <span class='ocr_line' id='line_1_15' title="bbox 518 1790 2946 1871; baseline -0.002 -21"><span class='ocrx_word' id='word_1_133' title='bbox 518 1791 686 1850; x_wconf 91' lang='lat' dir='ltr'><strong>Deus</strong></span> <span class='ocrx_word' id='word_1_134' title='bbox 711 1790 956 1871; x_wconf 88' lang='lat' dir='ltr'><strong>(inquit)</strong></span> <span class='ocrx_word' id='word_1_135' title='bbox 984 1794 1090 1869; x_wconf 84' lang='lat' dir='ltr'><strong>qui</strong></span> <span class='ocrx_word' id='word_1_136' title='bbox 1113 1793 1306 1851; x_wconf 82' lang='lat' dir='ltr'><strong>reddet</strong></span> <span class='ocrx_word' id='word_1_137' title='bbox 1334 1793 1640 1869; x_wconf 78' lang='lat' dir='ltr'><strong>unicuique</strong></span> <span class='ocrx_word' id='word_1_138' title='bbox 1661 1793 1963 1852; x_wconf 84' lang='lat' dir='ltr'><strong>secundum</strong></span> <span class='ocrx_word' id='word_1_139' title='bbox 1991 1803 2162 1870; x_wconf 84' lang='lat' dir='ltr'><strong>opera</strong></span> <span class='ocrx_word' id='word_1_140' title='bbox 2188 1811 2299 1852; x_wconf 85' lang='lat' dir='ltr'><strong>sua</strong></span> <span class='ocrx_word' id='word_1_141' title='bbox 2315 1797 2378 1867; x_wconf 86' lang='lat'><strong>†;</strong></span> <span class='ocrx_word' id='word_1_142' title='bbox 2400 1801 2509 1851; x_wconf 77' lang='lat' dir='ltr'><strong>‚etz</strong></span> <span class='ocrx_word' id='word_1_143' title='bbox 2552 1790 2946 1866; x_wconf 84' lang='lat' dir='ltr'><strong>unusquisque</strong></span> 
     </span>
     <span class='ocr_line' id='line_1_16' title="bbox 416 1887 2939 1965; baseline -0.001 -21"><span class='ocrx_word' id='word_1_144' title='bbox 416 1902 483 1963; x_wconf 84' lang='lat'><strong>15</strong></span> <span class='ocrx_word' id='word_1_145' title='bbox 513 1895 774 1946; x_wconf 82' lang='lat' dir='ltr'><strong>nostrum</strong></span> <span class='ocrx_word' id='word_1_146' title='bbox 816 1908 958 1948; x_wconf 81' lang='lat' dir='ltr'><strong>onus</strong></span> <span class='ocrx_word' id='word_1_147' title='bbox 991 1908 1163 1947; x_wconf 85' lang='lat' dir='ltr'><strong>suum</strong></span> <span class='ocrx_word' id='word_1_148' title='bbox 1197 1888 1464 1964; x_wconf 79' lang='lat' dir='ltr'><strong>portabit</strong></span> <span class='ocrx_word' id='word_1_149' title='bbox 1478 1887 1533 1965; x_wconf 85' lang='lat'><strong>‡;</strong></span> <span class='ocrx_word' id='word_1_150' title='bbox 1586 1898 1675 1948; x_wconf 92' lang='lat' dir='ltr'><strong>et:</strong></span> <span class='ocrx_word' id='word_1_151' title='bbox 1724 1896 1791 1947; x_wconf 74' lang='lat' dir='ltr'><strong>tu</strong></span> <span class='ocrx_word' id='word_1_152' title='bbox 1816 1890 1965 1964; x_wconf 87' lang='lat' dir='ltr'><strong>quid</strong></span> <span class='ocrx_word' id='word_1_153' title='bbox 1985 1888 2205 1948; x_wconf 85' lang='lat' dir='ltr'><strong>iudicas</strong></span> <span class='ocrx_word' id='word_1_154' title='bbox 2219 1888 2489 1964; x_wconf 82' lang='lat' dir='ltr'><strong>fratrem</strong></span> <span class='ocrx_word' id='word_1_155' title='bbox 2515 1894 2700 1957; x_wconf 85' lang='lat' dir='ltr'><strong>tuum,</strong></span> <span class='ocrx_word' id='word_1_156' title='bbox 2731 1893 2845 1943; x_wconf 85' lang='lat' dir='ltr'><strong>aut</strong></span> <span class='ocrx_word' id='word_1_157' title='bbox 2869 1891 2939 1942; x_wconf 83' lang='lat' dir='ltr'><strong>tu</strong></span> 
     </span>
     <span class='ocr_line' id='line_1_17' title="bbox 512 1981 2948 2061; baseline -0 -18"><span class='ocrx_word' id='word_1_158' title='bbox 512 2002 693 2059; x_wconf 84' lang='lat' dir='ltr'><strong>quare</strong></span> <span class='ocrx_word' id='word_1_159' title='bbox 744 1988 967 2060; x_wconf 65' lang='lat' dir='ltr'><strong>spernis</strong></span> <span class='ocrx_word' id='word_1_160' title='bbox 1006 1986 1267 2061; x_wconf 71' lang='lat' dir='ltr'><strong>fratrem</strong></span> <span class='ocrx_word' id='word_1_161' title='bbox 1323 1989 1527 2045; x_wconf 80' lang='lat' dir='ltr'><strong>tuum?</strong></span> <span class='ocrx_word' id='word_1_162' title='bbox 1605 2004 1797 2045; x_wconf 80' lang='lat' dir='ltr'><strong>omnes</strong></span> <span class='ocrx_word' id='word_1_163' title='bbox 1848 1987 2005 2045; x_wconf 78' lang='lat' dir='ltr'><strong>enim</strong></span> <span class='ocrx_word' id='word_1_164' title='bbox 2068 1987 2423 2046; x_wconf 82' lang='lat' dir='ltr'><strong>adstabimus</strong></span> <span class='ocrx_word' id='word_1_165' title='bbox 2481 1991 2617 2044; x_wconf 81' lang='lat' dir='ltr'><strong>ante</strong></span> <span class='ocrx_word' id='word_1_166' title='bbox 2670 1981 2948 2042; x_wconf 79' lang='lat' dir='ltr'><strong>tribunal</strong></span> 
     </span>
     <span class='ocr_line' id='line_1_18' title="bbox 524 2080 2940 2160; baseline 0 -20"><span class='ocrx_word' id='word_1_167' title='bbox 524 2080 796 2157; x_wconf 63' lang='lat' dir='ltr'><strong>Chris-lig.</strong></span> <span class='ocrx_word' id='word_1_168' title='bbox 884 2083 989 2142; x_wconf 89' lang='lat' dir='ltr'><strong>sed</strong></span> <span class='ocrx_word' id='word_1_169' title='bbox 1037 2080 1130 2142; x_wconf 89' lang='lat' dir='ltr'><strong>uir</strong></span> <span class='ocrx_word' id='word_1_170' title='bbox 1174 2080 1457 2142; x_wconf 88' lang='lat' dir='ltr'><strong>mirabilis</strong></span> <span class='ocrx_word' id='word_1_171' title='bbox 1498 2093 1744 2160; x_wconf 90' lang='lat' dir='ltr'><strong>propter</strong></span> <span class='ocrx_word' id='word_1_172' title='bbox 1782 2082 1962 2143; x_wconf 88' lang='lat' dir='ltr'><strong>unius</strong></span> <span class='ocrx_word' id='word_1_173' title='bbox 1990 2093 2309 2160; x_wconf 88' lang='lat' dir='ltr'><strong>peccatum</strong></span> <span class='ocrx_word' id='word_1_174' title='bbox 2338 2082 2510 2142; x_wconf 87' lang='lat' dir='ltr'><strong>Adae</strong></span> <span class='ocrx_word' id='word_1_175' title='bbox 2539 2091 2708 2142; x_wconf 89' lang='lat' dir='ltr'><strong>tanto</strong></span> <span class='ocrx_word' id='word_1_176' title='bbox 2736 2081 2940 2141; x_wconf 84' lang='lat' dir='ltr'><strong>furore</strong></span> 
     </span>
     <span class='ocr_line' id='line_1_19' title="bbox 513 2176 2940 2254; baseline 0 -16"><span class='ocrx_word' id='word_1_177' title='bbox 513 2189 886 2239; x_wconf 91' lang='lat' dir='ltr'><strong>commotum</strong></span> <span class='ocrx_word' id='word_1_178' title='bbox 940 2178 1253 2240; x_wconf 85' lang='lat' dir='ltr'><strong>arbitratus</strong></span> <span class='ocrx_word' id='word_1_179' title='bbox 1312 2189 1403 2240; x_wconf 92' lang='lat' dir='ltr'><strong>est</strong></span> <span class='ocrx_word' id='word_1_180' title='bbox 1472 2181 1691 2253; x_wconf 88' lang='lat' dir='ltr'><strong>Deum,</strong></span> <span class='ocrx_word' id='word_1_181' title='bbox 1746 2189 1815 2239; x_wconf 91' lang='lat' dir='ltr'><strong>ut</strong></span> <span class='ocrx_word' id='word_1_182' title='bbox 1876 2190 1935 2239; x_wconf 93' lang='lat' dir='ltr'><strong>et</strong></span> <span class='ocrx_word' id='word_1_183' title='bbox 2000 2179 2165 2239; x_wconf 90' lang='lat' dir='ltr'><strong>illum</strong></span> <span class='ocrx_word' id='word_1_184' title='bbox 2228 2176 2633 2239; x_wconf 85' lang='lat' dir='ltr'><strong>atrocissimae</strong></span> <span class='ocrx_word' id='word_1_185' title='bbox 2696 2196 2940 2254; x_wconf 89' lang='lat' dir='ltr'><strong>poenae</strong></span> 
     </span>
     <span class='ocr_line' id='line_1_20' title="bbox 513 2273 2940 2353; baseline -0.001 -16"><span class='ocrx_word' id='word_1_186' title='bbox 513 2277 796 2338; x_wconf 88' lang='lat' dir='ltr'><strong>subderet</strong></span> <span class='ocrx_word' id='word_1_187' title='bbox 843 2287 904 2337; x_wconf 88' lang='lat' dir='ltr'><strong>et</strong></span> <span class='ocrx_word' id='word_1_188' title='bbox 946 2277 1026 2338; x_wconf 91' lang='lat' dir='ltr'><strong>ad</strong></span> <span class='ocrx_word' id='word_1_189' title='bbox 1065 2276 1376 2337; x_wconf 87' lang='lat' dir='ltr'><strong>uniuersos</strong></span> <span class='ocrx_word' id='word_1_190' title='bbox 1417 2294 1629 2337; x_wconf 88' lang='lat' dir='ltr'><strong>omnes</strong></span> <span class='ocrx_word' id='word_1_191' title='bbox 1671 2285 1941 2353; x_wconf 91' lang='lat' dir='ltr'><strong>posteros</strong></span> <span class='ocrx_word' id='word_1_192' title='bbox 1984 2276 2110 2336; x_wconf 89' lang='lat' dir='ltr'><strong>eius</strong></span> <span class='ocrx_word' id='word_1_193' title='bbox 2152 2295 2356 2353; x_wconf 87' lang='lat' dir='ltr'><strong>parem</strong></span> <span class='ocrx_word' id='word_1_194' title='bbox 2397 2273 2751 2335; x_wconf 89' lang='lat' dir='ltr'><strong>sententiam</strong></span> <span class='ocrx_word' id='word_1_195' title='bbox 2797 2293 2940 2352; x_wconf 91' lang='lat' dir='ltr'><strong>pro·</strong></span> 
     </span>
     <span class='ocr_line' id='line_1_21' title="bbox 410 2371 2939 2452; baseline -0 -19"><span class='ocrx_word' id='word_1_196' title='bbox 410 2393 488 2433; x_wconf 84' lang='lat'><strong>20</strong></span> <span class='ocrx_word' id='word_1_197' title='bbox 514 2375 823 2451; x_wconf 87' lang='lat' dir='ltr'><strong>mulgaret‚</strong></span> <span class='ocrx_word' id='word_1_198' title='bbox 868 2371 1024 2435; x_wconf 88' lang='lat' dir='ltr'><strong>inter</strong></span> <span class='ocrx_word' id='word_1_199' title='bbox 1077 2392 1231 2452; x_wconf 89' lang='lat' dir='ltr'><strong>quos</strong></span> <span class='ocrx_word' id='word_1_200' title='bbox 1285 2373 1494 2452; x_wconf 90' lang='lat' dir='ltr'><strong>quanti</strong></span> <span class='ocrx_word' id='word_1_201' title='bbox 1547 2371 1689 2434; x_wconf 89' lang='lat' dir='ltr'><strong>iusti</strong></span> <span class='ocrx_word' id='word_1_202' title='bbox 1743 2372 1963 2433; x_wconf 85' lang='lat' dir='ltr'><strong>fuerint</strong></span> <span class='ocrx_word' id='word_1_203' title='bbox 2011 2393 2138 2433; x_wconf 91' lang='lat' dir='ltr'><strong>non</strong></span> <span class='ocrx_word' id='word_1_204' title='bbox 2196 2371 2369 2433; x_wconf 89' lang='lat' dir='ltr'><strong>facile</strong></span> <span class='ocrx_word' id='word_1_205' title='bbox 2430 2390 2741 2431; x_wconf 89' lang='lat' dir='ltr'><strong>numerare</strong></span> <span class='ocrx_word' id='word_1_206' title='bbox 2797 2371 2939 2449; x_wconf 89' lang='lat' dir='ltr'><strong>quis</strong></span> 
     </span>
     <span class='ocr_line' id='line_1_22' title="bbox 512 2469 2938 2550; baseline -0.001 -17"><span class='ocrx_word' id='word_1_207' title='bbox 512 2470 746 2549; x_wconf 89' lang='lat' dir='ltr'><strong>poterit.</strong></span> <span class='ocrx_word' id='word_1_208' title='bbox 831 2490 907 2533; x_wconf 86' lang='lat' dir='ltr'><strong>ex</strong></span> <span class='ocrx_word' id='word_1_209' title='bbox 954 2470 1173 2550; x_wconf 90' lang='lat' dir='ltr'><strong>quibus</strong></span> <span class='ocrx_word' id='word_1_210' title='bbox 1222 2490 1360 2532; x_wconf 90' lang='lat' dir='ltr'><strong>eum</strong></span> <span class='ocrx_word' id='word_1_211' title='bbox 1408 2471 1668 2532; x_wconf 80' lang='lat' dir='ltr'><strong>maxime</strong></span> <span class='ocrx_word' id='word_1_212' title='bbox 1716 2471 2091 2532; x_wconf 87' lang='lat' dir='ltr'><strong>considerare</strong></span> <span class='ocrx_word' id='word_1_213' title='bbox 2129 2481 2510 2540; x_wconf 87' lang='lat' dir='ltr'><strong>conuenerat,</strong></span> <span class='ocrx_word' id='word_1_214' title='bbox 2549 2469 2714 2546; x_wconf 91' lang='lat' dir='ltr'><strong>quod</strong></span> <span class='ocrx_word' id='word_1_215' title='bbox 2751 2470 2938 2531; x_wconf 89' lang='lat' dir='ltr'><strong>ualde</strong></span> 
     </span>
     <span class='ocr_line' id='line_1_23' title="bbox 512 2569 2938 2650; baseline 0 -19"><span class='ocrx_word' id='word_1_216' title='bbox 512 2570 813 2633; x_wconf 89' lang='lat' dir='ltr'><strong>uideretur</strong></span> <span class='ocrx_word' id='word_1_217' title='bbox 848 2570 1241 2648; x_wconf 87' lang='lat' dir='ltr'><strong>incongruum</strong></span> <span class='ocrx_word' id='word_1_218' title='bbox 1280 2571 1418 2631; x_wconf 92' lang='lat' dir='ltr'><strong>Noe</strong></span> <span class='ocrx_word' id='word_1_219' title='bbox 1460 2571 1764 2630; x_wconf 87' lang='lat' dir='ltr'><strong>Abraham</strong></span> <span class='ocrx_word' id='word_1_220' title='bbox 1811 2569 2008 2630; x_wconf 89' lang='lat' dir='ltr'><strong>David</strong></span> <span class='ocrx_word' id='word_1_221' title='bbox 2046 2572 2323 2646; x_wconf 89' lang='lat' dir='ltr'><strong>Moysem</strong></span> <span class='ocrx_word' id='word_1_222' title='bbox 2360 2581 2420 2631; x_wconf 88' lang='lat' dir='ltr'><strong>et</strong></span> <span class='ocrx_word' id='word_1_223' title='bbox 2456 2571 2714 2650; x_wconf 91' lang='lat' dir='ltr'><strong>reliquos</strong></span> <span class='ocrx_word' id='word_1_224' title='bbox 2758 2570 2938 2631; x_wconf 90' lang='lat' dir='ltr'><strong>innu-</strong></span> 
     </span>
     <span class='ocr_line' id='line_1_24' title="bbox 512 2667 2937 2746; baseline 0 -17"><span class='ocrx_word' id='word_1_225' title='bbox 512 2668 825 2731; x_wconf 88' lang='lat' dir='ltr'><strong>merabiles</strong></span> <span class='ocrx_word' id='word_1_226' title='bbox 873 2669 1062 2730; x_wconf 87' lang='lat' dir='ltr'><strong>iustos</strong></span> <span class='ocrx_word' id='word_1_227' title='bbox 1106 2668 1399 2730; x_wconf 83' lang='lat' dir='ltr'><strong>obnoxios</strong></span> <span class='ocrx_word' id='word_1_228' title='bbox 1443 2687 1676 2746; x_wconf 91' lang='lat' dir='ltr'><strong>poenae</strong></span> <span class='ocrx_word' id='word_1_229' title='bbox 1713 2667 1977 2729; x_wconf 89' lang='lat' dir='ltr'><strong>redditos</strong></span> <span class='ocrx_word' id='word_1_230' title='bbox 2017 2671 2098 2730; x_wconf 94' lang='lat' dir='ltr'><strong>ob</strong></span> <span class='ocrx_word' id='word_1_231' title='bbox 2137 2668 2263 2729; x_wconf 90' lang='lat' dir='ltr'><strong>eius</strong></span> <span class='ocrx_word' id='word_1_232' title='bbox 2306 2668 2608 2743; x_wconf 89' lang='lat' dir='ltr'><strong>delictum,</strong></span> <span class='ocrx_word' id='word_1_233' title='bbox 2652 2678 2714 2730; x_wconf 93' lang='lat' dir='ltr'><strong>et</strong></span> <span class='ocrx_word' id='word_1_234' title='bbox 2744 2689 2937 2730; x_wconf 89' lang='lat' dir='ltr'><strong>unum</strong></span> 
     </span>
     <span class='ocr_line' id='line_1_25' title="bbox 512 2766 2940 2846; baseline 0 -18"><span class='ocrx_word' id='word_1_235' title='bbox 512 2779 696 2846; x_wconf 89' lang='lat' dir='ltr'><strong>atque</strong></span> <span class='ocrx_word' id='word_1_236' title='bbox 729 2786 805 2828; x_wconf 81' lang='lat' dir='ltr'><strong>ex</strong></span> <span class='ocrx_word' id='word_1_237' title='bbox 842 2777 1018 2846; x_wconf 86' lang='lat' dir='ltr'><strong>gustu</strong></span> <span class='ocrx_word' id='word_1_238' title='bbox 1060 2766 1282 2829; x_wconf 84' lang='lat' dir='ltr'><strong>arboris</strong></span> <span class='ocrx_word' id='word_1_239' title='bbox 1324 2767 1755 2844; x_wconf 89' lang='lat' dir='ltr'><strong>adprobatum;</strong></span> <span class='ocrx_word' id='word_1_240' title='bbox 1797 2777 1856 2828; x_wconf 91' lang='lat' dir='ltr'><strong>et</strong></span> <span class='ocrx_word' id='word_1_241' title='bbox 1899 2767 2061 2844; x_wconf 89' lang='lat' dir='ltr'><strong>quod</strong></span> <span class='ocrx_word' id='word_1_242' title='bbox 2092 2766 2178 2827; x_wconf 89' lang='lat' dir='ltr'><strong>sic</strong></span> <span class='ocrx_word' id='word_1_243' title='bbox 2210 2768 2364 2827; x_wconf 90' lang='lat' dir='ltr'><strong>ultra</strong></span> <span class='ocrx_word' id='word_1_244' title='bbox 2397 2768 2646 2829; x_wconf 91' lang='lat' dir='ltr'><strong>modum</strong></span> <span class='ocrx_word' id='word_1_245' title='bbox 2675 2766 2940 2829; x_wconf 87' lang='lat' dir='ltr'><strong>iustitiae</strong></span> 
     </span>
     <span class='ocr_line' id='line_1_26' title="bbox 410 2864 2936 2942; baseline 0.001 -18"><span class='ocrx_word' id='word_1_246' title='bbox 410 2875 443 2924; x_wconf 81' lang='lat'><strong>‘2</strong></span> <span class='ocrx_word' id='word_1_247' title='bbox 451 2879 483 2942; x_wconf 84' lang='lat'><strong>5</strong></span> <span class='ocrx_word' id='word_1_248' title='bbox 511 2865 661 2927; x_wconf 90' lang='lat' dir='ltr'><strong>iram</strong></span> <span class='ocrx_word' id='word_1_249' title='bbox 689 2885 861 2927; x_wconf 88' lang='lat' dir='ltr'><strong>suam</strong></span> <span class='ocrx_word' id='word_1_250' title='bbox 889 2869 1060 2928; x_wconf 86' lang='lat' dir='ltr'><strong>Deus</strong></span> <span class='ocrx_word' id='word_1_251' title='bbox 1087 2865 1422 2928; x_wconf 84' lang='lat' dir='ltr'><strong>extenderit</strong></span> <span class='ocrx_word' id='word_1_252' title='bbox 1448 2865 1531 2927; x_wconf 90' lang='lat' dir='ltr'><strong>ita</strong></span> <span class='ocrx_word' id='word_1_253' title='bbox 1566 2877 1633 2928; x_wconf 93' lang='lat' dir='ltr'><strong>ut</strong></span> <span class='ocrx_word' id='word_1_254' title='bbox 1671 2877 1762 2927; x_wconf 91' lang='lat' dir='ltr'><strong>tot</strong></span> <span class='ocrx_word' id='word_1_255' title='bbox 1790 2865 2078 2927; x_wconf 89' lang='lat' dir='ltr'><strong>iustorum</strong></span> <span class='ocrx_word' id='word_1_256' title='bbox 2105 2866 2353 2927; x_wconf 90' lang='lat' dir='ltr'><strong>uirtutes</strong></span> <span class='ocrx_word' id='word_1_257' title='bbox 2382 2877 2626 2927; x_wconf 88' lang='lat' dir='ltr'><strong>cunctas</strong></span> <span class='ocrx_word' id='word_1_258' title='bbox 2652 2864 2936 2942; x_wconf 87' lang='lat' dir='ltr'><strong>abiceret,</strong></span> 
     </span>
     <span class='ocr_line' id='line_1_27' title="bbox 514 2963 2684 3044; baseline -0.002 -18"><span class='ocrx_word' id='word_1_259' title='bbox 514 2984 736 3044; x_wconf 90' lang='lat' dir='ltr'><strong>eosque</strong></span> <span class='ocrx_word' id='word_1_260' title='bbox 763 2977 1010 3044; x_wconf 88' lang='lat' dir='ltr'><strong>propter</strong></span> <span class='ocrx_word' id='word_1_261' title='bbox 1033 2964 1208 3026; x_wconf 88' lang='lat' dir='ltr'><strong>unius</strong></span> <span class='ocrx_word' id='word_1_262' title='bbox 1236 2976 1552 3042; x_wconf 89' lang='lat' dir='ltr'><strong>peccatum</strong></span> <span class='ocrx_word' id='word_1_263' title='bbox 1581 2965 1754 3025; x_wconf 84' lang='lat' dir='ltr'><strong>Adae</strong></span> <span class='ocrx_word' id='word_1_264' title='bbox 1781 2974 1950 3025; x_wconf 87' lang='lat' dir='ltr'><strong>tanto</strong></span> <span class='ocrx_word' id='word_1_265' title='bbox 1978 2963 2274 3041; x_wconf 91' lang='lat' dir='ltr'><strong>supplicio</strong></span> <span class='ocrx_word' id='word_1_266' title='bbox 2304 2963 2684 3041; x_wconf 82' lang='lat' dir='ltr'><strong>manciparet.</strong></span> 
     </span>
     <span class='ocr_line' id='line_1_28' title="bbox 637 3058 2940 3139; baseline 0 -19"><span class='ocrx_word' id='word_1_267' title='bbox 637 3080 777 3121; x_wconf 86' lang='lat' dir='ltr'><strong>narn</strong></span> <span class='ocrx_word' id='word_1_268' title='bbox 812 3062 923 3123; x_wconf 89' lang='lat' dir='ltr'><strong>etsi</strong></span> <span class='ocrx_word' id='word_1_269' title='bbox 951 3060 1100 3122; x_wconf 89' lang='lat' dir='ltr'><strong>nihil</strong></span> <span class='ocrx_word' id='word_1_270' title='bbox 1127 3061 1308 3135; x_wconf 88' lang='lat' dir='ltr'><strong>aliud,</strong></span> <span class='ocrx_word' id='word_1_271' title='bbox 1339 3062 1549 3123; x_wconf 81' lang='lat' dir='ltr'><strong>saltem</strong></span> <span class='ocrx_word' id='word_1_272' title='bbox 1578 3062 1657 3121; x_wconf 92' lang='lat' dir='ltr'><strong>de</strong></span> <span class='ocrx_word' id='word_1_273' title='bbox 1686 3060 1842 3122; x_wconf 91' lang='lat' dir='ltr'><strong>Abel</strong></span> <span class='ocrx_word' id='word_1_274' title='bbox 1871 3072 2073 3122; x_wconf 89' lang='lat' dir='ltr'><strong>mente</strong></span> <span class='ocrx_word' id='word_1_275' title='bbox 2101 3063 2479 3139; x_wconf 88' lang='lat' dir='ltr'><strong>perpendens</strong></span> <span class='ocrx_word' id='word_1_276' title='bbox 2506 3058 2940 3123; x_wconf 88' lang='lat' dir='ltr'><strong>conuenienter</strong></span> 
     </span>
     <span class='ocr_line' id='line_1_29' title="bbox 514 3156 2934 3236; baseline -0.001 -16"><span class='ocrx_word' id='word_1_277' title='bbox 514 3159 826 3220; x_wconf 88' lang='lat' dir='ltr'><strong>aestimare</strong></span> <span class='ocrx_word' id='word_1_278' title='bbox 881 3159 1185 3232; x_wconf 89' lang='lat' dir='ltr'><strong>debuerat,</strong></span> <span class='ocrx_word' id='word_1_279' title='bbox 1230 3157 1333 3236; x_wconf 93' lang='lat' dir='ltr'><strong>qui</strong></span> <span class='ocrx_word' id='word_1_280' title='bbox 1385 3156 1610 3236; x_wconf 89' lang='lat' dir='ltr'><strong>primus</strong></span> <span class='ocrx_word' id='word_1_281' title='bbox 1665 3156 1854 3217; x_wconf 88' lang='lat' dir='ltr'><strong>iustus</strong></span> <span class='ocrx_word' id='word_1_282' title='bbox 1909 3156 2165 3218; x_wconf 85' lang='lat' dir='ltr'><strong>existens</strong></span> <span class='ocrx_word' id='word_1_283' title='bbox 2220 3158 2447 3236; x_wconf 88' lang='lat' dir='ltr'><strong>primus</strong></span> <span class='ocrx_word' id='word_1_284' title='bbox 2501 3168 2767 3218; x_wconf 89' lang='lat' dir='ltr'><strong>mortuus</strong></span> <span class='ocrx_word' id='word_1_285' title='bbox 2821 3168 2934 3218; x_wconf 81' lang='lat' dir='ltr'><strong>est.</strong></span> 
     </span>
     <span class='ocr_line' id='line_1_30' title="bbox 516 3253 2937 3333; baseline -0.001 -17"><span class='ocrx_word' id='word_1_286' title='bbox 516 3266 577 3317; x_wconf 89' lang='lat' dir='ltr'><strong>et</strong></span> <span class='ocrx_word' id='word_1_287' title='bbox 622 3255 921 3333; x_wconf 89' lang='lat' dir='ltr'><strong>siquidem</strong></span> <span class='ocrx_word' id='word_1_288' title='bbox 965 3266 1219 3316; x_wconf 90' lang='lat' dir='ltr'><strong>mortem</strong></span> <span class='ocrx_word' id='word_1_289' title='bbox 1265 3256 1434 3315; x_wconf 89' lang='lat' dir='ltr'><strong>Deus</strong></span> <span class='ocrx_word' id='word_1_290' title='bbox 1481 3264 1768 3315; x_wconf 86' lang='lat' dir='ltr'><strong>statuerat</strong></span> <span class='ocrx_word' id='word_1_291' title='bbox 1816 3253 1897 3314; x_wconf 91' lang='lat' dir='ltr'><strong>ad</strong></span> <span class='ocrx_word' id='word_1_292' title='bbox 1940 3272 2201 3330; x_wconf 89' lang='lat' dir='ltr'><strong>poenam</strong></span> <span class='ocrx_word' id='word_1_293' title='bbox 2248 3253 2579 3328; x_wconf 89' lang='lat' dir='ltr'><strong>hominurn,</strong></span> <span class='ocrx_word' id='word_1_294' title='bbox 2620 3253 2937 3331; x_wconf 89' lang='lat' dir='ltr'><strong>quomodo</strong></span> 
     </span>
     <span class='ocr_line' id='line_1_31' title="bbox 412 3350 2933 3431; baseline 0 -21"><span class='ocrx_word' id='word_1_295' title='bbox 412 3370 490 3427; x_wconf 85' lang='lat'><strong>30</strong></span> <span class='ocrx_word' id='word_1_296' title='bbox 516 3373 640 3414; x_wconf 91' lang='lat' dir='ltr'><strong>non</strong></span> <span class='ocrx_word' id='word_1_297' title='bbox 677 3351 1000 3431; x_wconf 88' lang='lat' dir='ltr'><strong>impietatis</strong></span> <span class='ocrx_word' id='word_1_298' title='bbox 1032 3364 1157 3413; x_wconf 89' lang='lat' dir='ltr'><strong>erat</strong></span> <span class='ocrx_word' id='word_1_299' title='bbox 1191 3363 1489 3413; x_wconf 88' lang='lat' dir='ltr'><strong>extremae</strong></span> <span class='ocrx_word' id='word_1_300' title='bbox 1524 3351 1729 3411; x_wconf 89' lang='lat' dir='ltr'><strong>uiuere</strong></span> <span class='ocrx_word' id='word_1_301' title='bbox 1758 3351 2003 3429; x_wconf 90' lang='lat' dir='ltr'><strong>quidem</strong></span> <span class='ocrx_word' id='word_1_302' title='bbox 2032 3371 2171 3412; x_wconf 89' lang='lat' dir='ltr'><strong>eum</strong></span> <span class='ocrx_word' id='word_1_303' title='bbox 2202 3350 2305 3430; x_wconf 89' lang='lat' dir='ltr'><strong>qui</strong></span> <span class='ocrx_word' id='word_1_304' title='bbox 2332 3350 2444 3412; x_wconf 86' lang='lat' dir='ltr'><strong>fuit</strong></span> <span class='ocrx_word' id='word_1_305' title='bbox 2471 3369 2652 3410; x_wconf 90' lang='lat' dir='ltr'><strong>causa</strong></span> <span class='ocrx_word' id='word_1_306' title='bbox 2677 3351 2933 3427; x_wconf 86' lang='lat' dir='ltr'><strong>peccati,</strong></span> 
     </span>
     <span class='ocr_line' id='line_1_32' title="bbox 515 3448 2934 3526; baseline 0 -17"><span class='ocrx_word' id='word_1_307' title='bbox 515 3452 718 3513; x_wconf 89' lang='lat' dir='ltr'><strong>uiuere</strong></span> <span class='ocrx_word' id='word_1_308' title='bbox 772 3449 952 3512; x_wconf 89' lang='lat' dir='ltr'><strong>etiam</strong></span> <span class='ocrx_word' id='word_1_309' title='bbox 1006 3469 1145 3509; x_wconf 90' lang='lat' dir='ltr'><strong>cum</strong></span> <span class='ocrx_word' id='word_1_310' title='bbox 1198 3448 1303 3509; x_wconf 92' lang='lat' dir='ltr'><strong>illo</strong></span> <span class='ocrx_word' id='word_1_311' title='bbox 1359 3460 1418 3509; x_wconf 93' lang='lat' dir='ltr'><strong>et</strong></span> <span class='ocrx_word' id='word_1_312' title='bbox 1478 3450 1674 3509; x_wconf 89' lang='lat' dir='ltr'><strong>Euam</strong></span> <span class='ocrx_word' id='word_1_313' title='bbox 1743 3448 2006 3510; x_wconf 87' lang='lat' dir='ltr'><strong>malitiae</strong></span> <span class='ocrx_word' id='word_1_314' title='bbox 2059 3448 2934 3526; x_wconf 89' lang='lat' dir='ltr'><strong>repertricem—praetermitto</strong></span> 
     </span>
     <span class='ocr_line' id='line_1_33' title="bbox 515 3543 2934 3623; baseline -0.002 -13"><span class='ocrx_word' id='word_1_315' title='bbox 515 3560 717 3610; x_wconf 90' lang='lat' dir='ltr'><strong>autem</strong></span> <span class='ocrx_word' id='word_1_316' title='bbox 754 3548 1066 3610; x_wconf 89' lang='lat' dir='ltr'><strong>diabolum</strong></span> <span class='ocrx_word' id='word_1_317' title='bbox 1093 3546 1157 3606; x_wconf 91' lang='lat' dir='ltr'><strong>in</strong></span> <span class='ocrx_word' id='word_1_318' title='bbox 1185 3544 1610 3607; x_wconf 86' lang='lat' dir='ltr'><strong>inmortalitate</strong></span> <span class='ocrx_word' id='word_1_319' title='bbox 1645 3546 1934 3606; x_wconf 88' lang='lat' dir='ltr'><strong>hactenus</strong></span> <span class='ocrx_word' id='word_1_320' title='bbox 1979 3543 2746 3623; x_wconf 89' lang='lat' dir='ltr'><strong>perdurantem—-primum</strong></span> <span class='ocrx_word' id='word_1_321' title='bbox 2783 3564 2934 3606; x_wconf 89' lang='lat' dir='ltr'><strong>uero</strong></span> 
     </span>
     <span class='ocr_line' id='line_1_34' title="bbox 514 3643 2935 3726; baseline -0.003 -16"><span class='ocrx_word' id='word_1_322' title='bbox 514 3649 733 3710; x_wconf 90' lang='lat' dir='ltr'><strong>iustum</strong></span> <span class='ocrx_word' id='word_1_323' title='bbox 760 3658 1239 3726; x_wconf 88' lang='lat' dir='ltr'><strong>repertoremque</strong></span> <span class='ocrx_word' id='word_1_324' title='bbox 1266 3644 1516 3716; x_wconf 79' lang='lat' dir='ltr'><strong>uirtutiS,</strong></span> <span class='ocrx_word' id='word_1_325' title='bbox 1544 3643 1923 3722; x_wconf 89' lang='lat' dir='ltr'><strong>primumque</strong></span> <span class='ocrx_word' id='word_1_326' title='bbox 1952 3643 2138 3705; x_wconf 89' lang='lat' dir='ltr'><strong>diuini</strong></span> <span class='ocrx_word' id='word_1_327' title='bbox 2167 3645 2362 3704; x_wconf 90' lang='lat' dir='ltr'><strong>cultus</strong></span> <span class='ocrx_word' id='word_1_328' title='bbox 2388 3662 2588 3703; x_wconf 88' lang='lat' dir='ltr'><strong>curam</strong></span> <span class='ocrx_word' id='word_1_329' title='bbox 2624 3653 2935 3721; x_wconf 89' lang='lat' dir='ltr'><strong>gerentem</strong></span> 
     </span>
     <span class='ocr_line' id='line_1_35' title="bbox 515 3742 2934 3825; baseline -0.005 -14"><span class='ocrx_word' id='word_1_330' title='bbox 515 3761 657 3811; x_wconf 90' lang='lat' dir='ltr'><strong>ante</strong></span> <span class='ocrx_word' id='word_1_331' title='bbox 712 3767 925 3811; x_wconf 88' lang='lat' dir='ltr'><strong>omnes</strong></span> <span class='ocrx_word' id='word_1_332' title='bbox 968 3765 1163 3825; x_wconf 91' lang='lat' dir='ltr'><strong>paene</strong></span> <span class='ocrx_word' id='word_1_333' title='bbox 1209 3743 1588 3824; x_wconf 89' lang='lat' dir='ltr'><strong>peccantium</strong></span> <span class='ocrx_word' id='word_1_334' title='bbox 1647 3743 1829 3805; x_wconf 82' lang='lat' dir='ltr'><strong>fuisse</strong></span> <span class='ocrx_word' id='word_1_335' title='bbox 1884 3744 2257 3821; x_wconf 85' lang='lat' dir='ltr'><strong>perculsum?</strong></span> <span class='ocrx_word' id='word_1_336' title='bbox 2356 3742 2671 3819; x_wconf 83' lang='lat' dir='ltr'><strong>oportebat</strong></span> <span class='ocrx_word' id='word_1_337' title='bbox 2726 3751 2934 3801; x_wconf 89' lang='lat' dir='ltr'><strong>autem</strong></span> 
     </span>
     <span class='ocr_line' id='line_1_36' title="bbox 409 3838 2940 3930; baseline -0.005 -19"><span class='ocrx_word' id='word_1_338' title='bbox 409 3867 484 3930; x_wconf 84' lang='lat'><strong>35</strong></span> <span class='ocrx_word' id='word_1_339' title='bbox 516 3846 1019 3927; x_wconf 87' lang='lat' dir='ltr'><strong>sapientissimum</strong></span> <span class='ocrx_word' id='word_1_340' title='bbox 1047 3841 1239 3904; x_wconf 87' lang='lat' dir='ltr'><strong>uirum</strong></span> <span class='ocrx_word' id='word_1_341' title='bbox 1274 3853 1334 3904; x_wconf 92' lang='lat' dir='ltr'><strong>et</strong></span> <span class='ocrx_word' id='word_1_342' title='bbox 1379 3842 1457 3902; x_wconf 92' lang='lat' dir='ltr'><strong>de</strong></span> <span class='ocrx_word' id='word_1_343' title='bbox 1498 3841 1713 3901; x_wconf 90' lang='lat' dir='ltr'><strong>Enoch</strong></span> <span class='ocrx_word' id='word_1_344' title='bbox 1748 3839 1851 3918; x_wconf 90' lang='lat' dir='ltr'><strong>qui</strong></span> <span class='ocrx_word' id='word_1_345' title='bbox 1892 3858 2019 3899; x_wconf 92' lang='lat' dir='ltr'><strong>non</strong></span> <span class='ocrx_word' id='word_1_346' title='bbox 2047 3849 2137 3900; x_wconf 91' lang='lat' dir='ltr'><strong>est</strong></span> <span class='ocrx_word' id='word_1_347' title='bbox 2165 3850 2435 3900; x_wconf 90' lang='lat' dir='ltr'><strong>mortuus</strong></span> <span class='ocrx_word' id='word_1_348' title='bbox 2479 3838 2794 3916; x_wconf 89' lang='lat' dir='ltr'><strong>diligenter</strong></span> <span class='ocrx_word' id='word_1_349' title='bbox 2837 3857 2940 3899; x_wconf 84' lang='lat' dir='ltr'><strong>ex-</strong></span> 
     </span>
     <span class='ocr_line' id='line_1_37' title="bbox 513 3935 2937 4026; baseline -0.005 -18"><span class='ocrx_word' id='word_1_350' title='bbox 513 3947 809 4026; x_wconf 85' lang='lat' dir='ltr'><strong>pendere3</strong></span> <span class='ocrx_word' id='word_1_351' title='bbox 850 3962 974 4005; x_wconf 90' lang='lat' dir='ltr'><strong>non</strong></span> <span class='ocrx_word' id='word_1_352' title='bbox 1022 3940 1184 4003; x_wconf 89' lang='lat' dir='ltr'><strong>enim</strong></span> <span class='ocrx_word' id='word_1_353' title='bbox 1227 3950 1396 4001; x_wconf 86' lang='lat' dir='ltr'><strong>tanta</strong></span> <span class='ocrx_word' id='word_1_354' title='bbox 1438 3937 1681 3999; x_wconf 88' lang='lat' dir='ltr'><strong>uirtute</strong></span> <span class='ocrx_word' id='word_1_355' title='bbox 1694 3937 1794 3997; x_wconf 92' lang='lat' dir='ltr'><strong>uel</strong></span> <span class='ocrx_word' id='word_1_356' title='bbox 1835 3936 2059 4015; x_wconf 89' lang='lat' dir='ltr'><strong>pietate</strong></span> <span class='ocrx_word' id='word_1_357' title='bbox 2099 3936 2405 4014; x_wconf 87' lang='lat' dir='ltr'><strong>praeditus</strong></span> <span class='ocrx_word' id='word_1_358' title='bbox 2451 3935 2562 3997; x_wconf 89' lang='lat' dir='ltr'><strong>fuit</strong></span> <span class='ocrx_word' id='word_1_359' title='bbox 2609 3945 2675 3994; x_wconf 91' lang='lat' dir='ltr'><strong>ut</strong></span> <span class='ocrx_word' id='word_1_360' title='bbox 2718 3935 2937 3995; x_wconf 89' lang='lat' dir='ltr'><strong>melior</strong></span> 
     </span>
    </p>
   </div>
   <div class='ocr_carea' id='block_1_3' title="bbox 513 4089 2936 4433">
    <p class='ocr_par' dir='ltr' id='par_1_3' title="bbox 513 4089 2936 4433">
     <span class='ocr_line' id='line_1_38' title="bbox 611 4089 2936 4180; baseline -0.005 -11"><span class='ocrx_word' id='word_1_361' title='bbox 611 4117 643 4169; x_wconf 92' lang='lat'><strong>6</strong></span> <span class='ocrx_word' id='word_1_362' title='bbox 676 4117 959 4168; x_wconf 83' lang='lat' dir='ltr'><strong>aestimaret</strong></span> <span class='ocrx_word' id='word_1_363' title='bbox 983 4115 1097 4180; x_wconf 84' lang='lat' dir='ltr'><strong>(sor</strong></span> <span class='ocrx_word' id='word_1_364' title='bbox 1114 4120 1238 4165; x_wconf 82' lang='lat' dir='ltr'><strong>aest.</strong></span> <span class='ocrx_word' id='word_1_365' title='bbox 1261 4113 1463 4177; x_wconf 86' lang='lat' dir='ltr'><strong>tempt.)</strong></span> <span class='ocrx_word' id='word_1_366' title='bbox 1487 4128 1524 4161; x_wconf 82' lang='lat' dir='ltr'><em>n</em></span> <span class='ocrx_word' id='word_1_367' title='bbox 1717 4126 1775 4161; x_wconf 88' lang='lat' dir='ltr'><strong>ro</strong></span> <span class='ocrx_word' id='word_1_368' title='bbox 1808 4108 2219 4160; x_wconf 76' lang='lat' dir='ltr'><strong>manducauerint</strong></span> <span class='ocrx_word' id='word_1_369' title='bbox 2233 4126 2277 4173; x_wconf 80' lang='lat' dir='ltr'><em>g</em></span> <span class='ocrx_word' id='word_1_370' title='bbox 2445 4121 2501 4171; x_wconf 84' lang='lat'><strong>¹7</strong></span> <span class='ocrx_word' id='word_1_371' title='bbox 2541 4108 2607 4157; x_wconf 90' lang='lat' dir='ltr'><strong>de</strong></span> <span class='ocrx_word' id='word_1_372' title='bbox 2630 4105 2745 4169; x_wconf 83' lang='lat' dir='ltr'><strong>(for</strong></span> <span class='ocrx_word' id='word_1_373' title='bbox 2763 4089 2936 4171; x_wconf 79' lang='lat' dir='ltr'><strong>Adae)</strong></span> 
     </span>
     <span class='ocr_line' id='line_1_39' title="bbox 513 4195 2155 4265; baseline -0.005 -14"><span class='ocrx_word' id='word_1_374' title='bbox 513 4202 576 4252; x_wconf 80' lang='lat' dir='ltr'><strong>b:</strong></span> <span class='ocrx_word' id='word_1_375' title='bbox 609 4217 688 4250; x_wconf 82' lang='lat' dir='ltr'><strong>om</strong></span> <span class='ocrx_word' id='word_1_376' title='bbox 704 4216 747 4265; x_wconf 79' lang='lat' dir='ltr'><em>g</em></span> <span class='ocrx_word' id='word_1_377' title='bbox 765 4200 913 4249; x_wconf 79' lang='lat' dir='ltr'><strong>Adae</strong></span> <span class='ocrx_word' id='word_1_378' title='bbox 934 4198 1103 4250; x_wconf 83' lang='lat' dir='ltr'><strong>Deum</strong></span> <span class='ocrx_word' id='word_1_379' title='bbox 1127 4199 1226 4262; x_wconf 84' lang='lat' dir='ltr'><strong>(om</strong></span> <span class='ocrx_word' id='word_1_380' title='bbox 1249 4196 1318 4248; x_wconf 89' lang='lat' dir='ltr'><strong>D.</strong></span> <span class='ocrx_word' id='word_1_381' title='bbox 1346 4195 1509 4261; x_wconf 70' lang='lat' dir='ltr'><strong>infra)</strong></span> <span class='ocrx_word' id='word_1_382' title='bbox 1531 4211 1569 4244; x_wconf 84' lang='lat' dir='ltr'><em>n</em></span> <span class='ocrx_word' id='word_1_383' title='bbox 1840 4209 1903 4258; x_wconf 81' lang='lat'><strong>34</strong></span> <span class='ocrx_word' id='word_1_384' title='bbox 1936 4208 2099 4260; x_wconf 81' lang='lat' dir='ltr'><strong>poena</strong></span> <span class='ocrx_word' id='word_1_385' title='bbox 2112 4209 2155 4255; x_wconf 80' lang='lat' dir='ltr'><em>g</em></span> 
     </span>
     <span class='ocr_line' id='line_1_40' title="bbox 645 4356 2792 4433; baseline -0.007 -14"><span class='ocrx_word' id='word_1_386' title='bbox 645 4367 675 4395; x_wconf 75' lang='lat'><strong>⁴*</strong></span> <span class='ocrx_word' id='word_1_387' title='bbox 708 4367 888 4433; x_wconf 82' lang='lat' dir='ltr'><strong>[Ezek.</strong></span> <span class='ocrx_word' id='word_1_388' title='bbox 911 4366 1046 4418; x_wconf 81' lang='lat' dir='ltr'><strong>xviii.</strong></span> <span class='ocrx_word' id='word_1_389' title='bbox 1077 4381 1124 4428; x_wconf 75' lang='lat'><strong>2,</strong></span> <span class='ocrx_word' id='word_1_390' title='bbox 1153 4380 1201 4430; x_wconf 78' lang='grc'><strong>3.</strong></span> <span class='ocrx_word' id='word_1_391' title='bbox 1242 4366 1427 4431; x_wconf 80' lang='lat' dir='ltr'><strong>Jerem.</strong></span> <span class='ocrx_word' id='word_1_392' title='bbox 1455 4363 1591 4413; x_wconf 82' lang='lat' dir='ltr'><strong>xxxi.</strong></span> <span class='ocrx_word' id='word_1_393' title='bbox 1617 4362 1717 4426; x_wconf 81' lang='lat'><strong>30].</strong></span> <span class='ocrx_word' id='word_1_394' title='bbox 1914 4361 1950 4415; x_wconf 87' lang='grc' dir='ltr'><strong>-Ι-</strong></span> <span class='ocrx_word' id='word_1_395' title='bbox 1983 4362 2134 4411; x_wconf 87' lang='lat' dir='ltr'><strong>Rom.</strong></span> <span class='ocrx_word' id='word_1_396' title='bbox 2158 4359 2211 4409; x_wconf 91' lang='lat' dir='ltr'><strong>ii.</strong></span> <span class='ocrx_word' id='word_1_397' title='bbox 2235 4359 2282 4409; x_wconf 92' lang='lat'><strong>6.</strong></span> <span class='ocrx_word' id='word_1_398' title='bbox 2442 4361 2476 4419; x_wconf 76' lang='lat' dir='ltr'>ss</span> <span class='ocrx_word' id='word_1_399' title='bbox 2509 4358 2622 4408; x_wconf 81' lang='lat' dir='ltr'><strong>Gal.</strong></span> <span class='ocrx_word' id='word_1_400' title='bbox 2652 4356 2718 4405; x_wconf 81' lang='lat' dir='ltr'><strong>vi.</strong></span> <span class='ocrx_word' id='word_1_401' title='bbox 2745 4368 2792 4417; x_wconf 77' lang='lat'><strong>5.</strong></span> 
     </span>
    </p>
   </div>
   <div class='ocr_carea' id='block_1_4' title="bbox 1485 4444 1925 4506">
    <p class='ocr_par' dir='ltr' id='par_1_4' title="bbox 1485 4444 1925 4506">
     <span class='ocr_line' id='line_1_41' title="bbox 1485 4444 1925 4506; baseline -0.002 -11"><span class='ocrx_word' id='word_1_402' title='bbox 1485 4448 1514 4506; x_wconf 64' lang='lat' dir='ltr'>g</span> <span class='ocrx_word' id='word_1_403' title='bbox 1547 4446 1697 4499; x_wconf 83' lang='lat' dir='ltr'><strong>Rom.</strong></span> <span class='ocrx_word' id='word_1_404' title='bbox 1727 4444 1823 4493; x_wconf 86' lang='lat' dir='ltr'><strong>xiv.</strong></span> <span class='ocrx_word' id='word_1_405' title='bbox 1857 4459 1925 4496; x_wconf 85' lang='lat'><strong>10.</strong></span> 
     </span>
    </p>
   </div>
  </div>
 </body>
</html>
