3221 5116
289 400 404 466 IV.
447 418 539 482 13,
590 401 715 486 14·]
849 414 934 465 m
982 413 1087 465 ΕΡ.
1133 414 1237 464 AD
1282 414 2031 470 rnEssAnomcL-Nssss
2078 417 2124 469 1.
2622 414 2706 481 27

286 594 478 650 erant
560 585 675 649 illa
734 606 907 670 quae
983 585 1531 670 expectabantur,
1608 587 1677 652 in
1751 596 2016 652 tantum
2089 586 2414 652 consolari
2489 585 2705 670 magis

288 696 605 769 poterant
634 686 721 765 hi,
754 687 868 771 qui
894 687 1228 769 profundo
1257 688 1438 754 luctu
1470 690 1888 756 tenebantur.

416 815 716 878 nolumus
759 825 975 878 autem
1014 836 1128 878 uos
1172 815 1491 898 τζξνιονανε,
1518 816 1798 900 fratres,
1830 818 1908 881 de
1943 817 2422 894 dormientibus,
2464 825 2541 880 ut
2576 836 2704 881 non

282 912 437 978 sitis
464 915 695 993 tristes,
725 916 895 980 sicut
917 925 982 980 et
1007 917 1195 980 ceteri
1219 918 1338 1000 qui
1361 931 1532 1002 spem
1563 941 1689 983 non
1718 919 1968 986 habent.

417 1035 590 1100 bene
641 1037 797 1120 quia
846 1056 981 1100 non
1029 1037 1370 1102 tristitiam
1423 1039 1694 1117 ademit,
1759 1040 1875 1104 sed
1932 1038 2305 1103 inmensam
2355 1056 2506 1102 eam
2555 1047 2762 1115 esses

284 1136 622 1220 prohibuit
679 1138 1180 1219 comparatione
1240 1137 1345 1203 uel
1400 1141 1699 1204 maxime
1757 1141 2307 1216 aduersariorum,
2355 1140 2443 1203 ad
2518 1158 2699 1202 uere-

285 1239 599 1303 cundiam
642 1261 757 1304 eos
798 1241 1151 1316 deuocans,
1198 1261 1280 1304 eo
1320 1244 1499 1325 quod
1547 1242 1641 1306 illi
1684 1263 1818 1307 non
1864 1242 2114 1306 habent
2145 1261 2356 1324 spem.
2450 1241 2698 1304 etenim

285 1351 433 1404 erat
458 1342 945 1417 inconuenienS,
979 1352 1053 1406 ut
1085 1341 1177 1405 illi
1208 1344 1321 1427 qui
1353 1354 1507 1427 post
1538 1354 1824 1408 mortem
1858 1344 2131 1407 meliora
2152 1342 2483 1427 praesenti
2516 1349 2698 1404 statu

287 1451 657 1522 expectant
696 1443 782 1506 ad
827 1442 1330 1508 similitudinem
1376 1444 1637 1510 illorum
1679 1446 2023 1510 tristentur
2056 1447 2168 1529 qui
2211 1444 2374 1509 nihil
2413 1444 2700 1527 amplius

278 1550 439 1623 post
491 1552 772 1607 mortem
831 1555 1211 1627 expectant.
1300 1547 1543 1612 deinde
1603 1557 1672 1612 et
1731 1548 1817 1611 de
1878 1547 2006 1611 illis
2073 1548 2188 1630 qui
2243 1548 2311 1611 in
2373 1567 2493 1630 spe
2542 1555 2698 1612 sunt
2735 1561 2814 1610 10

286 1645 511 1710 dixit:

410 1772 477 1836 si
518 1773 785 1858 (inquit)
829 1775 1149 1840 credimus
1190 1776 1365 1858 quod
1398 1776 1582 1841 Iesus
1625 1785 1921 1841 mortuus
1946 1785 2043 1842 est
2076 1786 2142 1840 et
2178 1755 2550 1852 resurrexit,
2605 1774 2703 1839 sic

282 1884 350 1940 et
379 1874 562 1940 Deus
589 1898 691 1941 eos
717 1878 838 1960 qui
860 1878 1271 1943 dormierunt
1280 1890 1407 1961 per
1433 1879 1653 1944 Iesum
1683 1880 1958 1944 adducet
1983 1900 2127 1944 cum
2157 1901 2241 1945 eo,

413 1994 502 2058 ‘si
534 1996 780 2059 etenim
826 1998 1367 2062 resurrectionem
1403 1999 1554 2062 Iesu
1586 1999 1934 2076 credimus,
1967 1998 2343 2063 necessario
2374 1996 2700 2061 debemus

284 2105 354 2165 et
382 2096 468 2160 de
498 2097 979 2161 dormientibus
1003 2100 1283 2177 credere,
1306 2099 1624 2181 quoniam
1658 2110 1724 2164 et
1756 2100 1902 2165 illos
1932 2101 2279 2165 suscitabit
2308 2121 2426 2183 per
2459 2100 2700 2176 Iesum,
2736 2114 2807 2184 15

287 2197 385 2259 ita
415 2207 489 2262 ut
520 2209 586 2263 et
619 2200 753 2264 sint
783 2219 934 2263 cum
968 2220 1049 2263 eo
1067 2198 1299 2263 ²—hoc
1332 2200 1510 2263 enim
1541 2200 1706 2265 dicit
1733 2202 2007 2266 adducet
2031 2223 2175 2266 cum
2203 2223 2286 2266 ec.
2330 2220 2487 2265 nam
2520 2199 2700 2283 quod

286 2299 467 2364 dixit
498 2312 624 2383 per
667 2299 904 2377 Iesum,
949 2302 1379 2385 sequentibus
1423 2310 1527 2366 est
1571 2303 2006 2381 reddendum,
2055 2303 2165 2367 ubi
2211 2303 2389 2367 dixit
2431 2302 2705 2365 adducet

284 2421 429 2465 cum
459 2423 526 2465 eo
545 2426 579 2479 ‚·
622 2413 696 2467 ut
723 2404 811 2466 sit
844 2403 1060 2467 simile
1092 2404 1183 2467 illi
1231 2404 1412 2467 dicto
1440 2427 1454 2467 ε
1495 2425 1563 2467 eo
1591 2404 1768 2487 quod
1784 2415 1910 2486 per
1936 2404 2255 2468 hominem
2287 2424 2475 2479 mors,
2504 2413 2568 2466 et
2578 2411 2706 2482 per

285 2504 608 2571 hominem
643 2505 1019 2570 resurrectio
1048 2516 1470 2571 mortuorum.
1542 2507 1637 2572 sic
1671 2506 1965 2591 intellegi
1996 2507 2199 2573 debet
2230 2507 2550 2602 quoniam
2584 2525 2702 2589 per

290 2609 514 2674 Iesum
565 2609 931 2694 praestabit
985 2620 1053 2675 et
1083 2611 1278 2675 nobis
1331 2610 1900 2689 resurrectionem,
1950 2620 2186 2695 utpote
2226 2610 2464 2675 horum
2505 2610 2700 2674 nobis
2728 2621 2814 2670 20

285 2732 488 2776 causa
518 2715 868 2778 existente.
956 2708 1492 2793 †intendendum
1547 2732 1707 2775 uero
1767 2721 1870 2775 est
1921 2710 2016 2775 illi
2078 2712 2189 2789 rei,
2240 2712 2559 2794 quoniam
2613 2710 2700 2774 de

287 2816 444 2880 Iesu
490 2816 719 2880 dicens
768 2816 1097 2900 [mortuus
1146 2825 1242 2879 est
1288 2816 1482 2892 dixit,
1537 2816 1624 2879 de
1683 2815 1921 2879 ceteris
1981 2835 2140 2878 uero
2199 2814 2454 2899 dicens]
2509 2815 2696 2879 ‘dor-

415 2993 813 3082 προσεκτέον
859 2991 929 3060 δὲ
969 2991 1075 3059 ὅτι
1119 2994 1231 3059 ἐπὶ
1276 2995 1396 3076 μὲν
1439 2997 1557 3059 τοῦ
1601 2991 1827 3072 Ἰησοῦ
1869 2992 1946 3060 τὸ
1984 2993 2296 3059 ἂπέθαωεω
2347 2987 2543 3067 εἶπεν,
2587 2989 2702 3057 ἐπὶ

381 3166 414 3210 4
447 3145 806 3197 contristemini
829 3145 944 3210 (sor
962 3145 1070 3197 sitis
1092 3143 1172 3209 tr.)
1195 3147 1264 3195 Η

282 3235 365 3279 tx!
385 3228 411 3277 l
434 3225 445 3291 1
470 3227 713 3277 haberent
748 3227 791 3277 C
822 3227 968 3290 (corr)
1172 3229 1202 3277 8
1252 3227 1404 3277 statui
1435 3243 1470 3278 r

289 3312 334 3361 C
366 3307 511 3374 (corr)
778 3322 839 3357 ro
869 3309 1200 3373 expectabant
1227 3308 1270 3357 C
1292 3305 1440 3372 (corr)

291 3404 347 3455 17
385 3392 656 3442 redendum
681 3389 782 3456 (sic)
804 3390 965 3441 0⁴*H
1102 3406 1161 3456 19
1192 3399 1245 3441 et
1264 3390 1378 3455 (sor
1392 3389 1530 3455 sic)r

284 3486 343 3520 αα
382 3470 840 3521 mortuuS...dicens
860 3486 941 3520 om
969 3469 1015 3520 C
1030 3471 1099 3520 Η
1111 3487 1144 3519 r
1174 3470 1193 3534 (
1196 3478 1296 3536 per
1325 3470 1615 3531 homoeotel.)

286 3551 404 3617 361]
434 3554 724 3617 προσεκτέον
756 3553 825 3614 δέ,
863 3553 1013 3603 κ.τ.λ.

1382 3145 1415 3197 6
1447 3145 1873 3211 comparationem
1902 3143 1978 3196 C*
2003 3161 2036 3193 r
2165 3155 2193 3207 7
2226 3143 2469 3192 deuotans
2497 3141 2541 3191 C
2557 3142 2627 3192 Η
2637 3155 2694 3191 r:

1658 3243 1691 3295 9
1735 3227 2068 3291 expectabant
2103 3225 2148 3276 C
2177 3226 2326 3286 (corr)
2353 3222 2363 3289 Ι
2393 3225 2704 3274 tristarentur

1702 3324 1759 3359 ιο
1793 3308 2111 3373 inquitomr
2372 3321 2429 3369 13
2464 3320 2705 3355 eosomr

1658 3404 1723 3440 20
1743 3397 1794 3442 et
1810 3406 1888 3441 om
1904 3391 1973 3439 H
2094 3404 2151 3439 21
2178 3387 2472 3439 existentem
2492 3387 2535 3436 C
2551 3384 2699 3451 (corr)

1811 3484 1873 3534 23
1910 3468 2067 3518 Coisl.
2100 3484 2213 3530 204,
2250 3466 2287 3517 s.
2328 3478 2466 3530 17oa
2497 3466 2606 3528 [Cr.
2630 3465 2699 3514 vi.

350 3701 397 3749 3.
465 3693 526 3735 ut
557 3701 658 3735 non
688 3686 801 3735 sitis
830 3684 1018 3747 tris-tes]
1062 3685 1130 3735 Ο.
1155 3687 1237 3747 L„
1265 3685 1438 3751 Vulg.⁹

283 3776 344 3818 ut
364 3784 465 3818 non
487 3769 864 3818 contristemini.
918 3768 1028 3818 Our
1050 3769 1317 3818 translator
1333 3783 1445 3817 usoe

282 3851 808 3901 ιοηθύἰανεελυπεΐν
830 3853 882 3901 in
907 3850 1043 3915 Eph.
1069 3850 1136 3899 iv.
1163 3864 1242 3913 30.

352 3945 399 3994 5.
466 3932 579 3980 bene
606 3932 895 3996 quia...n0n
928 3932 980 3980 h.
1014 3930 1165 3996 spem]
1204 3929 1353 3980 Cited
1374 3930 1443 3994 by

284 4012 552 4067 lanfranc,
588 4013 703 4062 who
746 4012 893 4061 alone
928 4011 1020 4060 has
1059 4010 1322 4075 preserved
1356 4010 1442 4060 the

238 4104 249 4116 ·
280 4098 390 4142 true
423 4092 630 4155 reading
657 4092 922 4151 deuocam3
955 4090 1019 4140 cf.
1054 4106 1136 4139 vv.
1174 4090 1227 4139 ll.
1251 4089 1442 4139 Thdt.=

283 4174 339 4221 οὖ
370 4169 619 4222 παντελῶς
651 4169 823 4221 κωλύει
855 4172 945 4232 τὴν
975 4167 1153 4230 λύπην,
1190 4169 1323 4220 ἀλλὰ
1353 4172 1444 4231 τὴν

281 4247 508 4313 ἀμετρίαν
521 4251 768 4313 ἐκβάλλει.
794 4249 872 4299 Cf.
889 4249 989 4299 Th.
1005 4265 1071 4299 on
1084 4249 1272 4312 S-John
1281 4248 1348 4298 xi.
1360 4261 1439 4310 35.

355 4341 428 4391 17.
507 4331 624 4393 ‘per
641 4326 847 4389 Iesum‚’
869 4329 1178 4393 sequentibus
1196 4336 1268 4378 est
1286 4326 1441 4389 redd]

282 4410 441 4461 Thdt.
465 4411 612 4461 offers
634 4426 702 4460 no
724 4410 935 4476 opinion
972 4425 1040 4459 on
1066 4410 1166 4459 this
1197 4416 1439 4474 punctua-

282 4494 420 4552 tion;
454 4493 631 4558 Chrys.
673 4493 814 4557 gives
853 4492 891 4542 it
932 4507 988 4542 as
1025 4507 1091 4541 an
1124 4490 1438 4548 alternative,

283 4573 376 4623 but
417 4574 714 4639 apparently
748 4574 935 4637 prefers
980 4580 1033 4623 to
1076 4578 1287 4622 connect
1332 4572 1443 4620 τοὺς

1544 3684 1855 3745 κοιμηθέντας
1869 3683 1948 3733 διὰ
1971 3684 2059 3732 τοῦ
2079 3680 2139 3730 ’Ῑ.
2206 3679 2332 3731 Oec.
2371 3677 2471 3728 and
2502 3676 2692 3740 Thpht.

1542 3771 1671 3815 state
1693 3764 1818 3814 both
1852 3764 2020 3822 viem,
2046 3761 2171 3812 with
2193 3758 2336 3809 Thes
2358 3773 2544 3807 eornm.
2578 3771 2694 3820 pos-

1542 3845 1675 3908 sibly
1695 3844 1865 3894 before
1888 3844 2025 3893 them
2057 3841 2141 3902 (cs.
2166 3839 2387 3904 Thpht.:
2422 3834 2455 3897 ἢ
2485 3837 2588 3897 ἄξει
2621 3837 2700 3885 διὰ

1541 3927 1629 3975 τοῦ
1650 3923 1825 3985 Ἰησοῦ·
1858 3923 2127 3976 τουτέστιν,
2153 3919 2179 3969 ὀ
2201 3920 2296 3969 υἱὸς
2317 3918 2478 3968 αὐτοῖς
2495 3916 2698 3978 μεσίτης

1543 4008 1687 4057 ἔσται
1707 4009 1792 4067 τῆς
1813 4000 2161 4066 ἀναστάσεως).

1616 4092 1692 4140 18.
1759 4089 1843 4138 illi
1875 4085 2022 4148 dicto]
2083 4101 2104 4135 ι
2153 4084 2273 4134 Cor.
2324 4100 2406 4133 xv.
2464 4098 2545 4132 αι.
2611 4080 2691 4133 Cf.

1543 4169 1702 4219 Thdt.
1756 4170 1927 4218 Eran.
1972 4166 2065 4225 iii„
2098 4166 2266 4215 where
2309 4165 2409 4215 this
2460 4179 2602 4214 verse
2655 4163 2699 4214 is

1541 4249 1729 4314 quoted
1751 4247 1804 4298 in
1821 4248 2100 4297 connexion
2122 4245 2244 4295 with
2272 4260 2293 4294 ι
2314 4244 2490 4294 Thess.
2517 4243 2581 4292 iv.
2617 4256 2693 4304 14,

1541 4330 1665 4381 with
1704 4329 1790 4379 the
1832 4329 2058 4379 remark=
2099 4324 2195 4378 ἀπὸ
2231 4322 2319 4386 τῆς
2359 4327 2447 4375 τοῦ
2488 4326 2701 4386 σωτῆρος

1543 4409 1854 4460 ἀναστάσεως
1895 4411 2089 4473 βεβαιοῖ
2127 4409 2213 4458 τὸν
2254 4407 2364 4471 περὶ
2414 4406 2499 4466 τῆς
2542 4401 2699 4464 κοινῆς

1540 4487 1850 4540 ἀναστάσεως
1871 4490 2037 4551 λόγον.

1609 4586 1690 4621 21.
1764 4570 1825 4620 dc
1865 4571 1980 4619 Iesu
2013 4569 2065 4618 d.
2109 4570 2205 4617 ‘m-
2240 4564 2340 4616 est'
2379 4563 2534 4626 dixit]
2600 4564 2699 4615 See
