<?xml version="1.0" encoding="UTF-8"?>
<!DOCTYPE html PUBLIC "-//W3C//DTD XHTML 1.0 Transitional//EN"
    "http://www.w3.org/TR/xhtml1/DTD/xhtml1-transitional.dtd">
<html xmlns="http://www.w3.org/1999/xhtml" xml:lang="en" lang="en">
 <head>
  <title>
</title>
<meta http-equiv="Content-Type" content="text/html;charset=utf-8" />
  <meta name='ocr-system' content='tesseract 3.04.00' />
  <meta name='ocr-capabilities' content='ocr_page ocr_carea ocr_par ocr_line ocrx_word'/>
</head>
<body>
  <div class='ocr_page' id='page_1' title='image "./theodoriepiscop02swetgoog_0335.png"; bbox 0 0 3221 5116; ppageno 0'>
   <div class='ocr_carea' id='block_1_1' title="bbox 573 401 2020 476">
    <p class='ocr_par' dir='ltr' id='par_1_1' title="bbox 573 401 2020 476">
     <span class='ocr_line' id='line_1_1' title="bbox 573 401 2020 476; baseline -0.004 -17"><span class='ocrx_word' id='word_1_1' title='bbox 573 410 703 476; x_wconf 83' lang='lat'>324</span> <span class='ocrx_word' id='word_1_2' title='bbox 1524 402 1911 455; x_wconf 79' lang='lat' dir='ltr'>APPENDIX</span> <span class='ocrx_word' id='word_1_3' title='bbox 1955 401 2020 453; x_wconf 83' lang='lat' dir='ltr'>A.</span> 
     </span>
    </p>
   </div>
   <div class='ocr_carea' id='block_1_2' title="bbox 418 574 2994 3304">
    <p class='ocr_par' dir='ltr' id='par_1_2' title="bbox 567 574 2989 950">
     <span class='ocr_line' id='line_1_2' title="bbox 569 574 2989 665; baseline 0.002 -24"><span class='ocrx_word' id='word_1_4' title='bbox 569 580 847 658; x_wconf 89' lang='lat' dir='ltr'>neganda</span> <span class='ocrx_word' id='word_1_5' title='bbox 873 584 965 641; x_wconf 82' lang='lat' dir='ltr'>est</span> <span class='ocrx_word' id='word_1_6' title='bbox 993 578 1297 657; x_wconf 88' lang='lat' dir='ltr'>utriusque</span> <span class='ocrx_word' id='word_1_7' title='bbox 1323 577 1668 656; x_wconf 80' lang='lat' dir='ltr'>proprietas,</span> <span class='ocrx_word' id='word_1_8' title='bbox 1758 587 1818 638; x_wconf 89' lang='lat' dir='ltr'>et</span> <span class='ocrx_word' id='word_1_9' title='bbox 1845 574 1988 637; x_wconf 90' lang='lat' dir='ltr'>alibi</span> <span class='ocrx_word' id='word_1_10' title='bbox 2016 576 2093 665; x_wconf 71' lang='lat' dir='ltr'>,de</span> <span class='ocrx_word' id='word_1_11' title='bbox 2120 576 2249 639; x_wconf 92' lang='lat' dir='ltr'>uiro</span> <span class='ocrx_word' id='word_1_12' title='bbox 2280 589 2340 639; x_wconf 89' lang='lat' dir='ltr'>et</span> <span class='ocrx_word' id='word_1_13' title='bbox 2376 598 2560 641; x_wconf 84' lang='lat' dir='ltr'>uxore</span> <span class='ocrx_word' id='word_1_14' title='bbox 2594 582 2989 658; x_wconf 84' lang='lat' dir='ltr'>pronuntians</span> 
     </span>
     <span class='ocr_line' id='line_1_3' title="bbox 567 673 2984 758; baseline 0.002 -21"><span class='ocrx_word' id='word_1_15' title='bbox 567 677 679 738; x_wconf 87' lang='lat' dir='ltr'>ait:</span> <span class='ocrx_word' id='word_1_16' title='bbox 721 679 841 737; x_wconf 82' lang='lat' dir='ltr'>iam</span> <span class='ocrx_word' id='word_1_17' title='bbox 870 696 982 738; x_wconf 85' lang='lat' dir='ltr'>non</span> <span class='ocrx_word' id='word_1_18' title='bbox 1010 685 1150 737; x_wconf 85' lang='lat' dir='ltr'>sunt</span> <span class='ocrx_word' id='word_1_19' title='bbox 1172 678 1302 749; x_wconf 79' lang='lat' dir='ltr'>due,</span> <span class='ocrx_word' id='word_1_20' title='bbox 1331 678 1435 736; x_wconf 84' lang='lat' dir='ltr'>sed</span> <span class='ocrx_word' id='word_1_21' title='bbox 1453 695 1576 734; x_wconf 83' lang='lat' dir='ltr'>una</span> <span class='ocrx_word' id='word_1_22' title='bbox 1601 673 1819 746; x_wconf 74' lang='lat' dir='ltr'>caro⁹‘,·</span> <span class='ocrx_word' id='word_1_23' title='bbox 1861 676 1967 735; x_wconf 89' lang='lat' dir='ltr'>sed</span> <span class='ocrx_word' id='word_1_24' title='bbox 1995 695 2121 735; x_wconf 91' lang='lat' dir='ltr'>non</span> <span class='ocrx_word' id='word_1_25' title='bbox 2150 674 2291 753; x_wconf 89' lang='lat' dir='ltr'>quia</span> <span class='ocrx_word' id='word_1_26' title='bbox 2317 695 2439 736; x_wconf 91' lang='lat' dir='ltr'>una</span> <span class='ocrx_word' id='word_1_27' title='bbox 2465 697 2603 739; x_wconf 89' lang='lat' dir='ltr'>caro</span> <span class='ocrx_word' id='word_1_28' title='bbox 2623 678 2717 740; x_wconf 91' lang='lat' dir='ltr'>uir</span> <span class='ocrx_word' id='word_1_29' title='bbox 2737 692 2798 741; x_wconf 90' lang='lat' dir='ltr'>et</span> <span class='ocrx_word' id='word_1_30' title='bbox 2819 701 2984 758; x_wconf 87' lang='lat' dir='ltr'>uxor,</span> 
     </span>
     <span class='ocr_line' id='line_1_4' title="bbox 569 772 2989 850; baseline 0.002 -14"><span class='ocrx_word' id='word_1_31' title='bbox 569 774 686 836; x_wconf 89' lang='lat' dir='ltr'>iam</span> <span class='ocrx_word' id='word_1_32' title='bbox 717 795 840 836; x_wconf 89' lang='lat' dir='ltr'>non</span> <span class='ocrx_word' id='word_1_33' title='bbox 871 785 1008 836; x_wconf 92' lang='lat' dir='ltr'>sunt</span> <span class='ocrx_word' id='word_1_34' title='bbox 1036 776 1180 847; x_wconf 90' lang='lat' dir='ltr'>du0,</span> <span class='ocrx_word' id='word_1_35' title='bbox 1203 784 1453 835; x_wconf 88' lang='lat' dir='ltr'>manent</span> <span class='ocrx_word' id='word_1_36' title='bbox 1482 773 1641 834; x_wconf 90' lang='lat' dir='ltr'>enim</span> <span class='ocrx_word' id='word_1_37' title='bbox 1670 773 1791 834; x_wconf 92' lang='lat' dir='ltr'>duo</span> <span class='ocrx_word' id='word_1_38' title='bbox 1819 772 1983 833; x_wconf 83' lang='lat' dir='ltr'>iuxta</span> <span class='ocrx_word' id='word_1_39' title='bbox 2010 775 2174 850; x_wconf 91' lang='lat' dir='ltr'>quod</span> <span class='ocrx_word' id='word_1_40' title='bbox 2203 774 2328 835; x_wconf 92' lang='lat' dir='ltr'>duo</span> <span class='ocrx_word' id='word_1_41' title='bbox 2355 786 2509 849; x_wconf 92' lang='lat' dir='ltr'>sunt,</span> <span class='ocrx_word' id='word_1_42' title='bbox 2536 787 2595 836; x_wconf 91' lang='lat' dir='ltr'>et</span> <span class='ocrx_word' id='word_1_43' title='bbox 2616 798 2803 838; x_wconf 93' lang='lat' dir='ltr'>unum</span> <span class='ocrx_word' id='word_1_44' title='bbox 2822 779 2989 842; x_wconf 81' lang='lat' dir='ltr'>iuxta</span> 
     </span>
     <span class='ocr_line' id='line_1_5' title="bbox 569 872 2985 950; baseline 0.003 -18"><span class='ocrx_word' id='word_1_45' title='bbox 569 874 732 950; x_wconf 93' lang='lat' dir='ltr'>quod</span> <span class='ocrx_word' id='word_1_46' title='bbox 760 893 962 933; x_wconf 88' lang='lat' dir='ltr'>unum.</span> <span class='ocrx_word' id='word_1_47' title='bbox 1050 874 1380 935; x_wconf 89' lang='lat' dir='ltr'>secundum</span> <span class='ocrx_word' id='word_1_48' title='bbox 1408 874 1571 934; x_wconf 89' lang='lat' dir='ltr'>hunc</span> <span class='ocrx_word' id='word_1_49' title='bbox 1597 873 1849 933; x_wconf 91' lang='lat' dir='ltr'>modum</span> <span class='ocrx_word' id='word_1_50' title='bbox 1879 883 1938 932; x_wconf 92' lang='lat' dir='ltr'>et</span> <span class='ocrx_word' id='word_1_51' title='bbox 1967 872 2064 932; x_wconf 89' lang='lat' dir='ltr'>hic</span> <span class='ocrx_word' id='word_1_52' title='bbox 2092 874 2216 933; x_wconf 90' lang='lat' dir='ltr'>duo</span> <span class='ocrx_word' id='word_1_53' title='bbox 2245 884 2382 934; x_wconf 90' lang='lat' dir='ltr'>sunt</span> <span class='ocrx_word' id='word_1_54' title='bbox 2411 885 2636 949; x_wconf 87' lang='lat' dir='ltr'>natura,</span> <span class='ocrx_word' id='word_1_55' title='bbox 2662 878 2767 937; x_wconf 88' lang='lat' dir='ltr'>sed</span> <span class='ocrx_word' id='word_1_56' title='bbox 2798 898 2985 939; x_wconf 91' lang='lat' dir='ltr'>unum</span> 
     </span>
    </p>

    <p class='ocr_par' dir='ltr' id='par_1_3' title="bbox 466 968 2988 1930">
     <span class='ocr_line' id='line_1_6' title="bbox 505 968 2984 1047; baseline 0.003 -19"><span class='ocrx_word' id='word_1_57' title='bbox 505 981 537 1041; x_wconf 88' lang='lat'><em>5</em></span> <span class='ocrx_word' id='word_1_58' title='bbox 569 968 1017 1045; x_wconf 80' lang='lat' dir='ltr'>coniunctione3</span> <span class='ocrx_word' id='word_1_59' title='bbox 1065 971 1189 1032; x_wconf 90' lang='lat' dir='ltr'>duo</span> <span class='ocrx_word' id='word_1_60' title='bbox 1224 982 1450 1043; x_wconf 87' lang='lat' dir='ltr'>natura,</span> <span class='ocrx_word' id='word_1_61' title='bbox 1482 968 1624 1047; x_wconf 92' lang='lat' dir='ltr'>quia</span> <span class='ocrx_word' id='word_1_62' title='bbox 1660 970 1850 1030; x_wconf 90' lang='lat' dir='ltr'>multa</span> <span class='ocrx_word' id='word_1_63' title='bbox 1881 982 2222 1029; x_wconf 87' lang='lat' dir='ltr'>naturarum</span> <span class='ocrx_word' id='word_1_64' title='bbox 2254 969 2566 1032; x_wconf 87' lang='lat' dir='ltr'>diuersitas</span> <span class='ocrx_word' id='word_1_65' title='bbox 2589 993 2607 1046; x_wconf 79' lang='lat'>3</span> <span class='ocrx_word' id='word_1_66' title='bbox 2661 973 2766 1034; x_wconf 91' lang='lat' dir='ltr'>sed</span> <span class='ocrx_word' id='word_1_67' title='bbox 2795 993 2984 1035; x_wconf 92' lang='lat' dir='ltr'>unum</span> 
     </span>
     <span class='ocr_line' id='line_1_7' title="bbox 565 1066 2984 1148; baseline 0.002 -22"><span class='ocrx_word' id='word_1_68' title='bbox 565 1066 1009 1141; x_wconf 89' lang='lat' dir='ltr'>coniunctione,</span> <span class='ocrx_word' id='word_1_69' title='bbox 1058 1067 1198 1145; x_wconf 91' lang='lat' dir='ltr'>quia</span> <span class='ocrx_word' id='word_1_70' title='bbox 1237 1067 1559 1128; x_wconf 88' lang='lat' dir='ltr'>indiuisam</span> <span class='ocrx_word' id='word_1_71' title='bbox 1608 1066 2055 1127; x_wconf 89' lang='lat' dir='ltr'>uenerationem</span> <span class='ocrx_word' id='word_1_72' title='bbox 2102 1069 2267 1143; x_wconf 90' lang='lat' dir='ltr'>quod</span> <span class='ocrx_word' id='word_1_73' title='bbox 2315 1080 2657 1148; x_wconf 87' lang='lat' dir='ltr'>susceptum</span> <span class='ocrx_word' id='word_1_74' title='bbox 2706 1082 2797 1132; x_wconf 91' lang='lat' dir='ltr'>est</span> <span class='ocrx_word' id='word_1_75' title='bbox 2843 1092 2984 1133; x_wconf 89' lang='lat' dir='ltr'>cum</span> 
     </span>
     <span class='ocr_line' id='line_1_8' title="bbox 567 1160 2988 1242; baseline 0.002 -20"><span class='ocrx_word' id='word_1_76' title='bbox 567 1160 929 1242; x_wconf 85' lang='lat' dir='ltr'>suscipiente</span> <span class='ocrx_word' id='word_1_77' title='bbox 961 1163 1213 1236; x_wconf 90' lang='lat' dir='ltr'>sortitur,</span> <span class='ocrx_word' id='word_1_78' title='bbox 1244 1166 1412 1225; x_wconf 90' lang='lat' dir='ltr'>uelut</span> <span class='ocrx_word' id='word_1_79' title='bbox 1453 1164 1746 1241; x_wconf 90' lang='lat' dir='ltr'>templum</span> <span class='ocrx_word' id='word_1_80' title='bbox 1787 1163 1913 1224; x_wconf 91' lang='lat' dir='ltr'>eius</span> <span class='ocrx_word' id='word_1_81' title='bbox 1955 1162 2331 1224; x_wconf 84' lang='lat' dir='ltr'>indiuiduum</span> <span class='ocrx_word' id='word_1_82' title='bbox 2376 1185 2772 1242; x_wconf 81' lang='lat' dir='ltr'>perseuerans,</span> <span class='ocrx_word' id='word_1_83' title='bbox 2862 1188 2988 1228; x_wconf 91' lang='lat' dir='ltr'>om·</span> 
     </span>
     <span class='ocr_line' id='line_1_9' title="bbox 566 1259 2984 1339; baseline 0.002 -19"><span class='ocrx_word' id='word_1_84' title='bbox 566 1259 669 1320; x_wconf 90' lang='lat' dir='ltr'>nia</span> <span class='ocrx_word' id='word_1_85' title='bbox 708 1260 867 1321; x_wconf 91' lang='lat' dir='ltr'>enim</span> <span class='ocrx_word' id='word_1_86' title='bbox 926 1280 1342 1339; x_wconf 90' lang='lat' dir='ltr'>quaecumque</span> <span class='ocrx_word' id='word_1_87' title='bbox 1396 1262 1520 1322; x_wconf 93' lang='lat' dir='ltr'>duo</span> <span class='ocrx_word' id='word_1_88' title='bbox 1575 1260 1858 1321; x_wconf 89' lang='lat' dir='ltr'>dicuntur</span> <span class='ocrx_word' id='word_1_89' title='bbox 1912 1273 2056 1321; x_wconf 89' lang='lat' dir='ltr'>tunc</span> <span class='ocrx_word' id='word_1_90' title='bbox 2111 1262 2367 1321; x_wconf 90' lang='lat' dir='ltr'>duorum</span> <span class='ocrx_word' id='word_1_91' title='bbox 2423 1263 2736 1325; x_wconf 85' lang='lat' dir='ltr'>continent</span> <span class='ocrx_word' id='word_1_92' title='bbox 2788 1284 2984 1339; x_wconf 75' lang='lat' dir='ltr'>usum,</span> 
     </span>
     <span class='ocr_line' id='line_1_10' title="bbox 565 1358 2986 1436; baseline 0.003 -19"><span class='ocrx_word' id='word_1_93' title='bbox 565 1360 812 1435; x_wconf 89' lang='lat' dir='ltr'>quando</span> <span class='ocrx_word' id='word_1_94' title='bbox 839 1361 1087 1421; x_wconf 86' lang='lat' dir='ltr'>alterum</span> <span class='ocrx_word' id='word_1_95' title='bbox 1117 1358 1281 1420; x_wconf 90' lang='lat' dir='ltr'>alteri</span> <span class='ocrx_word' id='word_1_96' title='bbox 1310 1358 1652 1420; x_wconf 83' lang='lat' dir='ltr'>indifferens</span> <span class='ocrx_word' id='word_1_97' title='bbox 1680 1358 1941 1420; x_wconf 89' lang='lat' dir='ltr'>creditur</span> <span class='ocrx_word' id='word_1_98' title='bbox 1966 1359 2128 1420; x_wconf 85' lang='lat' dir='ltr'>iuxta</span> <span class='ocrx_word' id='word_1_99' title='bbox 2155 1360 2321 1436; x_wconf 90' lang='lat' dir='ltr'>quod</span> <span class='ocrx_word' id='word_1_100' title='bbox 2342 1362 2594 1422; x_wconf 90' lang='lat' dir='ltr'>duorum</span> <span class='ocrx_word' id='word_1_101' title='bbox 2623 1365 2986 1424; x_wconf 88' lang='lat' dir='ltr'>uocabulum</span> 
     </span>
     <span class='ocr_line' id='line_1_11' title="bbox 466 1454 2987 1534; baseline 0.001 -16"><span class='ocrx_word' id='word_1_102' title='bbox 466 1478 541 1518; x_wconf 90' lang='lat'>10</span> <span class='ocrx_word' id='word_1_103' title='bbox 566 1454 1280 1534; x_wconf 85' lang='lat' dir='ltr'>connumerationemque</span> <span class='ocrx_word' id='word_1_104' title='bbox 1329 1456 1581 1517; x_wconf 90' lang='lat' dir='ltr'>sortitur.</span> <span class='ocrx_word' id='word_1_105' title='bbox 1669 1454 1837 1517; x_wconf 89' lang='lat' dir='ltr'>uerbi</span> <span class='ocrx_word' id='word_1_106' title='bbox 1883 1456 2086 1533; x_wconf 84' lang='lat' dir='ltr'>gratia,</span> <span class='ocrx_word' id='word_1_107' title='bbox 2138 1466 2419 1533; x_wconf 90' lang='lat' dir='ltr'>quattuor</span> <span class='ocrx_word' id='word_1_108' title='bbox 2461 1456 2727 1532; x_wconf 89' lang='lat' dir='ltr'>bestias†</span> <span class='ocrx_word' id='word_1_109' title='bbox 2777 1458 2987 1520; x_wconf 87' lang='lat' dir='ltr'>diuina</span> 
     </span>
     <span class='ocr_line' id='line_1_12' title="bbox 565 1554 2984 1634; baseline 0 -18"><span class='ocrx_word' id='word_1_110' title='bbox 565 1554 852 1634; x_wconf 81' lang='lat' dir='ltr'>scriptura</span> <span class='ocrx_word' id='word_1_111' title='bbox 908 1566 1357 1629; x_wconf 86' lang='lat' dir='ltr'>commemorat,</span> <span class='ocrx_word' id='word_1_112' title='bbox 1416 1575 1639 1630; x_wconf 89' lang='lat' dir='ltr'>ursum,</span> <span class='ocrx_word' id='word_1_113' title='bbox 1703 1555 1976 1633; x_wconf 88' lang='lat' dir='ltr'>pardum,</span> <span class='ocrx_word' id='word_1_114' title='bbox 2027 1555 2285 1630; x_wconf 89' lang='lat' dir='ltr'>leonem,</span> <span class='ocrx_word' id='word_1_115' title='bbox 2334 1565 2394 1615; x_wconf 91' lang='lat' dir='ltr'>et</span> <span class='ocrx_word' id='word_1_116' title='bbox 2448 1554 2626 1616; x_wconf 87' lang='lat' dir='ltr'>aliam</span> <span class='ocrx_word' id='word_1_117' title='bbox 2675 1576 2831 1634; x_wconf 88' lang='lat' dir='ltr'>quae</span> <span class='ocrx_word' id='word_1_118' title='bbox 2875 1557 2984 1617; x_wconf 87' lang='lat' dir='ltr'>has</span> 
     </span>
     <span class='ocr_line' id='line_1_13' title="bbox 562 1651 2987 1733; baseline 0.001 -21"><span class='ocrx_word' id='word_1_119' title='bbox 562 1651 935 1716; x_wconf 88' lang='lat' dir='ltr'>immanitate</span> <span class='ocrx_word' id='word_1_120' title='bbox 970 1656 1291 1733; x_wconf 88' lang='lat' dir='ltr'>praecellat</span> <span class='ocrx_word' id='word_1_121' title='bbox 1300 1678 1318 1730; x_wconf 79' lang='lat'>3</span> <span class='ocrx_word' id='word_1_122' title='bbox 1361 1666 1420 1715; x_wconf 90' lang='lat' dir='ltr'>et</span> <span class='ocrx_word' id='word_1_123' title='bbox 1456 1653 1596 1716; x_wconf 91' lang='lat' dir='ltr'>ideo</span> <span class='ocrx_word' id='word_1_124' title='bbox 1636 1665 1776 1717; x_wconf 92' lang='lat' dir='ltr'>sunt</span> <span class='ocrx_word' id='word_1_125' title='bbox 1812 1664 2105 1732; x_wconf 91' lang='lat' dir='ltr'>quattuor,</span> <span class='ocrx_word' id='word_1_126' title='bbox 2146 1653 2312 1730; x_wconf 92' lang='lat' dir='ltr'>quod</span> <span class='ocrx_word' id='word_1_127' title='bbox 2360 1673 2756 1732; x_wconf 90' lang='lat' dir='ltr'>unaquaeque</span> <span class='ocrx_word' id='word_1_128' title='bbox 2793 1655 2987 1715; x_wconf 88' lang='lat' dir='ltr'>bestia</span> 
     </span>
     <span class='ocr_line' id='line_1_14' title="bbox 563 1743 2979 1831; baseline 0.001 -20"><span class='ocrx_word' id='word_1_129' title='bbox 563 1750 712 1811; x_wconf 89' lang='lat' dir='ltr'>nihil</span> <span class='ocrx_word' id='word_1_130' title='bbox 755 1753 951 1829; x_wconf 78' lang='lat' dir='ltr'>minus</span> <span class='ocrx_word' id='word_1_131' title='bbox 998 1753 1162 1814; x_wconf 86' lang='lat' dir='ltr'>iuxta</span> <span class='ocrx_word' id='word_1_132' title='bbox 1211 1753 1605 1814; x_wconf 86' lang='lat' dir='ltr'>substantiam</span> <span class='ocrx_word' id='word_1_133' title='bbox 1665 1752 1905 1831; x_wconf 89' lang='lat' dir='ltr'>reliquis</span> <span class='ocrx_word' id='word_1_134' title='bbox 1971 1751 2174 1814; x_wconf 89' lang='lat' dir='ltr'>bestiis</span> <span class='ocrx_word' id='word_1_135' title='bbox 2230 1753 2657 1831; x_wconf 89' lang='lat' dir='ltr'>comprobatur</span> <span class='ocrx_word' id='word_1_136' title='bbox 2710 1743 2979 1814; x_wconf 82' lang='lat' dir='ltr'>existere.</span> 
     </span>
     <span class='ocr_line' id='line_1_15' title="bbox 563 1848 2982 1930; baseline 0.002 -22"><span class='ocrx_word' id='word_1_137' title='bbox 563 1851 809 1909; x_wconf 79' lang='lat' dir='ltr'>duorum</span> <span class='ocrx_word' id='word_1_138' title='bbox 869 1848 1110 1930; x_wconf 90' lang='lat' dir='ltr'>(inquit)</span> <span class='ocrx_word' id='word_1_139' title='bbox 1165 1853 1461 1911; x_wconf 77' lang='lat' dir='ltr'>hominum</span> <span class='ocrx_word' id='word_1_140' title='bbox 1516 1853 1899 1911; x_wconf 79' lang='lat' dir='ltr'>testimonium</span> <span class='ocrx_word' id='word_1_141' title='bbox 1956 1870 2156 1909; x_wconf 82' lang='lat' dir='ltr'>uerum</span> <span class='ocrx_word' id='word_1_142' title='bbox 2197 1850 2339 1927; x_wconf 83' lang='lat' dir='ltr'>est‡‚</span> <span class='ocrx_word' id='word_1_143' title='bbox 2386 1850 2529 1928; x_wconf 91' lang='lat' dir='ltr'>quia</span> <span class='ocrx_word' id='word_1_144' title='bbox 2568 1851 2688 1911; x_wconf 90' lang='lat' dir='ltr'>hoc</span> <span class='ocrx_word' id='word_1_145' title='bbox 2728 1862 2982 1929; x_wconf 90' lang='lat' dir='ltr'>uterque</span> 
     </span>
    </p>

    <p class='ocr_par' dir='ltr' id='par_1_4' title="bbox 418 1946 2986 2220">
     <span class='ocr_line' id='line_1_16' title="bbox 418 1946 2982 2026; baseline 0.001 -21"><span class='ocrx_word' id='word_1_146' title='bbox 418 1980 427 1985; x_wconf 99' lang='lat'>-</span> <span class='ocrx_word' id='word_1_147' title='bbox 466 1964 533 2025; x_wconf 82' lang='lat'>15</span> <span class='ocrx_word' id='word_1_148' title='bbox 564 1956 774 2005; x_wconf 90' lang='lat' dir='ltr'>natura</span> <span class='ocrx_word' id='word_1_149' title='bbox 805 1947 972 2021; x_wconf 91' lang='lat' dir='ltr'>quod</span> <span class='ocrx_word' id='word_1_150' title='bbox 1009 1948 1157 2008; x_wconf 90' lang='lat' dir='ltr'>alter</span> <span class='ocrx_word' id='word_1_151' title='bbox 1190 1957 1294 2008; x_wconf 87' lang='lat' dir='ltr'>est.</span> <span class='ocrx_word' id='word_1_152' title='bbox 1381 1946 1468 2007; x_wconf 92' lang='lat' dir='ltr'>sic</span> <span class='ocrx_word' id='word_1_153' title='bbox 1505 1959 1564 2007; x_wconf 88' lang='lat' dir='ltr'>et</span> <span class='ocrx_word' id='word_1_154' title='bbox 1593 1947 1769 2007; x_wconf 87' lang='lat' dir='ltr'>illud:</span> <span class='ocrx_word' id='word_1_155' title='bbox 1812 1966 1972 2006; x_wconf 86' lang='lat' dir='ltr'>nemo</span> <span class='ocrx_word' id='word_1_156' title='bbox 1983 1955 2171 2024; x_wconf 82' lang='lat' dir='ltr'>potest</span> <span class='ocrx_word' id='word_1_157' title='bbox 2197 1948 2416 2007; x_wconf 84' lang='lat' dir='ltr'>duobus</span> <span class='ocrx_word' id='word_1_158' title='bbox 2440 1949 2687 2007; x_wconf 67' lang='lat' dir='ltr'>dominis·</span> <span class='ocrx_word' id='word_1_159' title='bbox 2711 1951 2982 2026; x_wconf 63' lang='lat' dir='ltr'>seruireg,</span> 
     </span>
     <span class='ocr_line' id='line_1_17' title="bbox 564 2042 2985 2126; baseline 0.004 -24"><span class='ocrx_word' id='word_1_160' title='bbox 564 2042 706 2120; x_wconf 89' lang='lat' dir='ltr'>quia</span> <span class='ocrx_word' id='word_1_161' title='bbox 744 2045 1052 2121; x_wconf 87' lang='lat' dir='ltr'>praebenti</span> <span class='ocrx_word' id='word_1_162' title='bbox 1108 2044 1414 2106; x_wconf 89' lang='lat' dir='ltr'>seruitium</span> <span class='ocrx_word' id='word_1_163' title='bbox 1473 2057 1779 2123; x_wconf 87' lang='lat' dir='ltr'>tamquam</span> <span class='ocrx_word' id='word_1_164' title='bbox 1833 2044 2083 2106; x_wconf 89' lang='lat' dir='ltr'>domino</span> <span class='ocrx_word' id='word_1_165' title='bbox 2137 2044 2283 2105; x_wconf 89' lang='lat' dir='ltr'>nihil</span> <span class='ocrx_word' id='word_1_166' title='bbox 2337 2046 2534 2108; x_wconf 90' lang='lat' dir='ltr'>minus</span> <span class='ocrx_word' id='word_1_167' title='bbox 2589 2059 2835 2126; x_wconf 90' lang='lat' dir='ltr'>uterque</span> <span class='ocrx_word' id='word_1_168' title='bbox 2890 2062 2985 2111; x_wconf 85' lang='lat' dir='ltr'>est</span> 
     </span>
     <span class='ocr_line' id='line_1_18' title="bbox 564 2139 2986 2220; baseline 0.003 -19"><span class='ocrx_word' id='word_1_169' title='bbox 564 2139 861 2201; x_wconf 75' lang='lat' dir='ltr'>dominus,</span> <span class='ocrx_word' id='word_1_170' title='bbox 947 2141 1031 2202; x_wconf 89' lang='lat' dir='ltr'>ita</span> <span class='ocrx_word' id='word_1_171' title='bbox 1085 2152 1145 2202; x_wconf 92' lang='lat' dir='ltr'>et</span> <span class='ocrx_word' id='word_1_172' title='bbox 1199 2140 1313 2204; x_wconf 85' lang='lat' dir='ltr'>hie.</span> <span class='ocrx_word' id='word_1_173' title='bbox 1394 2142 1444 2203; x_wconf 90' lang='lat' dir='ltr'>si</span> <span class='ocrx_word' id='word_1_174' title='bbox 1499 2154 1750 2220; x_wconf 89' lang='lat' dir='ltr'>uterque</span> <span class='ocrx_word' id='word_1_175' title='bbox 1794 2144 2126 2204; x_wconf 87' lang='lat' dir='ltr'>secundum</span> <span class='ocrx_word' id='word_1_176' title='bbox 2171 2142 2565 2204; x_wconf 87' lang='lat' dir='ltr'>substantiam</span> <span class='ocrx_word' id='word_1_177' title='bbox 2615 2158 2774 2207; x_wconf 90' lang='lat' dir='ltr'>esset</span> <span class='ocrx_word' id='word_1_178' title='bbox 2826 2146 2986 2208; x_wconf 88' lang='lat' dir='ltr'>filius</span> 
     </span>
    </p>

    <p class='ocr_par' dir='ltr' id='par_1_5' title="bbox 463 2237 2991 2907">
     <span class='ocr_line' id='line_1_19' title="bbox 564 2237 2986 2320; baseline 0.003 -23"><span class='ocrx_word' id='word_1_179' title='bbox 564 2246 625 2298; x_wconf 92' lang='lat' dir='ltr'>et</span> <span class='ocrx_word' id='word_1_180' title='bbox 653 2237 948 2314; x_wconf 78' lang='lat' dir='ltr'>dominuS,</span> <span class='ocrx_word' id='word_1_181' title='bbox 980 2251 1227 2317; x_wconf 85' lang='lat' dir='ltr'>possent</span> <span class='ocrx_word' id='word_1_182' title='bbox 1260 2240 1462 2319; x_wconf 91' lang='lat' dir='ltr'>aliquo</span> <span class='ocrx_word' id='word_1_183' title='bbox 1501 2242 1687 2301; x_wconf 91' lang='lat' dir='ltr'>modo</span> <span class='ocrx_word' id='word_1_184' title='bbox 1721 2241 1846 2301; x_wconf 91' lang='lat' dir='ltr'>duo</span> <span class='ocrx_word' id='word_1_185' title='bbox 1884 2239 1987 2300; x_wconf 92' lang='lat' dir='ltr'>filii</span> <span class='ocrx_word' id='word_1_186' title='bbox 2027 2250 2086 2301; x_wconf 89' lang='lat' dir='ltr'>et</span> <span class='ocrx_word' id='word_1_187' title='bbox 2127 2240 2357 2302; x_wconf 90' lang='lat' dir='ltr'>domini</span> <span class='ocrx_word' id='word_1_188' title='bbox 2400 2243 2744 2320; x_wconf 90' lang='lat' dir='ltr'>nuncupari,</span> <span class='ocrx_word' id='word_1_189' title='bbox 2778 2263 2986 2305; x_wconf 90' lang='lat' dir='ltr'>secun-</span> 
     </span>
     <span class='ocr_line' id='line_1_20' title="bbox 564 2334 2985 2417; baseline 0.004 -24"><span class='ocrx_word' id='word_1_190' title='bbox 564 2334 710 2394; x_wconf 84' lang='lat' dir='ltr'>dum</span> <span class='ocrx_word' id='word_1_191' title='bbox 770 2355 1083 2398; x_wconf 88' lang='lat' dir='ltr'>numerum</span> <span class='ocrx_word' id='word_1_192' title='bbox 1141 2357 1542 2415; x_wconf 87' lang='lat' dir='ltr'>personarum.</span> <span class='ocrx_word' id='word_1_193' title='bbox 1647 2338 1934 2416; x_wconf 88' lang='lat' dir='ltr'>quoniam</span> <span class='ocrx_word' id='word_1_194' title='bbox 1992 2356 2137 2399; x_wconf 89' lang='lat' dir='ltr'>uero</span> <span class='ocrx_word' id='word_1_195' title='bbox 2192 2337 2292 2400; x_wconf 90' lang='lat' dir='ltr'>hic</span> <span class='ocrx_word' id='word_1_196' title='bbox 2347 2339 2592 2417; x_wconf 90' lang='lat' dir='ltr'>quidem</span> <span class='ocrx_word' id='word_1_197' title='bbox 2648 2342 2985 2402; x_wconf 89' lang='lat' dir='ltr'>secundum</span> 
     </span>
     <span class='ocr_line' id='line_1_21' title="bbox 463 2434 2987 2512; baseline 0.003 -19"><span class='ocrx_word' id='word_1_198' title='bbox 463 2451 538 2492; x_wconf 83' lang='lat'>20</span> <span class='ocrx_word' id='word_1_199' title='bbox 563 2434 955 2495; x_wconf 87' lang='lat' dir='ltr'>substantiam</span> <span class='ocrx_word' id='word_1_200' title='bbox 986 2436 1141 2497; x_wconf 89' lang='lat' dir='ltr'>filius</span> <span class='ocrx_word' id='word_1_201' title='bbox 1169 2436 1362 2498; x_wconf 81' lang='lat' dir='ltr'>existit</span> <span class='ocrx_word' id='word_1_202' title='bbox 1391 2449 1452 2498; x_wconf 91' lang='lat' dir='ltr'>et</span> <span class='ocrx_word' id='word_1_203' title='bbox 1479 2435 1773 2512; x_wconf 91' lang='lat' dir='ltr'>dominus,</span> <span class='ocrx_word' id='word_1_204' title='bbox 1806 2436 1904 2495; x_wconf 90' lang='lat' dir='ltr'>hic</span> <span class='ocrx_word' id='word_1_205' title='bbox 1931 2446 2130 2496; x_wconf 89' lang='lat' dir='ltr'>autem</span> <span class='ocrx_word' id='word_1_206' title='bbox 2161 2438 2494 2498; x_wconf 89' lang='lat' dir='ltr'>secundum</span> <span class='ocrx_word' id='word_1_207' title='bbox 2522 2439 2838 2499; x_wconf 89' lang='lat' dir='ltr'>essentiam</span> <span class='ocrx_word' id='word_1_208' title='bbox 2868 2459 2987 2501; x_wconf 91' lang='lat' dir='ltr'>nec</span> 
     </span>
     <span class='ocr_line' id='line_1_22' title="bbox 561 2529 2984 2614; baseline 0.002 -21"><span class='ocrx_word' id='word_1_209' title='bbox 561 2529 716 2594; x_wconf 88' lang='lat' dir='ltr'>filius</span> <span class='ocrx_word' id='word_1_210' title='bbox 772 2552 886 2594; x_wconf 91' lang='lat' dir='ltr'>nec</span> <span class='ocrx_word' id='word_1_211' title='bbox 927 2532 1208 2594; x_wconf 90' lang='lat' dir='ltr'>dominus</span> <span class='ocrx_word' id='word_1_212' title='bbox 1249 2535 1628 2612; x_wconf 87' lang='lat' dir='ltr'>adprobatur,</span> <span class='ocrx_word' id='word_1_213' title='bbox 1674 2532 2098 2595; x_wconf 89' lang='lat' dir='ltr'>coniunctione</span> <span class='ocrx_word' id='word_1_214' title='bbox 2139 2553 2285 2596; x_wconf 91' lang='lat' dir='ltr'>uero</span> <span class='ocrx_word' id='word_1_215' title='bbox 2327 2554 2482 2614; x_wconf 89' lang='lat' dir='ltr'>quae</span> <span class='ocrx_word' id='word_1_216' title='bbox 2530 2536 2584 2597; x_wconf 89' lang='lat' dir='ltr'>ei</span> <span class='ocrx_word' id='word_1_217' title='bbox 2639 2537 2795 2598; x_wconf 89' lang='lat' dir='ltr'>facta</span> <span class='ocrx_word' id='word_1_218' title='bbox 2841 2556 2984 2598; x_wconf 89' lang='lat' dir='ltr'>cum</span> 
     </span>
     <span class='ocr_line' id='line_1_23' title="bbox 564 2630 2990 2711; baseline 0.002 -21"><span class='ocrx_word' id='word_1_219' title='bbox 564 2630 668 2691; x_wconf 89' lang='lat' dir='ltr'>illo</span> <span class='ocrx_word' id='word_1_220' title='bbox 702 2642 791 2692; x_wconf 88' lang='lat' dir='ltr'>est</span> <span class='ocrx_word' id='word_1_221' title='bbox 833 2630 1066 2693; x_wconf 88' lang='lat' dir='ltr'>hisdem</span> <span class='ocrx_word' id='word_1_222' title='bbox 1107 2631 1492 2710; x_wconf 84' lang='lat' dir='ltr'>participasse</span> <span class='ocrx_word' id='word_1_223' title='bbox 1532 2633 1927 2711; x_wconf 88' lang='lat' dir='ltr'>cognoscitur,</span> <span class='ocrx_word' id='word_1_224' title='bbox 1965 2632 2187 2694; x_wconf 86' lang='lat' dir='ltr'>idcirco</span> <span class='ocrx_word' id='word_1_225' title='bbox 2224 2653 2409 2693; x_wconf 90' lang='lat' dir='ltr'>unum</span> <span class='ocrx_word' id='word_1_226' title='bbox 2453 2633 2640 2694; x_wconf 87' lang='lat' dir='ltr'>filium</span> <span class='ocrx_word' id='word_1_227' title='bbox 2690 2646 2748 2696; x_wconf 90' lang='lat' dir='ltr'>et</span> <span class='ocrx_word' id='word_1_228' title='bbox 2793 2634 2990 2695; x_wconf 89' lang='lat' dir='ltr'>domi-</span> 
     </span>
     <span class='ocr_line' id='line_1_24' title="bbox 564 2729 2987 2810; baseline 0.001 -20"><span class='ocrx_word' id='word_1_229' title='bbox 564 2748 709 2790; x_wconf 92' lang='lat' dir='ltr'>num</span> <span class='ocrx_word' id='word_1_230' title='bbox 736 2729 1017 2806; x_wconf 85' lang='lat' dir='ltr'>dicimus3</span> <span class='ocrx_word' id='word_1_231' title='bbox 1059 2729 1459 2809; x_wconf 89' lang='lat' dir='ltr'>principaliter</span> <span class='ocrx_word' id='word_1_232' title='bbox 1484 2731 1730 2810; x_wconf 90' lang='lat' dir='ltr'>quidem</span> <span class='ocrx_word' id='word_1_233' title='bbox 1758 2731 2169 2809; x_wconf 88' lang='lat' dir='ltr'>intellegentes</span> <span class='ocrx_word' id='word_1_234' title='bbox 2199 2751 2336 2792; x_wconf 90' lang='lat' dir='ltr'>eum</span> <span class='ocrx_word' id='word_1_235' title='bbox 2364 2731 2550 2793; x_wconf 89' lang='lat' dir='ltr'>filium</span> <span class='ocrx_word' id='word_1_236' title='bbox 2580 2743 2639 2793; x_wconf 90' lang='lat' dir='ltr'>et</span> <span class='ocrx_word' id='word_1_237' title='bbox 2666 2730 2987 2793; x_wconf 88' lang='lat' dir='ltr'>dominum</span> 
     </span>
     <span class='ocr_line' id='line_1_25' title="bbox 567 2826 2991 2907; baseline 0 -18"><span class='ocrx_word' id='word_1_238' title='bbox 567 2826 674 2905; x_wconf 89' lang='lat' dir='ltr'>qui</span> <span class='ocrx_word' id='word_1_239' title='bbox 701 2829 1032 2891; x_wconf 83' lang='lat' dir='ltr'>secundum</span> <span class='ocrx_word' id='word_1_240' title='bbox 1063 2831 1453 2892; x_wconf 89' lang='lat' dir='ltr'>substantiam</span> <span class='ocrx_word' id='word_1_241' title='bbox 1482 2842 1801 2907; x_wconf 90' lang='lat' dir='ltr'>utrumque</span> <span class='ocrx_word' id='word_1_242' title='bbox 1829 2849 1967 2892; x_wconf 89' lang='lat' dir='ltr'>uere</span> <span class='ocrx_word' id='word_1_243' title='bbox 1995 2849 2127 2890; x_wconf 88' lang='lat' dir='ltr'>esse</span> <span class='ocrx_word' id='word_1_244' title='bbox 2156 2830 2413 2891; x_wconf 88' lang='lat' dir='ltr'>creditur</span> <span class='ocrx_word' id='word_1_245' title='bbox 2441 2841 2500 2890; x_wconf 90' lang='lat' dir='ltr'>et</span> <span class='ocrx_word' id='word_1_246' title='bbox 2529 2841 2793 2902; x_wconf 90' lang='lat' dir='ltr'>uocatur,</span> <span class='ocrx_word' id='word_1_247' title='bbox 2823 2849 2991 2889; x_wconf 88' lang='lat' dir='ltr'>com-</span> 
     </span>
    </p>

    <p class='ocr_par' dir='ltr' id='par_1_6' title="bbox 462 2924 2994 3201">
     <span class='ocr_line' id='line_1_26' title="bbox 462 2924 2986 3007; baseline 0.003 -27"><span class='ocrx_word' id='word_1_248' title='bbox 462 2940 493 2980; x_wconf 87' lang='lat'>2</span> <span class='ocrx_word' id='word_1_249' title='bbox 501 2936 533 2998; x_wconf 84' lang='lat'>5</span> <span class='ocrx_word' id='word_1_250' title='bbox 562 2926 894 3003; x_wconf 89' lang='lat' dir='ltr'>plectentes</span> <span class='ocrx_word' id='word_1_251' title='bbox 933 2937 1134 2987; x_wconf 88' lang='lat' dir='ltr'>autem</span> <span class='ocrx_word' id='word_1_252' title='bbox 1178 2927 1539 3007; x_wconf 89' lang='lat' dir='ltr'>cogitatione</span> <span class='ocrx_word' id='word_1_253' title='bbox 1571 2938 1633 2988; x_wconf 90' lang='lat' dir='ltr'>et</span> <span class='ocrx_word' id='word_1_254' title='bbox 1669 2926 1836 2986; x_wconf 92' lang='lat' dir='ltr'>illum</span> <span class='ocrx_word' id='word_1_255' title='bbox 1876 2926 1977 3003; x_wconf 92' lang='lat' dir='ltr'>qui</span> <span class='ocrx_word' id='word_1_256' title='bbox 2004 2924 2469 3002; x_wconf 81' lang='lat' dir='ltr'>inseparabiliter</span> <span class='ocrx_word' id='word_1_257' title='bbox 2497 2925 2552 2985; x_wconf 90' lang='lat' dir='ltr'>ei</span> <span class='ocrx_word' id='word_1_258' title='bbox 2581 2925 2986 3003; x_wconf 88' lang='lat' dir='ltr'>coniungitur,</span> 
     </span>
     <span class='ocr_line' id='line_1_27' title="bbox 563 3022 2982 3103; baseline -0.001 -17"><span class='ocrx_word' id='word_1_259' title='bbox 563 3035 624 3086; x_wconf 89' lang='lat' dir='ltr'>et</span> <span class='ocrx_word' id='word_1_260' title='bbox 650 3043 757 3103; x_wconf 89' lang='lat' dir='ltr'>per</span> <span class='ocrx_word' id='word_1_261' title='bbox 781 3023 1144 3086; x_wconf 85' lang='lat' dir='ltr'>ineffabilem</span> <span class='ocrx_word' id='word_1_262' title='bbox 1172 3044 1312 3085; x_wconf 90' lang='lat' dir='ltr'>cum</span> <span class='ocrx_word' id='word_1_263' title='bbox 1341 3045 1415 3087; x_wconf 90' lang='lat' dir='ltr'>eo</span> <span class='ocrx_word' id='word_1_264' title='bbox 1443 3026 1725 3101; x_wconf 87' lang='lat' dir='ltr'>copulam</span> <span class='ocrx_word' id='word_1_265' title='bbox 1755 3034 1815 3084; x_wconf 90' lang='lat' dir='ltr'>et</span> <span class='ocrx_word' id='word_1_266' title='bbox 1843 3023 1946 3082; x_wconf 87' lang='lat' dir='ltr'>filii</span> <span class='ocrx_word' id='word_1_267' title='bbox 1976 3033 2035 3083; x_wconf 90' lang='lat' dir='ltr'>et</span> <span class='ocrx_word' id='word_1_268' title='bbox 2056 3022 2288 3084; x_wconf 89' lang='lat' dir='ltr'>domini</span> <span class='ocrx_word' id='word_1_269' title='bbox 2304 3023 2599 3100; x_wconf 88' lang='lat' dir='ltr'>particeps</span> <span class='ocrx_word' id='word_1_270' title='bbox 2616 3023 2982 3084; x_wconf 88' lang='lat' dir='ltr'>aestimatur.</span> 
     </span>
     <span class='ocr_line' id='line_1_28' title="bbox 683 3120 2994 3201; baseline 0 -18"><span class='ocrx_word' id='word_1_271' title='bbox 683 3123 884 3199; x_wconf 91' lang='lat' dir='ltr'>itaque</span> <span class='ocrx_word' id='word_1_272' title='bbox 912 3123 1102 3185; x_wconf 88' lang='lat' dir='ltr'>sicubi</span> <span class='ocrx_word' id='word_1_273' title='bbox 1123 3124 1309 3185; x_wconf 93' lang='lat' dir='ltr'>filium</span> <span class='ocrx_word' id='word_1_274' title='bbox 1336 3126 1496 3185; x_wconf 89' lang='lat' dir='ltr'>hunc</span> <span class='ocrx_word' id='word_1_275' title='bbox 1523 3123 1627 3201; x_wconf 90' lang='lat' dir='ltr'>qui</span> <span class='ocrx_word' id='word_1_276' title='bbox 1656 3132 1928 3200; x_wconf 87' lang='lat' dir='ltr'>sumptus</span> <span class='ocrx_word' id='word_1_277' title='bbox 1955 3132 2047 3182; x_wconf 90' lang='lat' dir='ltr'>est</span> <span class='ocrx_word' id='word_1_278' title='bbox 2074 3120 2280 3182; x_wconf 89' lang='lat' dir='ltr'>diuina</span> <span class='ocrx_word' id='word_1_279' title='bbox 2307 3120 2595 3198; x_wconf 88' lang='lat' dir='ltr'>scriptura</span> <span class='ocrx_word' id='word_1_280' title='bbox 2621 3140 2994 3183; x_wconf 89' lang='lat' dir='ltr'>commemo—</span> 
     </span>
    </p>

    <p class='ocr_par' dir='ltr' id='par_1_7' title="bbox 560 3208 2986 3304">
     <span class='ocr_line' id='line_1_29' title="bbox 560 3208 2986 3304; baseline 0 -25"><span class='ocrx_word' id='word_1_281' title='bbox 560 3208 667 3295; x_wconf 69' lang='lat' dir='ltr'>ra&#39;t,</span> <span class='ocrx_word' id='word_1_282' title='bbox 693 3219 981 3281; x_wconf 90' lang='lat' dir='ltr'>relatione</span> <span class='ocrx_word' id='word_1_283' title='bbox 1009 3220 1383 3299; x_wconf 89' lang='lat' dir='ltr'>suscipientis</span> <span class='ocrx_word' id='word_1_284' title='bbox 1412 3220 1574 3304; x_wconf 86' lang='lat' dir='ltr'>iuxta</span> <span class='ocrx_word' id='word_1_285' title='bbox 1599 3219 1893 3280; x_wconf 89' lang='lat' dir='ltr'>unitatem</span> <span class='ocrx_word' id='word_1_286' title='bbox 1932 3217 2186 3278; x_wconf 89' lang='lat' dir='ltr'>dicimus</span> <span class='ocrx_word' id='word_1_287' title='bbox 2224 3237 2362 3277; x_wconf 88' lang='lat' dir='ltr'>eum</span> <span class='ocrx_word' id='word_1_288' title='bbox 2402 3217 2584 3276; x_wconf 84' lang='lat' dir='ltr'>filium</span> <span class='ocrx_word' id='word_1_289' title='bbox 2629 3218 2986 3295; x_wconf 89' lang='lat' dir='ltr'>nuncupari.</span> 
     </span>
    </p>
   </div>
   <div class='ocr_carea' id='block_1_3' title="bbox 456 3337 3001 4011">
    <p class='ocr_par' dir='ltr' id='par_1_8' title="bbox 456 3337 3001 4011">
     <span class='ocr_line' id='line_1_30' title="bbox 561 3337 3001 3419; baseline 0 -19"><span class='ocrx_word' id='word_1_290' title='bbox 561 3359 703 3400; x_wconf 90' lang='lat' dir='ltr'>cum</span> <span class='ocrx_word' id='word_1_291' title='bbox 752 3339 913 3401; x_wconf 90' lang='lat' dir='ltr'>enim</span> <span class='ocrx_word' id='word_1_292' title='bbox 958 3340 1133 3401; x_wconf 78' lang='lat' dir='ltr'>dicit:</span> <span class='ocrx_word' id='word_1_293' title='bbox 1180 3343 1250 3401; x_wconf 82' lang='lat' dir='ltr'>de</span> <span class='ocrx_word' id='word_1_294' title='bbox 1276 3342 1415 3419; x_wconf 87' lang='lat' dir='ltr'>filio</span> <span class='ocrx_word' id='word_1_295' title='bbox 1464 3361 1566 3401; x_wconf 84' lang='lat' dir='ltr'>suo</span> <span class='ocrx_word' id='word_1_296' title='bbox 1620 3341 1728 3417; x_wconf 82' lang='lat' dir='ltr'>qui</span> <span class='ocrx_word' id='word_1_297' title='bbox 1818 3339 2063 3415; x_wconf 90' lang='lat' dir='ltr'>quando</span> <span class='ocrx_word' id='word_1_298' title='bbox 2101 3337 2261 3399; x_wconf 89' lang='lat' dir='ltr'>enim</span> <span class='ocrx_word' id='word_1_299' title='bbox 2302 3337 2475 3399; x_wconf 86' lang='lat' dir='ltr'>dicit:</span> <span class='ocrx_word' id='word_1_300' title='bbox 2517 3338 2728 3413; x_wconf 86' lang='lat' dir='ltr'>defilt‘o</span> <span class='ocrx_word' id='word_1_301' title='bbox 2752 3357 2856 3398; x_wconf 82' lang='lat' dir='ltr'>suo</span> <span class='ocrx_word' id='word_1_302' title='bbox 2880 3343 3001 3415; x_wconf 84' lang='lat' dir='ltr'>qui</span> 
     </span>
     <span class='ocr_line' id='line_1_31' title="bbox 456 3437 2991 3513; baseline 0.002 -21"><span class='ocrx_word' id='word_1_303' title='bbox 456 3438 747 3513; x_wconf 79' lang='lat' dir='ltr'>3osactus</span> <span class='ocrx_word' id='word_1_304' title='bbox 771 3446 856 3498; x_wconf 85' lang='lat' dir='ltr'>est</span> <span class='ocrx_word' id='word_1_305' title='bbox 876 3439 935 3498; x_wconf 79' lang='lat' dir='ltr'>ei</span> <span class='ocrx_word' id='word_1_306' title='bbox 953 3458 1025 3498; x_wconf 84' lang='lat' dir='ltr'>ex</span> <span class='ocrx_word' id='word_1_307' title='bbox 1050 3440 1259 3499; x_wconf 83' lang='lat' dir='ltr'>semine</span> <span class='ocrx_word' id='word_1_308' title='bbox 1284 3440 1506 3499; x_wconf 84' lang='lat' dir='ltr'>Dauid</span> <span class='ocrx_word' id='word_1_309' title='bbox 1536 3458 1723 3498; x_wconf 85' lang='lat' dir='ltr'>secun-</span> <span class='ocrx_word' id='word_1_310' title='bbox 1797 3437 2000 3511; x_wconf 84' lang='lat' dir='ltr'>sactus</span> <span class='ocrx_word' id='word_1_311' title='bbox 2025 3445 2109 3495; x_wconf 87' lang='lat' dir='ltr'>est</span> <span class='ocrx_word' id='word_1_312' title='bbox 2130 3457 2202 3495; x_wconf 83' lang='lat' dir='ltr'>ex</span> <span class='ocrx_word' id='word_1_313' title='bbox 2225 3438 2436 3496; x_wconf 85' lang='lat' dir='ltr'>semine</span> <span class='ocrx_word' id='word_1_314' title='bbox 2447 3438 2665 3495; x_wconf 83' lang='lat' dir='ltr'>Dauid</span> <span class='ocrx_word' id='word_1_315' title='bbox 2677 3438 2991 3496; x_wconf 79' lang='lat' dir='ltr'>secundum</span> 
     </span>
     <span class='ocr_line' id='line_1_32' title="bbox 561 3532 2990 3612; baseline -0.001 -16"><span class='ocrx_word' id='word_1_316' title='bbox 561 3537 700 3596; x_wconf 86' lang='lat' dir='ltr'>dum</span> <span class='ocrx_word' id='word_1_317' title='bbox 736 3539 1013 3612; x_wconf 74' lang='lat' dir='ltr'>carnemu,</span> <span class='ocrx_word' id='word_1_318' title='bbox 1059 3556 1183 3598; x_wconf 90' lang='lat' dir='ltr'>non</span> <span class='ocrx_word' id='word_1_319' title='bbox 1221 3539 1423 3598; x_wconf 91' lang='lat' dir='ltr'>Deum</span> <span class='ocrx_word' id='word_1_320' title='bbox 1451 3539 1721 3597; x_wconf 89' lang='lat' dir='ltr'>Verbum</span> <span class='ocrx_word' id='word_1_321' title='bbox 1817 3554 2059 3606; x_wconf 85' lang='lat' dir='ltr'>carnem,</span> <span class='ocrx_word' id='word_1_322' title='bbox 2096 3553 2222 3594; x_wconf 90' lang='lat' dir='ltr'>non</span> <span class='ocrx_word' id='word_1_323' title='bbox 2268 3535 2464 3594; x_wconf 90' lang='lat' dir='ltr'>Deum</span> <span class='ocrx_word' id='word_1_324' title='bbox 2508 3532 2650 3593; x_wconf 87' lang='lat' dir='ltr'>dicit</span> <span class='ocrx_word' id='word_1_325' title='bbox 2691 3534 2990 3609; x_wconf 89' lang='lat' dir='ltr'>Verbum,</span> 
     </span>
     <span class='ocr_line' id='line_1_33' title="bbox 562 3631 2994 3714; baseline -0.002 -17"><span class='ocrx_word' id='word_1_326' title='bbox 562 3634 725 3711; x_wconf 89' lang='lat' dir='ltr'>dicit,</span> <span class='ocrx_word' id='word_1_327' title='bbox 757 3636 866 3696; x_wconf 89' lang='lat' dir='ltr'>sed</span> <span class='ocrx_word' id='word_1_328' title='bbox 893 3638 1146 3697; x_wconf 85' lang='lat' dir='ltr'>formam</span> <span class='ocrx_word' id='word_1_329' title='bbox 1173 3636 1326 3698; x_wconf 89' lang='lat' dir='ltr'>serui</span> <span class='ocrx_word' id='word_1_330' title='bbox 1362 3650 1715 3714; x_wconf 89' lang='lat' dir='ltr'>susceptam.</span> <span class='ocrx_word' id='word_1_331' title='bbox 1818 3634 1922 3693; x_wconf 89' lang='lat' dir='ltr'>sed</span> <span class='ocrx_word' id='word_1_332' title='bbox 1954 3634 2329 3710; x_wconf 87' lang='lat' dir='ltr'>adsumptam</span> <span class='ocrx_word' id='word_1_333' title='bbox 2361 3631 2515 3692; x_wconf 90' lang='lat' dir='ltr'>serui</span> <span class='ocrx_word' id='word_1_334' title='bbox 2544 3633 2812 3692; x_wconf 88' lang='lat' dir='ltr'>formam.</span> <span class='ocrx_word' id='word_1_335' title='bbox 2868 3652 2994 3693; x_wconf 89' lang='lat' dir='ltr'>nec</span> 
     </span>
     <span class='ocr_line' id='line_1_34' title="bbox 561 3731 2994 3804; baseline -0.001 -11"><span class='ocrx_word' id='word_1_336' title='bbox 561 3752 687 3794; x_wconf 92' lang='lat' dir='ltr'>non</span> <span class='ocrx_word' id='word_1_337' title='bbox 719 3734 883 3795; x_wconf 88' lang='lat' dir='ltr'>enim</span> <span class='ocrx_word' id='word_1_338' title='bbox 926 3737 1094 3796; x_wconf 88' lang='lat' dir='ltr'>Deus</span> <span class='ocrx_word' id='word_1_339' title='bbox 1127 3747 1218 3797; x_wconf 89' lang='lat' dir='ltr'>est</span> <span class='ocrx_word' id='word_1_340' title='bbox 1252 3737 1553 3796; x_wconf 81' lang='lat' dir='ltr'>secundum</span> <span class='ocrx_word' id='word_1_341' title='bbox 1601 3755 1724 3795; x_wconf 87' lang='lat' dir='ltr'>car·</span> <span class='ocrx_word' id='word_1_342' title='bbox 1820 3731 1981 3792; x_wconf 89' lang='lat' dir='ltr'>enim</span> <span class='ocrx_word' id='word_1_343' title='bbox 2022 3733 2189 3791; x_wconf 91' lang='lat' dir='ltr'>Deus</span> <span class='ocrx_word' id='word_1_344' title='bbox 2232 3733 2530 3791; x_wconf 83' lang='lat' dir='ltr'>secundum</span> <span class='ocrx_word' id='word_1_345' title='bbox 2575 3749 2820 3804; x_wconf 85' lang='lat' dir='ltr'>carnem,</span> <span class='ocrx_word' id='word_1_346' title='bbox 2868 3750 2994 3791; x_wconf 86' lang='lat' dir='ltr'>nec</span> 
     </span>
     <span class='ocr_line' id='line_1_35' title="bbox 562 3830 2996 3909; baseline -0.001 -15"><span class='ocrx_word' id='word_1_347' title='bbox 562 3854 709 3909; x_wconf 81' lang='lat' dir='ltr'>nem,</span> <span class='ocrx_word' id='word_1_348' title='bbox 764 3854 879 3895; x_wconf 90' lang='lat' dir='ltr'>nec</span> <span class='ocrx_word' id='word_1_349' title='bbox 929 3835 1098 3895; x_wconf 90' lang='lat' dir='ltr'>Deus</span> <span class='ocrx_word' id='word_1_350' title='bbox 1136 3831 1209 3894; x_wconf 63' lang='lat' dir='ltr'>ebe</span> <span class='ocrx_word' id='word_1_351' title='bbox 1248 3837 1457 3894; x_wconf 83' lang='lat' dir='ltr'>semine</span> <span class='ocrx_word' id='word_1_352' title='bbox 1508 3834 1730 3894; x_wconf 85' lang='lat' dir='ltr'>Dauid</span> <span class='ocrx_word' id='word_1_353' title='bbox 1819 3832 1987 3890; x_wconf 88' lang='lat' dir='ltr'>Deus</span> <span class='ocrx_word' id='word_1_354' title='bbox 2005 3850 2078 3888; x_wconf 85' lang='lat' dir='ltr'>ex</span> <span class='ocrx_word' id='word_1_355' title='bbox 2096 3830 2510 3907; x_wconf 82' lang='lat' dir='ltr'>seminefactus</span> <span class='ocrx_word' id='word_1_356' title='bbox 2526 3838 2610 3888; x_wconf 86' lang='lat' dir='ltr'>est</span> <span class='ocrx_word' id='word_1_357' title='bbox 2620 3830 2850 3902; x_wconf 84' lang='lat' dir='ltr'>Dauid,</span> <span class='ocrx_word' id='word_1_358' title='bbox 2873 3831 2996 3891; x_wconf 88' lang='lat' dir='ltr'>sed</span> 
     </span>
     <span class='ocr_line' id='line_1_36' title="bbox 458 3928 2994 4011; baseline -0.002 -16"><span class='ocrx_word' id='word_1_359' title='bbox 458 3943 533 4006; x_wconf 83' lang='lat'>35</span> <span class='ocrx_word' id='word_1_360' title='bbox 544 3934 749 4011; x_wconf 80' lang='lat' dir='ltr'>sactus·</span> <span class='ocrx_word' id='word_1_361' title='bbox 808 3941 908 4007; x_wconf 81' lang='lat' dir='ltr'>est,</span> <span class='ocrx_word' id='word_1_362' title='bbox 977 3952 1156 4011; x_wconf 91' lang='lat' dir='ltr'>quem</span> <span class='ocrx_word' id='word_1_363' title='bbox 1215 3932 1450 3992; x_wconf 86' lang='lat' dir='ltr'>‘filiurn’</span> <span class='ocrx_word' id='word_1_364' title='bbox 1508 3932 1722 3993; x_wconf 91' lang='lat' dir='ltr'>beatus</span> <span class='ocrx_word' id='word_1_365' title='bbox 1819 3940 2093 4006; x_wconf 88' lang='lat' dir='ltr'>sumptus</span> <span class='ocrx_word' id='word_1_366' title='bbox 2149 3948 2260 4006; x_wconf 93' lang='lat' dir='ltr'>pro</span> <span class='ocrx_word' id='word_1_367' title='bbox 2315 3928 2492 3990; x_wconf 89' lang='lat' dir='ltr'>nobis</span> <span class='ocrx_word' id='word_1_368' title='bbox 2546 3929 2750 4001; x_wconf 89' lang='lat' dir='ltr'>homo,</span> <span class='ocrx_word' id='word_1_369' title='bbox 2799 3948 2994 4005; x_wconf 85' lang='lat' dir='ltr'>quem</span> 
     </span>
    </p>
   </div>
   <div class='ocr_carea' id='block_1_4' title="bbox 461 4025 3008 4461">
    <p class='ocr_par' dir='ltr' id='par_1_9' title="bbox 461 4025 3008 4461">
     <span class='ocr_line' id='line_1_37' title="bbox 514 4025 2994 4110; baseline -0.002 -16"><span class='ocrx_word' id='word_1_370' title='bbox 514 4099 519 4102; x_wconf 68' lang='grc'>,</span> <span class='ocrx_word' id='word_1_371' title='bbox 564 4031 783 4094; x_wconf 90' lang='lat' dir='ltr'>Paulus</span> <span class='ocrx_word' id='word_1_372' title='bbox 811 4030 1118 4093; x_wconf 87' lang='lat' dir='ltr'>euidenter</span> <span class='ocrx_word' id='word_1_373' title='bbox 1142 4032 1420 4110; x_wconf 90' lang='lat' dir='ltr'>adpellat.</span> <span class='ocrx_word' id='word_1_374' title='bbox 1819 4026 2005 4087; x_wconf 90' lang='lat' dir='ltr'>filium</span> <span class='ocrx_word' id='word_1_375' title='bbox 2054 4026 2264 4088; x_wconf 89' lang='lat' dir='ltr'>beatus</span> <span class='ocrx_word' id='word_1_376' title='bbox 2307 4029 2618 4106; x_wconf 88' lang='lat' dir='ltr'>apostolus</span> <span class='ocrx_word' id='word_1_377' title='bbox 2667 4025 2994 4089; x_wconf 86' lang='lat' dir='ltr'>manifeste</span> 
     </span>
     <span class='ocr_line' id='line_1_38' title="bbox 461 4111 2015 4204; baseline -0.001 -15"><span class='ocrx_word' id='word_1_378' title='bbox 461 4111 487 4134; x_wconf 52' lang='lat'>²</span> <span class='ocrx_word' id='word_1_379' title='bbox 763 4200 767 4204; x_wconf 31' lang='lat'>‚</span> <span class='ocrx_word' id='word_1_380' title='bbox 1050 4125 1053 4126; x_wconf 43' lang='lat'><em>⁷</em></span> <span class='ocrx_word' id='word_1_381' title='bbox 1819 4136 2015 4187; x_wconf 88' lang='lat' dir='ltr'>uocat.</span> 
     </span>
     <span class='ocr_line' id='line_1_39' title="bbox 658 4223 3008 4293; baseline -0.001 -15"><span class='ocrx_word' id='word_1_382' title='bbox 658 4243 689 4278; x_wconf 69' lang='grc' dir='ltr'>α</span> <span class='ocrx_word' id='word_1_383' title='bbox 721 4229 813 4281; x_wconf 83' lang='lat' dir='ltr'>sed</span> <span class='ocrx_word' id='word_1_384' title='bbox 837 4244 938 4279; x_wconf 87' lang='lat' dir='ltr'>una</span> <span class='ocrx_word' id='word_1_385' title='bbox 963 4243 1080 4279; x_wconf 77' lang='lat' dir='ltr'>earo</span> <span class='ocrx_word' id='word_1_386' title='bbox 1109 4227 1207 4293; x_wconf 81' lang='lat' dir='ltr'>(afl&#39;</span> <span class='ocrx_word' id='word_1_387' title='bbox 1225 4235 1342 4279; x_wconf 89' lang='lat' dir='ltr'>sunt</span> <span class='ocrx_word' id='word_1_388' title='bbox 1362 4229 1483 4290; x_wconf 87' lang='lat' dir='ltr'>duo)</span> <span class='ocrx_word' id='word_1_389' title='bbox 1506 4227 1612 4278; x_wconf 81' lang='lat' dir='ltr'>add</span> <span class='ocrx_word' id='word_1_390' title='bbox 1628 4226 1657 4276; x_wconf 86' lang='lat' dir='ltr'><em>b</em></span> <span class='ocrx_word' id='word_1_391' title='bbox 1922 4237 1950 4287; x_wconf 82' lang='lat'>5</span> <span class='ocrx_word' id='word_1_392' title='bbox 1984 4224 2143 4275; x_wconf 83' lang='lat' dir='ltr'>multa</span> <span class='ocrx_word' id='word_1_393' title='bbox 2168 4241 2246 4275; x_wconf 84' lang='lat' dir='ltr'>om</span> <span class='ocrx_word' id='word_1_394' title='bbox 2267 4241 2310 4290; x_wconf 80' lang='lat' dir='ltr'>g</span> <span class='ocrx_word' id='word_1_395' title='bbox 2558 4223 2618 4276; x_wconf 83' lang='lat'>16</span> <span class='ocrx_word' id='word_1_396' title='bbox 2646 4226 2934 4290; x_wconf 86' lang='lat' dir='ltr'>praebentis</span> <span class='ocrx_word' id='word_1_397' title='bbox 2953 4245 3008 4293; x_wconf 79' lang='lat' dir='ltr'>g</span> 
     </span>
     <span class='ocr_line' id='line_1_40' title="bbox 563 4303 2998 4379; baseline -0.004 -15"><span class='ocrx_word' id='word_1_398' title='bbox 563 4328 622 4365; x_wconf 70' lang='lat' dir='ltr'>cr</span> <span class='ocrx_word' id='word_1_399' title='bbox 657 4312 731 4363; x_wconf 86' lang='lat' dir='ltr'>illi</span> <span class='ocrx_word' id='word_1_400' title='bbox 760 4311 881 4379; x_wconf 82' lang='lat' dir='ltr'>(sor</span> <span class='ocrx_word' id='word_1_401' title='bbox 899 4310 966 4377; x_wconf 87' lang='lat' dir='ltr'>ei)</span> <span class='ocrx_word' id='word_1_402' title='bbox 990 4311 1020 4359; x_wconf 85' lang='lat' dir='ltr'><em>b</em></span> <span class='ocrx_word' id='word_1_403' title='bbox 1328 4328 1390 4372; x_wconf 82' lang='lat'>24</span> <span class='ocrx_word' id='word_1_404' title='bbox 1424 4311 1664 4376; x_wconf 87' lang='lat' dir='ltr'>probatur</span> <span class='ocrx_word' id='word_1_405' title='bbox 1682 4309 1795 4375; x_wconf 85' lang='lat' dir='ltr'>(for</span> <span class='ocrx_word' id='word_1_406' title='bbox 1814 4305 2003 4372; x_wconf 80' lang='lat' dir='ltr'>uoc.)g·</span> <span class='ocrx_word' id='word_1_407' title='bbox 2303 4305 2365 4357; x_wconf 79' lang='lat'>26</span> <span class='ocrx_word' id='word_1_408' title='bbox 2388 4314 2438 4356; x_wconf 88' lang='lat' dir='ltr'>et</span> <span class='ocrx_word' id='word_1_409' title='bbox 2460 4304 2571 4371; x_wconf 64' lang='grc' dir='ltr'><strong>(α’.)</strong></span> <span class='ocrx_word' id='word_1_410' title='bbox 2595 4322 2680 4356; x_wconf 92' lang='lat' dir='ltr'>om</span> <span class='ocrx_word' id='word_1_411' title='bbox 2702 4307 2732 4355; x_wconf 86' lang='lat' dir='ltr'><em>b</em></span> <span class='ocrx_word' id='word_1_412' title='bbox 2760 4303 2768 4371; x_wconf 88' lang='grc'>1</span> <span class='ocrx_word' id='word_1_413' title='bbox 2795 4313 2848 4356; x_wconf 91' lang='lat' dir='ltr'>et</span> <span class='ocrx_word' id='word_1_414' title='bbox 2866 4305 2998 4373; x_wconf 80' lang='lat'><strong>(3⁰.)</strong></span> 
     </span>
     <span class='ocr_line' id='line_1_41' title="bbox 561 4393 1352 4461; baseline -0.006 -14"><span class='ocrx_word' id='word_1_415' title='bbox 561 4411 641 4447; x_wconf 79' lang='lat' dir='ltr'>om</span> <span class='ocrx_word' id='word_1_416' title='bbox 655 4411 700 4461; x_wconf 82' lang='lat' dir='ltr'>g</span> <span class='ocrx_word' id='word_1_417' title='bbox 891 4407 947 4457; x_wconf 78' lang='lat'>31</span> <span class='ocrx_word' id='word_1_418' title='bbox 974 4393 1200 4444; x_wconf 86' lang='lat' dir='ltr'>nondum</span> <span class='ocrx_word' id='word_1_419' title='bbox 1219 4393 1352 4445; x_wconf 86' lang='lat' dir='ltr'><em>codd.</em></span> 
     </span>
    </p>
   </div>
   <div class='ocr_carea' id='block_1_5' title="bbox 562 4471 2999 4624">
    <p class='ocr_par' dir='ltr' id='par_1_10' title="bbox 562 4471 2999 4624">
     <span class='ocr_line' id='line_1_42' title="bbox 663 4471 2999 4543; baseline -0.001 -15"><span class='ocrx_word' id='word_1_420' title='bbox 663 4476 691 4503; x_wconf 76' lang='lat'>¹*</span> <span class='ocrx_word' id='word_1_421' title='bbox 727 4477 779 4528; x_wconf 90' lang='lat' dir='ltr'>S.</span> <span class='ocrx_word' id='word_1_422' title='bbox 810 4478 960 4528; x_wconf 74' lang='lat' dir='ltr'>Matt.</span> <span class='ocrx_word' id='word_1_423' title='bbox 985 4476 1085 4527; x_wconf 82' lang='lat' dir='ltr'>xix.</span> <span class='ocrx_word' id='word_1_424' title='bbox 1109 4473 1155 4527; x_wconf 88' lang='lat'>6.</span> <span class='ocrx_word' id='word_1_425' title='bbox 1270 4475 1306 4531; x_wconf 83' lang='grc' dir='ltr'>Ἰ·</span> <span class='ocrx_word' id='word_1_426' title='bbox 1336 4476 1495 4540; x_wconf 80' lang='lat' dir='ltr'>[Dan.</span> <span class='ocrx_word' id='word_1_427' title='bbox 1524 4474 1607 4525; x_wconf 82' lang='lat' dir='ltr'>vii.</span> <span class='ocrx_word' id='word_1_428' title='bbox 1636 4491 1664 4540; x_wconf 81' lang='lat'><strong>3</strong></span> <span class='ocrx_word' id='word_1_429' title='bbox 1686 4473 1779 4540; x_wconf 87' lang='lat' dir='ltr'>sq.]</span> <span class='ocrx_word' id='word_1_430' title='bbox 1886 4475 1920 4532; x_wconf 68' lang='lat' dir='ltr'>:t</span> <span class='ocrx_word' id='word_1_431' title='bbox 1956 4471 2163 4543; x_wconf 81' lang='lat' dir='ltr'>S-John</span> <span class='ocrx_word' id='word_1_432' title='bbox 2184 4472 2287 4522; x_wconf 77' lang='lat' dir='ltr'>viii.</span> <span class='ocrx_word' id='word_1_433' title='bbox 2312 4482 2389 4538; x_wconf 85' lang='lat'>17.</span> <span class='ocrx_word' id='word_1_434' title='bbox 2487 4473 2515 4534; x_wconf 64' lang='lat'><strong>5</strong></span> <span class='ocrx_word' id='word_1_435' title='bbox 2550 4471 2605 4522; x_wconf 87' lang='lat' dir='ltr'>S.</span> <span class='ocrx_word' id='word_1_436' title='bbox 2632 4472 2871 4522; x_wconf 80' lang='lat' dir='ltr'>Matt.vi.</span> <span class='ocrx_word' id='word_1_437' title='bbox 2897 4485 2999 4539; x_wconf 76' lang='lat'>²4·</span> 
     </span>
     <span class='ocr_line' id='line_1_43' title="bbox 562 4556 911 4624; baseline -0.003 -17"><span class='ocrx_word' id='word_1_438' title='bbox 562 4561 585 4618; x_wconf 83' lang='grc' dir='ltr'>ΙΙ</span> <span class='ocrx_word' id='word_1_439' title='bbox 621 4556 772 4607; x_wconf 86' lang='lat' dir='ltr'>Rom.</span> <span class='ocrx_word' id='word_1_440' title='bbox 801 4556 836 4605; x_wconf 89' lang='lat' dir='ltr'>i.</span> <span class='ocrx_word' id='word_1_441' title='bbox 863 4571 911 4624; x_wconf 80' lang='lat'>3.</span> 
     </span>
    </p>
   </div>
  </div>
 </body>
</html>
