3221 5116
269 342 360 408 ΙΙ.
405 362 495 425 ι4,
541 345 660 430 15.]
985 358 1067 408 IN
1121 358 1224 408 ΕΡ.
1270 358 1372 407 AD
1419 356 1883 410 TlMornss-UM
1933 358 1978 407 1.
2339 319 2343 324 ⁴
2604 358 2685 426 95

397 538 463 591 et
487 528 715 591 Adam
747 549 870 591 non
901 537 998 592 est
1031 528 1326 593 seductus
1342 553 1374 604 ,·
1421 528 1662 593 mulier
1691 539 1907 591 autem
1946 529 2204 593 seducta
2247 529 2316 592 in
2342 528 2690 613 praeuari-

267 631 579 694 cationem
594 632 791 713 sacta
819 640 928 695 est.

400 759 470 813 et
519 751 790 832 quidem
838 749 1152 814 seductus
1198 758 1302 814 est
1347 759 1416 814 et
1460 749 1616 828 ille;
1690 751 1810 814 sed
1857 750 2174 834 quoniam
2222 751 2290 815 in
2340 771 2695 816 commune

270 853 660 936 disputabat
689 856 1069 919 discernens
1100 876 1272 938 quae
1302 855 1573 938 quidem
1604 875 1646 919 a
1693 856 2077 919 mulieribus
2109 856 2387 920 fuissent
2418 865 2695 938 peccata

270 957 582 1032 admissa,
602 978 773 1040 quae
793 980 950 1022 uero
971 981 1011 1022 a
1034 960 1206 1036 uiriS,
1233 960 1404 1023 bene
1430 959 1616 1023 illum
1649 958 1920 1043 quidem
1947 980 2078 1023 non
2101 960 2300 1024 fuisse
2324 958 2690 1036 seductum,
2770 980 2801 1048 5

267 1058 443 1122 hanc
497 1082 657 1125 uero
708 1064 1077 1138 seductam,
1123 1059 1257 1144 †eo
1302 1063 1483 1146 quod
1531 1064 1705 1126 illius
1748 1063 2159 1127 seductionis
2205 1062 2442 1127 mulier
2493 1083 2696 1126 causa

270 1168 577 1230 extitisse
614 1167 986 1242 uidebatur,
1016 1167 1172 1248 quia
1207 1185 1288 1229 ea
1327 1166 1393 1228 in
1429 1164 1616 1229 illum
1660 1187 1931 1229 causam
1975 1176 2231 1229 uertere
2270 1187 2693 1249 nequaquam

270 1270 601 1351 poterat!
689 1281 757 1335 et
805 1280 880 1334 ut
926 1290 1012 1333 ne
1065 1269 1399 1333 uideretur
1444 1270 1530 1334 de
1574 1291 1816 1352 genere
1867 1269 2216 1334 mulierum
2266 1272 2695 1353 pronuntiare

272 1373 464 1454 quasi
512 1374 741 1438 inutile
786 1375 872 1439 ad
918 1375 1257 1457 pietatem,
1289 1376 1445 1459 quia
1492 1375 1654 1437 ritus
1697 1375 1810 1438 ille
1850 1384 1917 1438 et
1961 1376 2062 1437 ius
2104 1374 2170 1437 in
2219 1375 2400 1437 omni
2448 1395 2693 1457 genere

274 1476 625 1542 mulierum
678 1481 1009 1562 pertinere
1068 1480 1349 1556 uidetur,
1399 1479 1712 1543 ‘seducta
1759 1489 1861 1543 est
1916 1479 2045 1554 illa,
2102 1479 2391 1561 idipsum
2440 1477 2695 1541 iustitia
2730 1494 2809 1542 10

274 1590 344 1646 et
374 1583 543 1647 ratio
575 1583 957 1667 depostulat
988 1584 1054 1647 in
1086 1584 1398 1648 omnibus
1428 1584 1638 1647 uideri
1673 1581 2115 1647 mulieribus':

403 1720 777 1784 saluabitur
827 1729 1041 1783 autem
1067 1731 1186 1802 per
1221 1717 1526 1801 filiorum
1571 1718 2091 1802 procreationem,
2146 1716 2212 1780 si
2261 1714 2574 1788 manserit
2625 1713 2694 1778 in

271 1822 405 1900 fide
432 1833 494 1887 et
520 1826 791 1888 caritate
817 1835 879 1888 et
903 1823 1405 1907 sanctificatione
1431 1844 1574 1885 cum
1591 1822 1935 1906 pudicitia.
2041 1829 2056 1840 ‘

410 1947 563 2010 ‘sed
596 1968 727 2010 non
761 1946 948 2029 origo
980 1954 1082 2008 est
1113 1940 1551 2026 repellenda'3
1592 1954 1718 2025 per
1739 1941 2044 2025 filiorum
2075 1941 2253 2004 enim
2288 1939 2514 2002 dicens
2546 1948 2694 2019 pro-

275 2048 673 2129 creationem,
708 2049 772 2112 in
805 2045 1361 2129 subsequentibus
1405 2043 1472 2107 id
1517 2044 2024 2120 demonstrauit,
2058 2043 2441 2106 mulieribus
2472 2049 2694 2104 osten·
2729 2052 2801 2119 15

408 2208 636 2291 ἐπειδὴ
685 2209 931 2276 ἐκείνου
978 2211 1098 2289 μὲν
1149 2213 1265 2292 τῆς
1315 2206 1579 2287 ἀπάτης
1631 2206 1753 2290 τὴν
1798 2204 2019 2273 αἰτίαν
2070 2202 2248 2294 εἶχεν
2296 2203 2478 2281 αὕτη,
2526 2200 2693 2286 αὐτὴ

278 2310 353 2378 δὲ
396 2310 498 2377 ἐπ’
543 2312 784 2378 ἐκεῖνον
829 2315 948 2395 τῆν
993 2312 1215 2379 αἰτίαν
1261 2309 1569 2398 στρέφειν
1615 2309 1730 2376 οὐκ
1772 2309 2071 2392 ἠδύνατο.

375 2463 408 2507 4
442 2444 767 2509 disputabant
790 2446 858 2494 H

278 2524 347 2575 H
353 2539 366 2575 ε
402 2531 484 2574 txt
507 2540 539 2575 r

278 2624 311 2676 9
344 2607 571 2657 inutilem
594 2606 719 2656 CH
908 2621 969 2657 10
991 2607 1103 2657 illas
1135 2624 1168 2656 r

280 2756 496 2817 (fimet),
543 2753 867 2820 “figuratus”
914 2756 1096 2816 (Am.),
1151 2754 1442 2806 “creatus’'

281 2838 597 2898 (Ambrstr.).
690 2838 950 2886 plasmare
995 2838 1236 2898 (Rfinsch,
1284 2838 1439 2898 Itala,

278 2932 329 2981 p.
362 2918 495 2979 253),
531 2916 725 2980 though
758 2916 809 2964 in
844 2916 930 2965 the
965 2917 1031 2966 O.
1056 2917 1116 2966 T.
1146 2933 1287 2966 more
1321 2917 1444 2966 than

280 3013 409 3047 once
431 2998 672 3061 aoeepted
696 3013 750 3047 as
781 2997 867 3046 the
890 2998 1176 3062 equivalent
1200 2998 1258 3047 of
1285 2997 1443 3047 πλάσ-

282 3096 405 3138 σειν,
433 3074 475 3127 is
497 3085 586 3127 not
610 3079 732 3127 used
761 3080 829 3142 by
852 3079 936 3128 the
960 3080 1112 3144 Vulg.
1137 3080 1296 3129 either
1325 3079 1444 3130 here

280 3173 340 3207 or
361 3168 413 3207 at
438 3159 588 3207 Rom.
618 3158 679 3207 ix.
706 3174 785 3208 20.

348 3256 395 3290 α.
451 3240 595 3304 sacta
636 3240 725 3301 est]
779 3237 995 3302 γέγονεν.
1064 3241 1135 3291 So
1172 3241 1443 3303 Ambrstr.,

285 3321 453 3381 Hier„
483 3322 645 3385 Aug.;
680 3322 851 3386 Vulg„
886 3320 1086 3372 “suitss'

349 3419 395 3466 3.
463 3410 511 3452 et
529 3404 722 3467 quidem
745 3405 841 3452 sed.
876 3409 945 3452 est
973 3410 1016 3452 a
1038 3403 1138 3465 ille]
1181 3405 1194 3428 ‘
1208 3402 1262 3452 If
1276 3404 1444 3454 Adam

281 3498 385 3533 was
417 3482 674 3541 deceived,
698 3484 776 3532 his
800 3499 934 3532 error
964 3500 1066 3533 was
1096 3484 1216 3548 only
1237 3486 1445 3534 second·

1090 2443 1121 2494 6
1153 2461 1354 2495 causam
1391 2452 1494 2494 ext.
1529 2446 1876 2494 scribebantur
1902 2443 1988 2495 C*
2029 2458 2228 2493 causam
2264 2448 2364 2490 ext.
2399 2439 2696 2489 uidebantur

756 2539 782 2589 7
817 2526 905 2592 qui
940 2541 1000 2576 ea
1038 2525 1090 2575 in
1121 2527 1262 2576 illum
1302 2541 1346 2575 c.
1377 2526 1503 2576 CH
1573 2524 1690 2591 quia
1724 2525 1777 2575 in
1815 2524 1955 2575 illam
1992 2540 2035 2575 c.
2075 2540 2111 2574 r

1365 2620 1423 2670 15
1458 2606 1825 2657 demonstrabit
1852 2608 1897 2656 C
1906 2607 1972 2656 H
1977 2624 2008 2655 r

2335 2525 2366 2573 8
2398 2532 2628 2589 poterant
2666 2540 2700 2573 r

2181 2603 2240 2655 16
2274 2606 2433 2655 Coisl.
2461 2621 2572 2670 204,
2599 2606 2634 2655 l.
2654 2622 2694 2655 c.

1539 2755 1638 2803 and
1664 2754 1764 2804 Gk.
1839 2753 1902 2802 In
1925 2752 2055 2803 Gen.
2081 2752 2152 2800 iii.
2180 2766 2256 2808 ια,
2294 2767 2350 2815 13
2393 2752 2501 2801 Eve
2525 2751 2699 2801 makes

1540 2852 1607 2885 no
1644 2842 1856 2900 attempt
1893 2842 1948 2883 to
1985 2840 2136 2883 tetort
2171 2848 2308 2897 upon
2345 2833 2434 2901 her
2467 2833 2699 2882 husband

1540 2916 1627 2965 the
1650 2916 1831 2980 charge
1851 2914 1916 2963 he
1939 2914 2047 2977 lays
2068 2913 2265 2977 against
2294 2912 2401 2961 her.

1605 3014 1653 3065 9.
1719 2998 1844 3062 quia
1878 2998 2010 3046 ritus
2043 2996 2131 3045 ille
2161 3001 2208 3043 et
2241 2995 2336 3053 ius,
2384 2993 2500 3055 δια]
2588 2994 2699 3043 ‘To
2729 3018 2730 3021 ¹

1540 3090 1748 3146 prevent
1804 3079 1889 3129 the
1933 3079 2183 3128 inserence
2235 3077 2344 3126 that
2394 3092 2425 3124 a
2475 3082 2601 3125 state
2648 3074 2707 3124 of

1540 3162 1807 3226 deception
1829 3161 1926 3209 and
1953 3160 2028 3209 sin
2048 3159 2091 3208 is
2109 3159 2194 3207 the
2225 3157 2418 3207 normal
2441 3156 2699 3205 condition

1540 3242 1599 3292 of
1615 3240 1974 3292 womankind.'
2038 3240 2198 3302 Quasi
2218 3239 2318 3288 and
2342 3238 2464 3303 quia
2487 3253 2622 3287 seem
2646 3245 2700 3287 to

1540 3325 1670 3375 have
1692 3325 1920 3388 changed
1943 3323 2128 3387 places.

1615 3423 1691 3457 η.
1747 3415 1838 3471 per
1871 3406 1921 3471 f
1943 3403 2347 3469 procreationem]
2404 3404 2466 3453 Ο.
2499 3404 2557 3453 L.
2598 3404 2700 3453 and

1543 3488 1716 3553 Vulg„
1773 3490 1913 3551 “per
1955 3486 1986 3535 f.
2040 3482 2455 3550 generationem'’
2503 3483 2693 3547 (Fulec,

281 3579 384 3627 ary,
425 3564 463 3611 it
500 3563 603 3611 had
642 3563 705 3612 its
740 3572 849 3612 root
883 3564 933 3612 in
973 3563 1057 3612 the
1095 3564 1361 3629 deception
1394 3563 1454 3612 of
1550 3582 1615 3615 ιι.
1667 3584 1732 3616 m.
1798 3563 2349 3630 “regenerationem’').
2429 3565 2697 3621 Mamera,

282 3644 431 3696 Eve.’
498 3647 570 3697 So
606 3646 761 3695 Thdt.
799 3645 874 3708 (τὸ
904 3648 1016 3694 *οὐκ
1051 3643 1314 3707 ἠπατήθη’
1340 3645 1445 3696 ἀντὶ

282 3731 371 3777 τοῦ
419 3730 506 3778 “οῠ
547 3731 739 3791 πρῶτος
758 3728 772 3751 ’
824 3729 1045 3792 εἴρηκεν),
1097 3730 1287 3793 adding
1336 3729 1445 3778 that

284 3810 541 3876 Scripture
585 3810 767 3875 speaks
800 3811 858 3860 of
884 3812 991 3860 Eve
1026 3810 1145 3874 only
1177 3826 1232 3860 as
1262 3810 1448 3873 having

281 3895 413 3944 been
453 3894 689 3944 deceived
726 3895 875 3956 (Gen.
914 3893 982 3943 iii.
1025 3894 1122 3957 13).
1192 3894 1313 3944 Oec.
1352 3894 1447 3944 has

282 3977 494 4026 another
534 3975 858 4040 justification
895 3976 955 4026 of
993 3977 1047 4027 S.
1088 3976 1254 4026 Paul's
1298 3984 1447 4027 state-

283 4064 451 4108 ment:
485 4059 630 4119 πρὸς
649 4056 758 4116 τὴν
781 4055 1102 4119 σύγκρισιν
1128 4055 1356 4117 ἀπάτης
1383 4055 1446 4113 ἦν

282 4135 317 4195 ἠ
337 4134 464 4198 γυνὴ
499 4133 747 4198 ἠπατήθη,
776 4138 885 4185 οὐδὲ
920 4133 1086 4196 ἀπάτη
1121 4138 1256 4187 ἐστὶν
1291 4132 1323 4197 ἡ
1358 4135 1447 4185 τοῦ

273 4217 453 4279 ’Δδάμ.
627 4263 636 4275 ,

349 4301 395 4351 6.
461 4316 512 4350 eo
553 4301 685 4366 quod
719 4299 1210 4364 illius...uidcbatur]
1291 4300 1441 4351 Cited

285 4382 354 4446 by
379 4381 646 4431 Lausranc.

354 4476 401 4525 7.
467 4463 586 4526 quia
620 4478 675 4510 ea
710 4462 767 4510 in
802 4462 964 4522 illum,
996 4462 1112 4523 δια]
1168 4462 1264 4512 See
1288 4478 1365 4512 vv,
1397 4463 1449 4511 11.

1543 3664 1600 3697 so
1667 3648 1933 3707 Ambrstr.‚
2007 3648 2149 3697 Hier.
2209 3643 2664 3710 (“permanserit”)
2683 3662 2699 3704 ;

1545 3728 1669 3785 Gk„
1693 3730 1930 3787 μείνωσιν.
1999 3727 2079 3777 Cs.
2105 3727 2263 3790 infra,
2293 3742 2342 3791 p.
2368 3724 2446 3790 96,
2476 3725 2511 3773 1.
2537 3739 2583 3774 2.

1615 3825 1688 3869 14.
1722 3815 1817 3872 per
1842 3807 2080 3871 filiorum
2128 3807 2260 3854 enim
2303 3805 2469 3854 dicens
2512 3804 2700 3867 proc-n]

1543 3890 1672 3939 This
1714 3906 1872 3938 seems
1916 3898 1970 3939 to
2011 3889 2077 3937 be
2115 3888 2252 3937 short
2291 3886 2368 3935 for
2409 3887 2538 3950 quid
2563 3888 2701 3935 enim

1542 3973 1675 4020 dicat
1695 3975 1708 3999 ⁸
1714 3979 1810 4036 per
1812 3969 1883 4033 f.’
1907 3971 2066 4019 dicens
2096 3965 2539 4033 ‘procreationem'
2574 3970 2699 4018 Pro-

1535 4052 1699 4117 genies
1744 4052 1811 4115 (p.
1858 4048 1940 4117 96,
1983 4049 2017 4099 l.
2069 4051 2114 4111 ι)
2160 4048 2203 4098 is
2247 4047 2541 4113 apparently
2566 4070 2611 4090 =
2638 4047 2698 4098 τό

1542 4133 1692 4196 γένος,
1739 4132 2091 4194 womankind3
2137 4131 2200 4182 cf.
2239 4130 2398 4194 inst-a,
2438 4147 2489 4195 p.
2524 4128 2607 4197 96,
2641 4131 2698 4180 ll.

1543 4233 1594 4277 4,
1643 4228 1670 4277 5
1720 4212 1754 4278 (⁴
1777 4213 2066 4262 saluabitur
2081 4213 2094 4237 ²
2109 4249 2227 4263 ......
2246 4212 2304 4260 de
2335 4226 2511 4275 genere
2550 4210 2700 4275 loqui-

1544 4295 1669 4355 tur).

1616 4390 1691 4440 15.
1729 4376 1975 4426 ostendens
1986 4371 2463 4440 quocl...resp2‘ciunt]
2499 4371 2702 4435 Quoted

1542 4459 1612 4521 by
1637 4454 1899 4513 Lanfrane
1929 4455 2045 4503 who
2067 4454 2192 4503 adds
2216 4454 2359 4514 (from
2385 4468 2436 4517 p.
2454 4451 2534 4516 96,
2563 4451 2595 4502 l.
2629 4452 2700 4514 5):
