<?xml version="1.0" encoding="UTF-8"?>
<!DOCTYPE html PUBLIC "-//W3C//DTD XHTML 1.0 Transitional//EN"
    "http://www.w3.org/TR/xhtml1/DTD/xhtml1-transitional.dtd">
<html xmlns="http://www.w3.org/1999/xhtml" xml:lang="en" lang="en">
 <head>
  <title>
</title>
<meta http-equiv="Content-Type" content="text/html;charset=utf-8" />
  <meta name='ocr-system' content='tesseract 3.04.00' />
  <meta name='ocr-capabilities' content='ocr_page ocr_carea ocr_par ocr_line ocrx_word'/>
</head>
<body>
  <div class='ocr_page' id='page_1' title='image "./theodoriepiscop02swetgoog_0114.png"; bbox 0 0 3221 5116; ppageno 0'>
   <div class='ocr_carea' id='block_1_1' title="bbox 330 378 2742 463">
    <p class='ocr_par' dir='ltr' id='par_1_1' title="bbox 330 378 2742 463">
     <span class='ocr_line' id='line_1_1' title="bbox 330 378 2742 463; baseline 0.001 -19"><span class='ocrx_word' id='word_1_1' title='bbox 330 378 461 444; x_wconf 91' lang='lat'><strong>111.</strong></span> <span class='ocrx_word' id='word_1_2' title='bbox 498 378 580 463; x_wconf 86' lang='lat'><strong>2.]</strong></span> <span class='ocrx_word' id='word_1_3' title='bbox 1041 391 1124 442; x_wconf 77' lang='lat' dir='ltr'><strong>m</strong></span> <span class='ocrx_word' id='word_1_4' title='bbox 1174 392 1279 445; x_wconf 83' lang='grc' dir='ltr'><strong>ΕΡ.</strong></span> <span class='ocrx_word' id='word_1_5' title='bbox 1324 394 1429 445; x_wconf 81' lang='lat' dir='ltr'><strong>AD</strong></span> <span class='ocrx_word' id='word_1_6' title='bbox 1473 392 1941 445; x_wconf 84' lang='lat' dir='ltr'>TIMOTHEUM</span> <span class='ocrx_word' id='word_1_7' title='bbox 1985 394 2033 446; x_wconf 91' lang='lat'><strong>1.</strong></span> <span class='ocrx_word' id='word_1_8' title='bbox 2623 396 2742 462; x_wconf 81' lang='lat'><strong>103</strong></span> 
     </span>
    </p>
   </div>
   <div class='ocr_carea' id='block_1_2' title="bbox 328 560 2864 2006">
    <p class='ocr_par' dir='ltr' id='par_1_2' title="bbox 328 560 2864 2006">
     <span class='ocr_line' id='line_1_2' title="bbox 328 560 2742 649; baseline 0.002 -27"><span class='ocrx_word' id='word_1_9' title='bbox 328 578 579 624; x_wconf 86' lang='lat' dir='ltr'><strong>uxores</strong></span> <span class='ocrx_word' id='word_1_10' title='bbox 621 560 962 627; x_wconf 84' lang='lat' dir='ltr'><strong>habebant</strong></span> <span class='ocrx_word' id='word_1_11' title='bbox 1009 563 1385 647; x_wconf 87' lang='lat' dir='ltr'><strong>legitimas;</strong></span> <span class='ocrx_word' id='word_1_12' title='bbox 1442 564 1625 649; x_wconf 91' lang='lat' dir='ltr'><strong>quod</strong></span> <span class='ocrx_word' id='word_1_13' title='bbox 1669 573 1737 630; x_wconf 93' lang='lat' dir='ltr'><strong>et</strong></span> <span class='ocrx_word' id='word_1_14' title='bbox 1780 564 2130 649; x_wconf 87' lang='lat' dir='ltr'><strong>Moysaica</strong></span> <span class='ocrx_word' id='word_1_15' title='bbox 2175 564 2327 649; x_wconf 89' lang='lat' dir='ltr'><strong>lege</strong></span> <span class='ocrx_word' id='word_1_16' title='bbox 2365 565 2584 630; x_wconf 85' lang='lat' dir='ltr'><strong>facere</strong></span> <span class='ocrx_word' id='word_1_17' title='bbox 2627 585 2742 629; x_wconf 91' lang='lat' dir='ltr'><strong>eos</strong></span> 
     </span>
     <span class='ocr_line' id='line_1_3' title="bbox 329 663 2742 753; baseline 0.002 -27"><span class='ocrx_word' id='word_1_18' title='bbox 329 663 607 729; x_wconf 86' lang='lat' dir='ltr'><strong>licenter</strong></span> <span class='ocrx_word' id='word_1_19' title='bbox 634 666 1001 731; x_wconf 89' lang='lat' dir='ltr'><strong>eueniebat.</strong></span> <span class='ocrx_word' id='word_1_20' title='bbox 1069 667 1261 732; x_wconf 90' lang='lat' dir='ltr'><strong>multi</strong></span> <span class='ocrx_word' id='word_1_21' title='bbox 1293 688 1451 732; x_wconf 92' lang='lat' dir='ltr'><strong>uero</strong></span> <span class='ocrx_word' id='word_1_22' title='bbox 1475 689 1678 732; x_wconf 89' lang='lat' dir='ltr'><strong>unam</strong></span> <span class='ocrx_word' id='word_1_23' title='bbox 1709 669 2080 753; x_wconf 84' lang='lat' dir='ltr'><strong>legitimam</strong></span> <span class='ocrx_word' id='word_1_24' title='bbox 2109 668 2435 733; x_wconf 86' lang='lat' dir='ltr'><strong>habentes</strong></span> <span class='ocrx_word' id='word_1_25' title='bbox 2457 689 2742 734; x_wconf 86' lang='lat' dir='ltr'><strong>uxorem</strong></span> 
     </span>
     <span class='ocr_line' id='line_1_4' title="bbox 331 771 2743 856; baseline 0.001 -22"><span class='ocrx_word' id='word_1_26' title='bbox 331 791 467 836; x_wconf 91' lang='lat' dir='ltr'><strong>non</strong></span> <span class='ocrx_word' id='word_1_27' title='bbox 508 779 700 834; x_wconf 89' lang='lat' dir='ltr'><strong>erant</strong></span> <span class='ocrx_word' id='word_1_28' title='bbox 739 771 799 834; x_wconf 90' lang='lat' dir='ltr'><strong>ei</strong></span> <span class='ocrx_word' id='word_1_29' title='bbox 844 773 1158 849; x_wconf 87' lang='lat' dir='ltr'><strong>contenti,</strong></span> <span class='ocrx_word' id='word_1_30' title='bbox 1189 773 1762 856; x_wconf 88' lang='lat' dir='ltr'><strong>permiscebantur</strong></span> <span class='ocrx_word' id='word_1_31' title='bbox 1806 793 1965 837; x_wconf 92' lang='lat' dir='ltr'><strong>uero</strong></span> <span class='ocrx_word' id='word_1_32' title='bbox 2007 784 2076 838; x_wconf 90' lang='lat' dir='ltr'><strong>et</strong></span> <span class='ocrx_word' id='word_1_33' title='bbox 2115 773 2261 837; x_wconf 89' lang='lat' dir='ltr'><strong>aliis</strong></span> <span class='ocrx_word' id='word_1_34' title='bbox 2297 774 2440 838; x_wconf 89' lang='lat' dir='ltr'><strong>siue</strong></span> <span class='ocrx_word' id='word_1_35' title='bbox 2486 773 2743 838; x_wconf 88' lang='lat' dir='ltr'><strong>ancillis</strong></span> 
     </span>
     <span class='ocr_line' id='line_1_5' title="bbox 332 874 2747 962; baseline 0.001 -25"><span class='ocrx_word' id='word_1_36' title='bbox 332 875 468 938; x_wconf 90' lang='lat' dir='ltr'><strong>suis</strong></span> <span class='ocrx_word' id='word_1_37' title='bbox 498 874 639 939; x_wconf 90' lang='lat' dir='ltr'><strong>siue</strong></span> <span class='ocrx_word' id='word_1_38' title='bbox 670 883 738 937; x_wconf 91' lang='lat' dir='ltr'><strong>et</strong></span> <span class='ocrx_word' id='word_1_39' title='bbox 768 874 914 939; x_wconf 86' lang='lat' dir='ltr'><strong>aliis</strong></span> <span class='ocrx_word' id='word_1_40' title='bbox 957 876 1340 940; x_wconf 88' lang='lat' dir='ltr'><strong>mulieribus</strong></span> <span class='ocrx_word' id='word_1_41' title='bbox 1372 875 1678 940; x_wconf 89' lang='lat' dir='ltr'><strong>absolute</strong></span> <span class='ocrx_word' id='word_1_42' title='bbox 1709 875 2132 941; x_wconf 90' lang='lat' dir='ltr'><strong>lasciuientes</strong></span> <span class='ocrx_word' id='word_1_43' title='bbox 2157 895 2173 954; x_wconf 82' lang='lat'><em>3</em></span> <span class='ocrx_word' id='word_1_44' title='bbox 2223 878 2403 962; x_wconf 93' lang='lat' dir='ltr'><strong>quod</strong></span> <span class='ocrx_word' id='word_1_45' title='bbox 2436 886 2504 941; x_wconf 91' lang='lat' dir='ltr'><strong>et</strong></span> <span class='ocrx_word' id='word_1_46' title='bbox 2536 896 2747 960; x_wconf 91' lang='lat' dir='ltr'><strong>usque</strong></span> 
     </span>
     <span class='ocr_line' id='line_1_6' title="bbox 334 975 2855 1064; baseline 0.003 -25"><span class='ocrx_word' id='word_1_47' title='bbox 334 975 420 1039; x_wconf 88' lang='lat' dir='ltr'><strong>ad</strong></span> <span class='ocrx_word' id='word_1_48' title='bbox 458 997 771 1060; x_wconf 88' lang='lat' dir='ltr'><strong>praesens</strong></span> <span class='ocrx_word' id='word_1_49' title='bbox 802 977 880 1043; x_wconf 89' lang='lat' dir='ltr'><strong>fit</strong></span> <span class='ocrx_word' id='word_1_50' title='bbox 916 978 1003 1042; x_wconf 92' lang='lat' dir='ltr'><strong>ab</strong></span> <span class='ocrx_word' id='word_1_51' title='bbox 1033 979 1161 1043; x_wconf 89' lang='lat' dir='ltr'><strong>illis</strong></span> <span class='ocrx_word' id='word_1_52' title='bbox 1193 979 1304 1062; x_wconf 94' lang='lat' dir='ltr'><strong>qui</strong></span> <span class='ocrx_word' id='word_1_53' title='bbox 1347 978 1712 1062; x_wconf 90' lang='lat' dir='ltr'><strong>pudicitiae</strong></span> <span class='ocrx_word' id='word_1_54' title='bbox 1752 979 2171 1064; x_wconf 87' lang='lat' dir='ltr'><strong>diligentiam</strong></span> <span class='ocrx_word' id='word_1_55' title='bbox 2219 981 2472 1046; x_wconf 90' lang='lat' dir='ltr'><strong>nullam</strong></span> <span class='ocrx_word' id='word_1_56' title='bbox 2509 981 2747 1047; x_wconf 88' lang='lat' dir='ltr'><strong>uolunt</strong></span> <span class='ocrx_word' id='word_1_57' title='bbox 2823 996 2855 1064; x_wconf 84' lang='lat'><strong>5</strong></span> 
     </span>
     <span class='ocr_line' id='line_1_7' title="bbox 334 1082 2749 1169; baseline 0 -23"><span class='ocrx_word' id='word_1_58' title='bbox 334 1083 666 1148; x_wconf 87' lang='lat' dir='ltr'><strong>adhibere.</strong></span> <span class='ocrx_word' id='word_1_59' title='bbox 754 1082 943 1146; x_wconf 91' lang='lat' dir='ltr'><strong>aiunt</strong></span> <span class='ocrx_word' id='word_1_60' title='bbox 973 1102 1133 1166; x_wconf 87' lang='lat' dir='ltr'><strong>ergo</strong></span> <span class='ocrx_word' id='word_1_61' title='bbox 1164 1082 1445 1147; x_wconf 88' lang='lat' dir='ltr'><strong>Paulum</strong></span> <span class='ocrx_word' id='word_1_62' title='bbox 1478 1082 1546 1147; x_wconf 91' lang='lat' dir='ltr'><strong>id</strong></span> <span class='ocrx_word' id='word_1_63' title='bbox 1589 1083 1863 1161; x_wconf 84' lang='lat' dir='ltr'><strong>dixisse,</strong></span> <span class='ocrx_word' id='word_1_64' title='bbox 1894 1084 1988 1147; x_wconf 92' lang='lat' dir='ltr'><strong>ita</strong></span> <span class='ocrx_word' id='word_1_65' title='bbox 2011 1093 2085 1148; x_wconf 91' lang='lat' dir='ltr'><strong>ut</strong></span> <span class='ocrx_word' id='word_1_66' title='bbox 2131 1084 2242 1148; x_wconf 92' lang='lat' dir='ltr'><strong>ille</strong></span> <span class='ocrx_word' id='word_1_67' title='bbox 2266 1086 2378 1169; x_wconf 93' lang='lat' dir='ltr'><strong>qui</strong></span> <span class='ocrx_word' id='word_1_68' title='bbox 2422 1086 2749 1149; x_wconf 88' lang='lat' dir='ltr'><strong>eiusmodi</strong></span> 
     </span>
     <span class='ocr_line' id='line_1_8' title="bbox 333 1186 2751 1273; baseline -0 -20"><span class='ocrx_word' id='word_1_69' title='bbox 333 1197 437 1253; x_wconf 86' lang='lat' dir='ltr'><strong>est</strong></span> <span class='ocrx_word' id='word_1_70' title='bbox 484 1186 625 1271; x_wconf 89' lang='lat' dir='ltr'><strong>[ad]</strong></span> <span class='ocrx_word' id='word_1_71' title='bbox 669 1186 1129 1271; x_wconf 89' lang='lat' dir='ltr'><strong>episcopatum</strong></span> <span class='ocrx_word' id='word_1_72' title='bbox 1177 1188 1600 1271; x_wconf 88' lang='lat' dir='ltr'><strong>producatur,</strong></span> <span class='ocrx_word' id='word_1_73' title='bbox 1649 1187 1761 1270; x_wconf 90' lang='lat' dir='ltr'><strong>qui</strong></span> <span class='ocrx_word' id='word_1_74' title='bbox 1808 1207 2091 1252; x_wconf 85' lang='lat' dir='ltr'><strong>uxorem</strong></span> <span class='ocrx_word' id='word_1_75' title='bbox 2132 1188 2463 1271; x_wconf 88' lang='lat' dir='ltr'><strong>accipiens</strong></span> <span class='ocrx_word' id='word_1_76' title='bbox 2508 1188 2751 1273; x_wconf 87' lang='lat' dir='ltr'><strong>pudice</strong></span> 
     </span>
     <span class='ocr_line' id='line_1_9' title="bbox 334 1291 2752 1374; baseline 0 -19"><span class='ocrx_word' id='word_1_77' title='bbox 334 1291 606 1356; x_wconf 80' lang='lat' dir='ltr'><strong>u’iuebat</strong></span> <span class='ocrx_word' id='word_1_78' title='bbox 635 1312 788 1356; x_wconf 91' lang='lat' dir='ltr'><strong>cum</strong></span> <span class='ocrx_word' id='word_1_79' title='bbox 820 1312 918 1368; x_wconf 88' lang='lat' dir='ltr'><strong>ea,</strong></span> <span class='ocrx_word' id='word_1_80' title='bbox 948 1301 1306 1356; x_wconf 90' lang='lat' dir='ltr'><strong>contentus</strong></span> <span class='ocrx_word' id='word_1_81' title='bbox 1348 1313 1426 1356; x_wconf 89' lang='lat' dir='ltr'><strong>ea</strong></span> <span class='ocrx_word' id='word_1_82' title='bbox 1465 1299 1733 1355; x_wconf 87' lang='lat' dir='ltr'><strong>tantum</strong></span> <span class='ocrx_word' id='word_1_83' title='bbox 1775 1300 1845 1356; x_wconf 92' lang='lat' dir='ltr'><strong>et</strong></span> <span class='ocrx_word' id='word_1_84' title='bbox 1886 1312 2097 1374; x_wconf 90' lang='lat' dir='ltr'><strong>usque</strong></span> <span class='ocrx_word' id='word_1_85' title='bbox 2139 1291 2225 1356; x_wconf 92' lang='lat' dir='ltr'><strong>ad</strong></span> <span class='ocrx_word' id='word_1_86' title='bbox 2248 1292 2431 1357; x_wconf 93' lang='lat' dir='ltr'><strong>illam</strong></span> <span class='ocrx_word' id='word_1_87' title='bbox 2474 1302 2752 1357; x_wconf 89' lang='lat' dir='ltr'><strong>naturae</strong></span> 
     </span>
     <span class='ocr_line' id='line_1_10' title="bbox 336 1394 2753 1481; baseline 0.001 -22"><span class='ocrx_word' id='word_1_88' title='bbox 336 1404 559 1459; x_wconf 89' lang='lat' dir='ltr'><strong>motus</strong></span> <span class='ocrx_word' id='word_1_89' title='bbox 589 1396 847 1460; x_wconf 78' lang='lat' dir='ltr'><strong>sistens,</strong></span> <span class='ocrx_word' id='word_1_90' title='bbox 936 1396 1048 1479; x_wconf 91' lang='lat' dir='ltr'><strong>qui</strong></span> <span class='ocrx_word' id='word_1_91' title='bbox 1080 1396 1135 1458; x_wconf 90' lang='lat' dir='ltr'><strong>si</strong></span> <span class='ocrx_word' id='word_1_92' title='bbox 1167 1396 1260 1459; x_wconf 92' lang='lat' dir='ltr'><strong>sic</strong></span> <span class='ocrx_word' id='word_1_93' title='bbox 1296 1397 1530 1460; x_wconf 88' lang='lat' dir='ltr'><strong>uiuens</strong></span> <span class='ocrx_word' id='word_1_94' title='bbox 1568 1403 1724 1479; x_wconf 89' lang='lat' dir='ltr'><strong>post</strong></span> <span class='ocrx_word' id='word_1_95' title='bbox 1759 1394 2190 1460; x_wconf 89' lang='lat' dir='ltr'><strong>amissionem</strong></span> <span class='ocrx_word' id='word_1_96' title='bbox 2233 1397 2488 1481; x_wconf 88' lang='lat' dir='ltr'><strong>primae</strong></span> <span class='ocrx_word' id='word_1_97' title='bbox 2518 1418 2753 1461; x_wconf 90' lang='lat' dir='ltr'><strong>secun-</strong></span> 
     </span>
     <span class='ocr_line' id='line_1_11' title="bbox 336 1498 2864 1586; baseline 0.003 -25"><span class='ocrx_word' id='word_1_98' title='bbox 336 1498 494 1562; x_wconf 95' lang='lat' dir='ltr'><strong>dam</strong></span> <span class='ocrx_word' id='word_1_99' title='bbox 526 1498 822 1582; x_wconf 88' lang='lat' dir='ltr'><strong>legitime</strong></span> <span class='ocrx_word' id='word_1_100' title='bbox 866 1500 1212 1582; x_wconf 91' lang='lat' dir='ltr'><strong>acceperit,</strong></span> <span class='ocrx_word' id='word_1_101' title='bbox 1244 1498 1617 1583; x_wconf 90' lang='lat' dir='ltr'><strong>eodemque</strong></span> <span class='ocrx_word' id='word_1_102' title='bbox 1662 1499 1870 1563; x_wconf 89' lang='lat' dir='ltr'><strong>modo</strong></span> <span class='ocrx_word' id='word_1_103' title='bbox 1898 1507 1965 1563; x_wconf 88' lang='lat' dir='ltr'><strong>et</strong></span> <span class='ocrx_word' id='word_1_104' title='bbox 1995 1520 2148 1564; x_wconf 92' lang='lat' dir='ltr'><strong>cum</strong></span> <span class='ocrx_word' id='word_1_105' title='bbox 2190 1500 2304 1565; x_wconf 90' lang='lat' dir='ltr'><strong>illa</strong></span> <span class='ocrx_word' id='word_1_106' title='bbox 2339 1502 2563 1566; x_wconf 87' lang='lat' dir='ltr'><strong>uiuere</strong></span> <span class='ocrx_word' id='word_1_107' title='bbox 2603 1523 2752 1586; x_wconf 86' lang='lat' dir='ltr'><strong>per·</strong></span> <span class='ocrx_word' id='word_1_108' title='bbox 2785 1520 2864 1570; x_wconf 89' lang='lat'><strong>10</strong></span> 
     </span>
     <span class='ocr_line' id='line_1_12' title="bbox 337 1599 2754 1688; baseline 0.002 -21"><span class='ocrx_word' id='word_1_109' title='bbox 337 1601 597 1680; x_wconf 88' lang='lat' dir='ltr'><strong>stiterit,</strong></span> <span class='ocrx_word' id='word_1_110' title='bbox 640 1622 776 1665; x_wconf 92' lang='lat' dir='ltr'><strong>non</strong></span> <span class='ocrx_word' id='word_1_111' title='bbox 815 1599 1061 1665; x_wconf 90' lang='lat' dir='ltr'><strong>debere</strong></span> <span class='ocrx_word' id='word_1_112' title='bbox 1098 1602 1450 1685; x_wconf 89' lang='lat' dir='ltr'><strong>prohibere</strong></span> <span class='ocrx_word' id='word_1_113' title='bbox 1490 1622 1646 1666; x_wconf 88' lang='lat' dir='ltr'><strong>eum</strong></span> <span class='ocrx_word' id='word_1_114' title='bbox 1691 1601 1780 1667; x_wconf 89' lang='lat' dir='ltr'><strong>ad</strong></span> <span class='ocrx_word' id='word_1_115' title='bbox 1812 1603 2274 1686; x_wconf 86' lang='lat' dir='ltr'><strong>episcopatum</strong></span> <span class='ocrx_word' id='word_1_116' title='bbox 2306 1606 2609 1688; x_wconf 88' lang='lat' dir='ltr'><strong>transire,</strong></span> <span class='ocrx_word' id='word_1_117' title='bbox 2651 1629 2754 1673; x_wconf 91' lang='lat' dir='ltr'><strong>se-</strong></span> 
     </span>
     <span class='ocr_line' id='line_1_13' title="bbox 335 1704 2752 1792; baseline 0.003 -23"><span class='ocrx_word' id='word_1_118' title='bbox 335 1705 627 1770; x_wconf 91' lang='lat' dir='ltr'><strong>cundum</strong></span> <span class='ocrx_word' id='word_1_119' title='bbox 663 1704 847 1769; x_wconf 90' lang='lat' dir='ltr'><strong>Pauli</strong></span> <span class='ocrx_word' id='word_1_120' title='bbox 879 1705 1355 1773; x_wconf 90' lang='lat' dir='ltr'><strong>definitionem.</strong></span> <span class='ocrx_word' id='word_1_121' title='bbox 1413 1708 1543 1772; x_wconf 92' lang='lat' dir='ltr'><strong>hoc</strong></span> <span class='ocrx_word' id='word_1_122' title='bbox 1573 1708 1891 1774; x_wconf 85' lang='lat' dir='ltr'><strong>dixerunt</strong></span> <span class='ocrx_word' id='word_1_123' title='bbox 1922 1709 2198 1792; x_wconf 88' lang='lat' dir='ltr'><strong>quidam</strong></span> <span class='ocrx_word' id='word_1_124' title='bbox 2237 1732 2277 1775; x_wconf 93' lang='lat' dir='ltr'><strong>a</strong></span> <span class='ocrx_word' id='word_1_125' title='bbox 2306 1709 2511 1776; x_wconf 92' lang='lat' dir='ltr'><strong>beato</strong></span> <span class='ocrx_word' id='word_1_126' title='bbox 2543 1712 2752 1777; x_wconf 88' lang='lat' dir='ltr'><strong>Paulo</strong></span> 
     </span>
     <span class='ocr_line' id='line_1_14' title="bbox 336 1808 2752 1902; baseline 0.006 -31"><span class='ocrx_word' id='word_1_127' title='bbox 336 1817 406 1873; x_wconf 88' lang='lat' dir='ltr'><strong>et</strong></span> <span class='ocrx_word' id='word_1_128' title='bbox 436 1808 786 1873; x_wconf 87' lang='lat' dir='ltr'><strong>definitum</strong></span> <span class='ocrx_word' id='word_1_129' title='bbox 818 1825 963 1873; x_wconf 86' lang='lat' dir='ltr'><strong>esse</strong></span> <span class='ocrx_word' id='word_1_130' title='bbox 994 1818 1062 1874; x_wconf 90' lang='lat' dir='ltr'><strong>et</strong></span> <span class='ocrx_word' id='word_1_131' title='bbox 1093 1819 1452 1891; x_wconf 87' lang='lat' dir='ltr'><strong>statutum;</strong></span> <span class='ocrx_word' id='word_1_132' title='bbox 1498 1833 1781 1896; x_wconf 86' lang='lat' dir='ltr'><strong>quorum</strong></span> <span class='ocrx_word' id='word_1_133' title='bbox 1814 1834 1940 1897; x_wconf 92' lang='lat' dir='ltr'><strong>ego</strong></span> <span class='ocrx_word' id='word_1_134' title='bbox 1972 1814 2230 1879; x_wconf 90' lang='lat' dir='ltr'><strong>dictum</strong></span> <span class='ocrx_word' id='word_1_135' title='bbox 2262 1813 2459 1881; x_wconf 89' lang='lat' dir='ltr'><strong>ualde</strong></span> <span class='ocrx_word' id='word_1_136' title='bbox 2490 1838 2752 1902; x_wconf 90' lang='lat' dir='ltr'><strong>respu0‚</strong></span> 
     </span>
     <span class='ocr_line' id='line_1_15' title="bbox 335 1912 2750 2006; baseline 0.005 -33"><span class='ocrx_word' id='word_1_137' title='bbox 335 1931 457 1976; x_wconf 92' lang='lat' dir='ltr'><strong>nec</strong></span> <span class='ocrx_word' id='word_1_138' title='bbox 488 1913 775 1977; x_wconf 87' lang='lat' dir='ltr'><strong>suadeor</strong></span> <span class='ocrx_word' id='word_1_139' title='bbox 801 1912 931 1977; x_wconf 93' lang='lat' dir='ltr'><strong>illis</strong></span> <span class='ocrx_word' id='word_1_140' title='bbox 961 1914 1143 1998; x_wconf 91' lang='lat' dir='ltr'><strong>quod</strong></span> <span class='ocrx_word' id='word_1_141' title='bbox 1176 1917 1231 1979; x_wconf 88' lang='lat' dir='ltr'><strong>is</strong></span> <span class='ocrx_word' id='word_1_142' title='bbox 1262 1917 1374 1999; x_wconf 92' lang='lat' dir='ltr'><strong>qui</strong></span> <span class='ocrx_word' id='word_1_143' title='bbox 1406 1918 1733 1981; x_wconf 88' lang='lat' dir='ltr'><strong>secundas</strong></span> <span class='ocrx_word' id='word_1_144' title='bbox 1775 1920 2043 2001; x_wconf 87' lang='lat' dir='ltr'><strong>nuptias</strong></span> <span class='ocrx_word' id='word_1_145' title='bbox 2074 1919 2379 1985; x_wconf 89' lang='lat' dir='ltr'><strong>similiter</strong></span> <span class='ocrx_word' id='word_1_146' title='bbox 2407 1922 2750 2006; x_wconf 86' lang='lat' dir='ltr'><strong>praecipit,</strong></span> 
     </span>
    </p>
   </div>
   <div class='ocr_carea' id='block_1_3' title="bbox 329 2050 2864 3682">
    <p class='ocr_par' dir='ltr' id='par_1_3' title="bbox 329 2050 2864 3486">
     <span class='ocr_line' id='line_1_16' title="bbox 336 2050 2856 2151; baseline 0.004 -33"><span class='ocrx_word' id='word_1_147' title='bbox 336 2050 578 2120; x_wconf 77' lang='grc' dir='ltr'>ταύτὸν</span> <span class='ocrx_word' id='word_1_148' title='bbox 632 2053 747 2121; x_wconf 87' lang='grc' dir='ltr'><strong>δύο</strong></span> <span class='ocrx_word' id='word_1_149' title='bbox 800 2057 1105 2140; x_wconf 79' lang='grc' dir='ltr'>νομίμους</span> <span class='ocrx_word' id='word_1_150' title='bbox 1157 2056 1341 2148; x_wconf 56' lang='grc' dir='ltr'>εἶχον</span> <span class='ocrx_word' id='word_1_151' title='bbox 1399 2063 1730 2142; x_wconf 62' lang='grc' dir='ltr'>«γυναῖκας,</span> <span class='ocrx_word' id='word_1_152' title='bbox 1778 2056 1813 2126; x_wconf 78' lang='grc' dir='ltr'>ὃ</span> <span class='ocrx_word' id='word_1_153' title='bbox 1863 2057 1976 2126; x_wconf 85' lang='grc' dir='ltr'>καὶ</span> <span class='ocrx_word' id='word_1_154' title='bbox 2021 2058 2157 2125; x_wconf 81' lang='grc' dir='ltr'><strong>ἀπὸ</strong></span> <span class='ocrx_word' id='word_1_155' title='bbox 2215 2063 2332 2127; x_wconf 86' lang='grc' dir='ltr'><strong>τοῦ</strong></span> <span class='ocrx_word' id='word_1_156' title='bbox 2376 2061 2753 2127; x_wconf 83' lang='grc' dir='ltr'>Μωσαῑκοῧ</span> <span class='ocrx_word' id='word_1_157' title='bbox 2785 2081 2856 2151; x_wconf 79' lang='lat'><strong>15</strong></span> 
     </span>
     <span class='ocr_line' id='line_1_17' title="bbox 336 2155 2752 2251; baseline 0.002 -27"><span class='ocrx_word' id='word_1_158' title='bbox 336 2155 540 2239; x_wconf 85' lang='grc' dir='ltr'>νόμου</span> <span class='ocrx_word' id='word_1_159' title='bbox 568 2162 779 2225; x_wconf 81' lang='grc' dir='ltr'>ποιεῖν</span> <span class='ocrx_word' id='word_1_160' title='bbox 807 2156 1028 2230; x_wconf 78' lang='grc' dir='ltr'>αὐτοῖς</span> <span class='ocrx_word' id='word_1_161' title='bbox 1058 2159 1525 2247; x_wconf 79' lang='grc' dir='ltr'>ἐπετέτραπτο·</span> <span class='ocrx_word' id='word_1_162' title='bbox 1569 2162 1818 2228; x_wconf 87' lang='grc' dir='ltr'>πολλοὶ</span> <span class='ocrx_word' id='word_1_163' title='bbox 1850 2160 1922 2227; x_wconf 81' lang='grc' dir='ltr'><strong>δὲ</strong></span> <span class='ocrx_word' id='word_1_164' title='bbox 1961 2160 2237 2246; x_wconf 80' lang='grc' dir='ltr'>νομίμην</span> <span class='ocrx_word' id='word_1_165' title='bbox 2277 2164 2539 2251; x_wconf 82' lang='grc' dir='ltr'>ἔχοντες</span> <span class='ocrx_word' id='word_1_166' title='bbox 2578 2162 2752 2244; x_wconf 86' lang='grc' dir='ltr'>μίαν,</span> 
     </span>
     <span class='ocr_line' id='line_1_18' title="bbox 334 2258 2752 2353; baseline 0.002 -27"><span class='ocrx_word' id='word_1_167' title='bbox 334 2260 539 2345; x_wconf 84' lang='grc' dir='ltr'>ταύτῃ</span> <span class='ocrx_word' id='word_1_168' title='bbox 577 2259 697 2343; x_wconf 85' lang='grc' dir='ltr'><strong>μὲν</strong></span> <span class='ocrx_word' id='word_1_169' title='bbox 738 2259 857 2326; x_wconf 78' lang='grc' dir='ltr'><strong>οὐκ</strong></span> <span class='ocrx_word' id='word_1_170' title='bbox 899 2258 1230 2349; x_wconf 78' lang='grc' dir='ltr'>ἠρκοῦντο,</span> <span class='ocrx_word' id='word_1_171' title='bbox 1263 2263 1612 2352; x_wconf 78' lang='grc' dir='ltr'>ἐκέχρηντο</span> <span class='ocrx_word' id='word_1_172' title='bbox 1652 2263 1724 2330; x_wconf 80' lang='grc' dir='ltr'><strong>δὲ</strong></span> <span class='ocrx_word' id='word_1_173' title='bbox 1761 2264 1871 2331; x_wconf 86' lang='grc' dir='ltr'>καὶ</span> <span class='ocrx_word' id='word_1_174' title='bbox 1910 2263 2156 2353; x_wconf 81' lang='grc' dir='ltr'>ἑτέραις</span> <span class='ocrx_word' id='word_1_175' title='bbox 2191 2264 2335 2348; x_wconf 81' lang='grc' dir='ltr'>ἤτοι</span> <span class='ocrx_word' id='word_1_176' title='bbox 2369 2263 2752 2339; x_wconf 83' lang='grc' dir='ltr'>παιδίσκαις</span> 
     </span>
     <span class='ocr_line' id='line_1_19' title="bbox 336 2363 2752 2457; baseline 0.004 -27"><span class='ocrx_word' id='word_1_177' title='bbox 336 2363 601 2442; x_wconf 76' lang='grc' dir='ltr'>ἑαυτῶν,</span> <span class='ocrx_word' id='word_1_178' title='bbox 651 2364 692 2445; x_wconf 87' lang='grc' dir='ltr'>ἢ</span> <span class='ocrx_word' id='word_1_179' title='bbox 746 2366 855 2431; x_wconf 85' lang='grc' dir='ltr'>καὶ</span> <span class='ocrx_word' id='word_1_180' title='bbox 910 2365 1000 2436; x_wconf 85' lang='grc' dir='ltr'><strong>εἷς</strong></span> <span class='ocrx_word' id='word_1_181' title='bbox 1057 2364 1173 2437; x_wconf 79' lang='grc' dir='ltr'><strong>τὰς</strong></span> <span class='ocrx_word' id='word_1_182' title='bbox 1231 2368 1561 2456; x_wconf 76' lang='grc' dir='ltr'>τυχούσας</span> <span class='ocrx_word' id='word_1_183' title='bbox 1607 2367 1940 2441; x_wconf 75' lang='grc' dir='ltr'>πολλάκις</span> <span class='ocrx_word' id='word_1_184' title='bbox 1997 2367 2200 2441; x_wconf 83' lang='grc' dir='ltr'>α’δεῶς</span> <span class='ocrx_word' id='word_1_185' title='bbox 2258 2368 2752 2457; x_wconf 75' lang='grc' dir='ltr'>ἇμαρτάνοντες’</span> 
     </span>
     <span class='ocr_line' id='line_1_20' title="bbox 335 2467 2754 2561; baseline 0.001 -26"><span class='ocrx_word' id='word_1_186' title='bbox 335 2467 372 2535; x_wconf 79' lang='grc'>3</span> <span class='ocrx_word' id='word_1_187' title='bbox 431 2468 543 2535; x_wconf 88' lang='grc' dir='ltr'>καὶ</span> <span class='ocrx_word' id='word_1_188' title='bbox 604 2467 807 2558; x_wconf 85' lang='grc' dir='ltr'>μέχρι</span> <span class='ocrx_word' id='word_1_189' title='bbox 880 2473 995 2549; x_wconf 79' lang='grc' dir='ltr'><strong>τῆς</strong></span> <span class='ocrx_word' id='word_1_190' title='bbox 1065 2469 1251 2561; x_wconf 82' lang='grc' dir='ltr'>δεῦρο</span> <span class='ocrx_word' id='word_1_191' title='bbox 1318 2471 1568 2556; x_wconf 71' lang='grc' dir='ltr'>«γίνεται</span> <span class='ocrx_word' id='word_1_192' title='bbox 1627 2472 1813 2560; x_wconf 79' lang='grc' dir='ltr'>παρὰ</span> <span class='ocrx_word' id='word_1_193' title='bbox 1878 2477 2013 2540; x_wconf 76' lang='grc' dir='ltr'><strong>τῶν</strong></span> <span class='ocrx_word' id='word_1_194' title='bbox 2080 2472 2202 2539; x_wconf 80' lang='grc' dir='ltr'><strong>οὐκ</strong></span> <span class='ocrx_word' id='word_1_195' title='bbox 2270 2473 2754 2558; x_wconf 76' lang='grc' dir='ltr'>ἐπιμελομένων</span> 
     </span>
     <span class='ocr_line' id='line_1_21' title="bbox 336 2573 2864 2664; baseline 0.003 -26"><span class='ocrx_word' id='word_1_196' title='bbox 336 2573 787 2661; x_wconf 72' lang='grc' dir='ltr'>σωφροσύνης·</span> <span class='ocrx_word' id='word_1_197' title='bbox 872 2578 1068 2642; x_wconf 86' lang='grc' dir='ltr'>τοῦτο</span> <span class='ocrx_word' id='word_1_198' title='bbox 1142 2574 1467 2664; x_wconf 82' lang='grc' dir='ltr'>εἰρηκέναι</span> <span class='ocrx_word' id='word_1_199' title='bbox 1537 2574 1651 2644; x_wconf 83' lang='grc' dir='ltr'><strong>τὸν</strong></span> <span class='ocrx_word' id='word_1_200' title='bbox 1716 2579 1994 2644; x_wconf 87' lang='grc' dir='ltr'>Παῦλον</span> <span class='ocrx_word' id='word_1_201' title='bbox 2053 2577 2327 2663; x_wconf 82' lang='grc' dir='ltr'>ἔφησαν,</span> <span class='ocrx_word' id='word_1_202' title='bbox 2396 2577 2567 2644; x_wconf 78' lang='grc' dir='ltr'>ὥστε</span> <span class='ocrx_word' id='word_1_203' title='bbox 2638 2577 2753 2645; x_wconf 84' lang='grc' dir='ltr'><strong>τὸν</strong></span> <span class='ocrx_word' id='word_1_204' title='bbox 2779 2608 2864 2656; x_wconf 91' lang='lat'><strong>20</strong></span> 
     </span>
     <span class='ocr_line' id='line_1_22' title="bbox 336 2676 2753 2769; baseline 0.002 -27"><span class='ocrx_word' id='word_1_205' title='bbox 336 2681 629 2744; x_wconf 83' lang='grc' dir='ltr'>τοιοῦτον</span> <span class='ocrx_word' id='word_1_206' title='bbox 679 2678 770 2748; x_wconf 84' lang='grc' dir='ltr'><strong>εἰς</strong></span> <span class='ocrx_word' id='word_1_207' title='bbox 820 2676 941 2758; x_wconf 84' lang='grc' dir='ltr'><strong>τὴν</strong></span> <span class='ocrx_word' id='word_1_208' title='bbox 996 2678 1368 2759; x_wconf 79' lang='grc' dir='ltr'>ἐπισκοπὴν</span> <span class='ocrx_word' id='word_1_209' title='bbox 1418 2678 1854 2769; x_wconf 71' lang='grc' dir='ltr'>παράνγεσθαι,</span> <span class='ocrx_word' id='word_1_210' title='bbox 1910 2678 1986 2751; x_wconf 73' lang='grc' dir='ltr'><strong>ὃς</strong></span> <span class='ocrx_word' id='word_1_211' title='bbox 2005 2723 2012 2730; x_wconf 88' lang='lat'><strong>·</strong></span> <span class='ocrx_word' id='word_1_212' title='bbox 2032 2678 2426 2765; x_wconf 65' lang='grc' dir='ltr'>ὦγανγόμενος</span> <span class='ocrx_word' id='word_1_213' title='bbox 2474 2686 2753 2767; x_wconf 67' lang='grc' dir='ltr'>«γυναῖκα</span> 
     </span>
     <span class='ocr_line' id='line_1_23' title="bbox 336 2779 2754 2872; baseline 0.002 -27"><span class='ocrx_word' id='word_1_214' title='bbox 336 2779 685 2869; x_wconf 74' lang='grc' dir='ltr'>σωφρόνως</span> <span class='ocrx_word' id='word_1_215' title='bbox 743 2780 907 2863; x_wconf 75' lang='grc' dir='ltr'>ἐβίω</span> <span class='ocrx_word' id='word_1_216' title='bbox 963 2782 1130 2865; x_wconf 79' lang='grc' dir='ltr'>μετὰ</span> <span class='ocrx_word' id='word_1_217' title='bbox 1185 2781 1442 2865; x_wconf 85' lang='grc' dir='ltr'>ταύτης,</span> <span class='ocrx_word' id='word_1_218' title='bbox 1493 2784 1845 2872; x_wconf 81' lang='grc' dir='ltr'>προσέχων</span> <span class='ocrx_word' id='word_1_219' title='bbox 1900 2783 2063 2868; x_wconf 81' lang='grc' dir='ltr'>αὐτῇ</span> <span class='ocrx_word' id='word_1_220' title='bbox 2123 2783 2235 2850; x_wconf 83' lang='grc' dir='ltr'>καὶ</span> <span class='ocrx_word' id='word_1_221' title='bbox 2279 2784 2511 2872; x_wconf 88' lang='grc' dir='ltr'>μέχρις</span> <span class='ocrx_word' id='word_1_222' title='bbox 2556 2783 2754 2863; x_wconf 80' lang='grc' dir='ltr'>αὐτῆς</span> 
     </span>
     <span class='ocr_line' id='line_1_24' title="bbox 334 2882 2755 2974; baseline 0 -25"><span class='ocrx_word' id='word_1_223' title='bbox 334 2882 559 2971; x_wconf 77' lang='grc' dir='ltr'>ὁρίζων</span> <span class='ocrx_word' id='word_1_224' title='bbox 600 2887 715 2965; x_wconf 85' lang='grc' dir='ltr'><strong>τῆς</strong></span> <span class='ocrx_word' id='word_1_225' title='bbox 762 2884 1019 2973; x_wconf 85' lang='grc' dir='ltr'>φύσεως</span> <span class='ocrx_word' id='word_1_226' title='bbox 1062 2884 1178 2967; x_wconf 78' lang='grc' dir='ltr'><strong>τὴν</strong></span> <span class='ocrx_word' id='word_1_227' title='bbox 1217 2885 1445 2974; x_wconf 76' lang='grc' dir='ltr'>ὄρεξιν.</span> <span class='ocrx_word' id='word_1_228' title='bbox 1554 2884 1641 2956; x_wconf 80' lang='grc' dir='ltr'><strong>ὥς</strong></span> <span class='ocrx_word' id='word_1_229' title='bbox 1685 2888 1837 2957; x_wconf 83' lang='grc' dir='ltr'>εἴτις</span> <span class='ocrx_word' id='word_1_230' title='bbox 1888 2884 2089 2958; x_wconf 71' lang='grc' dir='ltr'>οὕτως</span> <span class='ocrx_word' id='word_1_231' title='bbox 2132 2887 2345 2966; x_wconf 85' lang='grc' dir='ltr'>ζήσας,</span> <span class='ocrx_word' id='word_1_232' title='bbox 2390 2886 2755 2965; x_wconf 72' lang='grc' dir='ltr'>ἀποβαλὼν</span> 
     </span>
     <span class='ocr_line' id='line_1_25' title="bbox 336 2985 2755 3076; baseline 0 -25"><span class='ocrx_word' id='word_1_233' title='bbox 336 2986 457 3067; x_wconf 86' lang='grc' dir='ltr'><strong>τὴν</strong></span> <span class='ocrx_word' id='word_1_234' title='bbox 492 2986 821 3076; x_wconf 83' lang='grc' dir='ltr'>προτέραν</span> <span class='ocrx_word' id='word_1_235' title='bbox 870 2988 1146 3070; x_wconf 87' lang='grc' dir='ltr'>νομίμως</span> <span class='ocrx_word' id='word_1_236' title='bbox 1195 2986 1510 3075; x_wconf 64' lang='grc' dir='ltr'>ὀγάνγοιτο</span> <span class='ocrx_word' id='word_1_237' title='bbox 1570 2986 1893 3076; x_wconf 82' lang='grc' dir='ltr'>δευτέραν,</span> <span class='ocrx_word' id='word_1_238' title='bbox 1947 2987 2062 3054; x_wconf 83' lang='grc' dir='ltr'><strong>τὸν</strong></span> <span class='ocrx_word' id='word_1_239' title='bbox 2108 2986 2309 3054; x_wconf 78' lang='grc' dir='ltr'>αὐτὸν</span> <span class='ocrx_word' id='word_1_240' title='bbox 2369 2985 2446 3068; x_wconf 78' lang='grc' dir='ltr'><strong>δὴ</strong></span> <span class='ocrx_word' id='word_1_241' title='bbox 2507 2985 2755 3073; x_wconf 89' lang='grc' dir='ltr'>τρόπον</span> 
     </span>
     <span class='ocr_line' id='line_1_26' title="bbox 329 3087 2858 3186; baseline 0 -32"><span class='ocrx_word' id='word_1_242' title='bbox 329 3088 515 3168; x_wconf 79' lang='grc' dir='ltr'>βιοὺς</span> <span class='ocrx_word' id='word_1_243' title='bbox 560 3089 669 3154; x_wconf 85' lang='grc' dir='ltr'>καὶ</span> <span class='ocrx_word' id='word_1_244' title='bbox 707 3089 873 3173; x_wconf 81' lang='grc' dir='ltr'>μετὰ</span> <span class='ocrx_word' id='word_1_245' title='bbox 914 3089 1168 3171; x_wconf 74' lang='grc' dir='ltr'>ταύτης,</span> <span class='ocrx_word' id='word_1_246' title='bbox 1199 3089 1290 3173; x_wconf 80' lang='grc' dir='ltr'>μὴ</span> <span class='ocrx_word' id='word_1_247' title='bbox 1330 3089 1665 3178; x_wconf 81' lang='grc' dir='ltr'>εἴργεσθαι</span> <span class='ocrx_word' id='word_1_248' title='bbox 1699 3089 1895 3157; x_wconf 79' lang='grc' dir='ltr'>αὐτὸν</span> <span class='ocrx_word' id='word_1_249' title='bbox 1930 3090 2102 3156; x_wconf 74' lang='grc' dir='ltr'>κατὰ</span> <span class='ocrx_word' id='word_1_250' title='bbox 2143 3087 2264 3172; x_wconf 84' lang='grc' dir='ltr'><strong>τὴν</strong></span> <span class='ocrx_word' id='word_1_251' title='bbox 2303 3093 2425 3155; x_wconf 86' lang='grc' dir='ltr'><strong>τοῦ</strong></span> <span class='ocrx_word' id='word_1_252' title='bbox 2469 3089 2754 3155; x_wconf 89' lang='grc' dir='ltr'>Παύλου</span> <span class='ocrx_word' id='word_1_253' title='bbox 2780 3119 2858 3186; x_wconf 82' lang='lat'><strong>25</strong></span> 
     </span>
     <span class='ocr_line' id='line_1_27' title="bbox 340 3190 2757 3279; baseline -0.001 -22"><span class='ocrx_word' id='word_1_254' title='bbox 340 3190 727 3275; x_wconf 80' lang='grc' dir='ltr'>νομοθεσίαν</span> <span class='ocrx_word' id='word_1_255' title='bbox 769 3195 885 3273; x_wconf 76' lang='grc' dir='ltr'><strong>τῆς</strong></span> <span class='ocrx_word' id='word_1_256' title='bbox 924 3191 1014 3263; x_wconf 81' lang='grc' dir='ltr'><strong>εἰς</strong></span> <span class='ocrx_word' id='word_1_257' title='bbox 1056 3192 1178 3274; x_wconf 85' lang='grc' dir='ltr'><strong>τὴν</strong></span> <span class='ocrx_word' id='word_1_258' title='bbox 1213 3194 1585 3274; x_wconf 83' lang='grc' dir='ltr'>ἐπισκοπὴν</span> <span class='ocrx_word' id='word_1_259' title='bbox 1616 3193 1919 3279; x_wconf 87' lang='grc' dir='ltr'>παρόδου.</span> <span class='ocrx_word' id='word_1_260' title='bbox 2008 3196 2204 3259; x_wconf 87' lang='grc' dir='ltr'>τοῦτο</span> <span class='ocrx_word' id='word_1_261' title='bbox 2236 3191 2539 3279; x_wconf 84' lang='grc' dir='ltr'>εἰρῆσθαι</span> <span class='ocrx_word' id='word_1_262' title='bbox 2567 3190 2757 3279; x_wconf 77' lang='grc' dir='ltr'>παρὰ</span> 
     </span>
     <span class='ocr_line' id='line_1_28' title="bbox 339 3293 2756 3382; baseline 0 -23"><span class='ocrx_word' id='word_1_263' title='bbox 339 3299 458 3360; x_wconf 86' lang='grc' dir='ltr'><strong>τοῦ</strong></span> <span class='ocrx_word' id='word_1_264' title='bbox 497 3296 1001 3382; x_wconf 85' lang='grc' dir='ltr'>μακαριωτάτου</span> <span class='ocrx_word' id='word_1_265' title='bbox 1034 3293 1312 3362; x_wconf 92' lang='grc' dir='ltr'>Παύλου</span> <span class='ocrx_word' id='word_1_266' title='bbox 1357 3294 1735 3375; x_wconf 85' lang='grc' dir='ltr'>νενοηκότας</span> <span class='ocrx_word' id='word_1_267' title='bbox 1773 3294 1952 3366; x_wconf 81' lang='grc' dir='ltr'>τινὰς</span> <span class='ocrx_word' id='word_1_268' title='bbox 1993 3293 2171 3361; x_wconf 82' lang='grc' dir='ltr'>πάνυ</span> <span class='ocrx_word' id='word_1_269' title='bbox 2209 3321 2285 3377; x_wconf 61' lang='grc' dir='ltr'><strong>*γε</strong></span> <span class='ocrx_word' id='word_1_270' title='bbox 2321 3294 2756 3382; x_wconf 76' lang='grc' dir='ltr'>ἀποδέχομαι,</span> 
     </span>
     <span class='ocr_line' id='line_1_29' title="bbox 334 3396 2757 3486; baseline 0.002 -24"><span class='ocrx_word' id='word_1_271' title='bbox 334 3398 638 3481; x_wconf 82' lang='grc' dir='ltr'>μάλιστα</span> <span class='ocrx_word' id='word_1_272' title='bbox 679 3398 949 3465; x_wconf 86' lang='grc' dir='ltr'>πάντων</span> <span class='ocrx_word' id='word_1_273' title='bbox 993 3397 1069 3464; x_wconf 81' lang='grc' dir='ltr'><strong>οὕ</strong></span> <span class='ocrx_word' id='word_1_274' title='bbox 1125 3399 1502 3480; x_wconf 86' lang='grc' dir='ltr'>πειθόμενος</span> <span class='ocrx_word' id='word_1_275' title='bbox 1547 3398 1653 3464; x_wconf 82' lang='grc' dir='ltr'><strong>ὅτι</strong></span> <span class='ocrx_word' id='word_1_276' title='bbox 1697 3396 1731 3463; x_wconf 84' lang='grc' dir='ltr'>ὁ</span> <span class='ocrx_word' id='word_1_277' title='bbox 1776 3398 1891 3483; x_wconf 77' lang='grc' dir='ltr'><strong>τὸν</strong></span> <span class='ocrx_word' id='word_1_278' title='bbox 1934 3396 2230 3486; x_wconf 88' lang='grc' dir='ltr'>δεύτερον</span> <span class='ocrx_word' id='word_1_279' title='bbox 2272 3398 2482 3481; x_wconf 62' lang='grc' dir='ltr'>«γάμον</span> <span class='ocrx_word' id='word_1_280' title='bbox 2526 3396 2757 3481; x_wconf 71' lang='grc' dir='ltr'>ὁμοίως</span> 
     </span>
    </p>

    <p class='ocr_par' dir='ltr' id='par_1_4' title="bbox 334 3531 2770 3682">
     <span class='ocr_line' id='line_1_30' title="bbox 438 3531 2770 3600; baseline -0.001 -15"><span class='ocrx_word' id='word_1_281' title='bbox 438 3550 468 3600; x_wconf 79' lang='lat'>3</span> <span class='ocrx_word' id='word_1_282' title='bbox 500 3550 618 3586; x_wconf 73' lang='lat' dir='ltr'><strong>ear</strong></span> <span class='ocrx_word' id='word_1_283' title='bbox 766 3548 793 3598; x_wconf 85' lang='lat'>5</span> <span class='ocrx_word' id='word_1_284' title='bbox 828 3536 894 3585; x_wconf 87' lang='lat' dir='ltr'><strong>ab</strong></span> <span class='ocrx_word' id='word_1_285' title='bbox 925 3535 1025 3585; x_wconf 86' lang='lat' dir='ltr'><strong>illis</strong></span> <span class='ocrx_word' id='word_1_286' title='bbox 1053 3551 1131 3585; x_wconf 83' lang='lat' dir='ltr'><strong>om</strong></span> <span class='ocrx_word' id='word_1_287' title='bbox 1161 3535 1250 3584; x_wconf 88' lang='lat' dir='ltr'><strong>Cr</strong></span> <span class='ocrx_word' id='word_1_288' title='bbox 1402 3546 1429 3595; x_wconf 87' lang='lat'><strong>7</strong></span> <span class='ocrx_word' id='word_1_289' title='bbox 1464 3535 1528 3584; x_wconf 81' lang='lat' dir='ltr'><strong>ad</strong></span> <span class='ocrx_word' id='word_1_290' title='bbox 1562 3550 1641 3583; x_wconf 88' lang='lat' dir='ltr'><strong>om</strong></span> <span class='ocrx_word' id='word_1_291' title='bbox 1685 3534 1857 3585; x_wconf 68' lang='lat' dir='ltr'><strong>C&#39;H</strong></span> <span class='ocrx_word' id='word_1_292' title='bbox 1999 3546 2032 3598; x_wconf 87' lang='lat'>9</span> <span class='ocrx_word' id='word_1_293' title='bbox 2063 3534 2218 3585; x_wconf 88' lang='lat' dir='ltr'><strong>sitens</strong></span> <span class='ocrx_word' id='word_1_294' title='bbox 2243 3534 2358 3600; x_wconf 84' lang='lat' dir='ltr'><strong>(sor</strong></span> <span class='ocrx_word' id='word_1_295' title='bbox 2377 3531 2574 3598; x_wconf 85' lang='lat' dir='ltr'><strong>sistens)</strong></span> <span class='ocrx_word' id='word_1_296' title='bbox 2605 3533 2770 3583; x_wconf 76' lang='lat' dir='ltr'><strong>C*H</strong></span> 
     </span>
     <span class='ocr_line' id='line_1_31' title="bbox 334 3602 2756 3682; baseline -0.002 -13"><span class='ocrx_word' id='word_1_297' title='bbox 334 3617 402 3669; x_wconf 73' lang='lat' dir='ltr'><strong>sit</strong></span> <span class='ocrx_word' id='word_1_298' title='bbox 422 3617 531 3668; x_wconf 79' lang='lat' dir='ltr'><strong>eius</strong></span> <span class='ocrx_word' id='word_1_299' title='bbox 552 3633 586 3666; x_wconf 88' lang='lat' dir='ltr'><strong>r</strong></span> <span class='ocrx_word' id='word_1_300' title='bbox 732 3632 791 3668; x_wconf 78' lang='grc' dir='ltr'>ιο</span> <span class='ocrx_word' id='word_1_301' title='bbox 822 3633 983 3682; x_wconf 86' lang='lat' dir='ltr'><strong>eoque</strong></span> <span class='ocrx_word' id='word_1_302' title='bbox 1007 3616 1124 3681; x_wconf 79' lang='lat' dir='ltr'><strong>(fhr</strong></span> <span class='ocrx_word' id='word_1_303' title='bbox 1141 3613 1438 3681; x_wconf 86' lang='lat' dir='ltr'><strong>eodemque)</strong></span> <span class='ocrx_word' id='word_1_304' title='bbox 1462 3632 1495 3664; x_wconf 88' lang='lat' dir='ltr'><strong>r</strong></span> <span class='ocrx_word' id='word_1_305' title='bbox 1651 3630 1704 3664; x_wconf 84' lang='lat'><strong>11</strong></span> <span class='ocrx_word' id='word_1_306' title='bbox 1743 3615 1998 3681; x_wconf 84' lang='lat' dir='ltr'><strong>prohiberi</strong></span> <span class='ocrx_word' id='word_1_307' title='bbox 2022 3631 2055 3665; x_wconf 85' lang='lat' dir='ltr'><strong>r</strong></span> <span class='ocrx_word' id='word_1_308' title='bbox 2188 3630 2245 3664; x_wconf 71' lang='grc' dir='ltr'>ια</span> <span class='ocrx_word' id='word_1_309' title='bbox 2281 3602 2643 3664; x_wconf 77' lang='lat' dir='ltr'><strong>diffinctione&#39;m</strong></span> <span class='ocrx_word' id='word_1_310' title='bbox 2670 3612 2756 3664; x_wconf 75' lang='lat' dir='ltr'><strong>C*</strong></span> 
     </span>
    </p>
   </div>
   <div class='ocr_carea' id='block_1_4' title="bbox 337 3696 2761 3844">
    <p class='ocr_par' dir='ltr' id='par_1_5' title="bbox 337 3696 2761 3844">
     <span class='ocr_line' id='line_1_32' title="bbox 337 3696 2761 3763; baseline -0.001 -13"><span class='ocrx_word' id='word_1_311' title='bbox 337 3699 698 3750; x_wconf 85' lang='lat' dir='ltr'><strong>deffinitionem</strong></span> <span class='ocrx_word' id='word_1_312' title='bbox 726 3699 772 3748; x_wconf 90' lang='lat' dir='ltr'><em>C</em></span> <span class='ocrx_word' id='word_1_313' title='bbox 791 3696 936 3763; x_wconf 78' lang='lat' dir='ltr'><strong>(corr)</strong></span> <span class='ocrx_word' id='word_1_314' title='bbox 982 3698 1314 3749; x_wconf 86' lang='lat' dir='ltr'><strong>difinitionem</strong></span> <span class='ocrx_word' id='word_1_315' title='bbox 1338 3699 1403 3748; x_wconf 83' lang='lat' dir='ltr'><em>H</em></span> <span class='ocrx_word' id='word_1_316' title='bbox 1437 3696 1788 3748; x_wconf 87' lang='lat' dir='ltr'><strong>diffinitionem</strong></span> <span class='ocrx_word' id='word_1_317' title='bbox 1810 3714 1844 3746; x_wconf 83' lang='lat' dir='ltr'><strong>r</strong></span> <span class='ocrx_word' id='word_1_318' title='bbox 1999 3713 2055 3761; x_wconf 79' lang='lat'><strong>13</strong></span> <span class='ocrx_word' id='word_1_319' title='bbox 2090 3697 2364 3746; x_wconf 83' lang='lat' dir='ltr'><strong>definctum</strong></span> <span class='ocrx_word' id='word_1_320' title='bbox 2391 3697 2435 3746; x_wconf 92' lang='lat' dir='ltr'><em>C</em></span> <span class='ocrx_word' id='word_1_321' title='bbox 2444 3696 2552 3746; x_wconf 79' lang='lat' dir='ltr'><strong>*H</strong></span> <span class='ocrx_word' id='word_1_322' title='bbox 2569 3696 2578 3762; x_wconf 80' lang='grc' dir='ltr'>Ι</span> <span class='ocrx_word' id='word_1_323' title='bbox 2609 3697 2761 3749; x_wconf 83' lang='lat' dir='ltr'><strong>fuisse</strong></span> 
     </span>
     <span class='ocr_line' id='line_1_33' title="bbox 339 3775 2759 3844; baseline -0.002 -14"><span class='ocrx_word' id='word_1_324' title='bbox 339 3781 408 3830; x_wconf 85' lang='lat' dir='ltr'><em>H</em></span> <span class='ocrx_word' id='word_1_325' title='bbox 548 3796 609 3843; x_wconf 84' lang='lat'><strong>¹4</strong></span> <span class='ocrx_word' id='word_1_326' title='bbox 640 3780 707 3830; x_wconf 76' lang='lat' dir='ltr'><strong>ab</strong></span> <span class='ocrx_word' id='word_1_327' title='bbox 731 3779 829 3844; x_wconf 82' lang='lat' dir='ltr'><strong>(ast</strong></span> <span class='ocrx_word' id='word_1_328' title='bbox 847 3779 1077 3843; x_wconf 84' lang='lat' dir='ltr'><strong>suadeor)</strong></span> <span class='ocrx_word' id='word_1_329' title='bbox 1100 3779 1205 3829; x_wconf 86' lang='lat' dir='ltr'><strong>add</strong></span> <span class='ocrx_word' id='word_1_330' title='bbox 1220 3796 1252 3829; x_wconf 87' lang='lat' dir='ltr'><strong>r</strong></span> <span class='ocrx_word' id='word_1_331' title='bbox 1279 3775 1288 3842; x_wconf 88' lang='grc' dir='ltr'>Ι</span> <span class='ocrx_word' id='word_1_332' title='bbox 1315 3777 1569 3843; x_wconf 83' lang='lat' dir='ltr'><strong>praecepit</strong></span> <span class='ocrx_word' id='word_1_333' title='bbox 1592 3794 1625 3827; x_wconf 87' lang='lat' dir='ltr'><strong>r</strong></span> <span class='ocrx_word' id='word_1_334' title='bbox 1776 3792 1832 3842; x_wconf 88' lang='lat'><strong>17</strong></span> <span class='ocrx_word' id='word_1_335' title='bbox 1868 3777 2079 3840; x_wconf 71' lang='grc' dir='ltr'>ἑταίραις</span> <span class='ocrx_word' id='word_1_336' title='bbox 2101 3775 2199 3837; x_wconf 80' lang='lat' dir='ltr'><strong>(for</strong></span> <span class='ocrx_word' id='word_1_337' title='bbox 2223 3776 2423 3838; x_wconf 74' lang='grc' dir='ltr'>ἑτέραις)</span> <span class='ocrx_word' id='word_1_338' title='bbox 2447 3776 2559 3825; x_wconf 88' lang='lat' dir='ltr'><strong>cod.</strong></span> <span class='ocrx_word' id='word_1_339' title='bbox 2588 3775 2759 3838; x_wconf 83' lang='lat' dir='ltr'><strong>(corr.)</strong></span> 
     </span>
    </p>
   </div>
   <div class='ocr_carea' id='block_1_5' title="bbox 342 3903 2766 4543">
    <p class='ocr_par' dir='ltr' id='par_1_6' title="bbox 342 3903 2766 4543">
     <span class='ocr_line' id='line_1_34' title="bbox 413 3903 2765 3974; baseline -0.002 -15"><span class='ocrx_word' id='word_1_340' title='bbox 413 3926 490 3974; x_wconf 80' lang='lat'><strong>13.</strong></span> <span class='ocrx_word' id='word_1_341' title='bbox 556 3911 702 3960; x_wconf 83' lang='lat' dir='ltr'><strong>ualde</strong></span> <span class='ocrx_word' id='word_1_342' title='bbox 736 3909 928 3974; x_wconf 65' lang='lat' dir='ltr'><strong>respuo]</strong></span> <span class='ocrx_word' id='word_1_343' title='bbox 980 3909 1033 3959; x_wconf 88' lang='lat' dir='ltr'><strong>Is</strong></span> <span class='ocrx_word' id='word_1_344' title='bbox 1071 3908 1170 3958; x_wconf 85' lang='lat' dir='ltr'><strong>this</strong></span> <span class='ocrx_word' id='word_1_345' title='bbox 1205 3909 1503 3958; x_wconf 82' lang='lat' dir='ltr'><strong>marvellous</strong></span> <span class='ocrx_word' id='word_1_346' title='bbox 1602 3922 1654 3972; x_wconf 90' lang='lat' dir='ltr'><strong>p.</strong></span> <span class='ocrx_word' id='word_1_347' title='bbox 1690 3904 1796 3963; x_wconf 86' lang='lat'><strong>106,</strong></span> <span class='ocrx_word' id='word_1_348' title='bbox 1831 3906 1866 3956; x_wconf 91' lang='lat' dir='ltr'><strong>l.</strong></span> <span class='ocrx_word' id='word_1_349' title='bbox 1904 3921 1985 3969; x_wconf 80' lang='lat'><strong>24,</strong></span> <span class='ocrx_word' id='word_1_350' title='bbox 2034 3921 2115 3956; x_wconf 78' lang='lat' dir='ltr'><strong>vv,</strong></span> <span class='ocrx_word' id='word_1_351' title='bbox 2164 3904 2287 3966; x_wconf 81' lang='lat'><strong>11.]?</strong></span> <span class='ocrx_word' id='word_1_352' title='bbox 2368 3903 2443 3956; x_wconf 85' lang='lat' dir='ltr'><strong>Or</strong></span> <span class='ocrx_word' id='word_1_353' title='bbox 2496 3904 2539 3953; x_wconf 91' lang='lat' dir='ltr'><strong>is</strong></span> <span class='ocrx_word' id='word_1_354' title='bbox 2594 3912 2765 3969; x_wconf 81' lang='lat' dir='ltr'><strong>respuo</strong></span> 
     </span>
     <span class='ocr_line' id='line_1_35' title="bbox 342 3985 2761 4057; baseline -0.002 -16"><span class='ocrx_word' id='word_1_355' title='bbox 342 3992 627 4057; x_wconf 81' lang='lat' dir='ltr'><strong>perversion</strong></span> <span class='ocrx_word' id='word_1_356' title='bbox 673 3992 732 4042; x_wconf 85' lang='lat' dir='ltr'><strong>of</strong></span> <span class='ocrx_word' id='word_1_357' title='bbox 774 3992 860 4042; x_wconf 89' lang='lat' dir='ltr'><strong>the</strong></span> <span class='ocrx_word' id='word_1_358' title='bbox 907 3991 1007 4042; x_wconf 87' lang='lat' dir='ltr'><strong>Gk.</strong></span> <span class='ocrx_word' id='word_1_359' title='bbox 1057 4006 1123 4039; x_wconf 81' lang='lat' dir='ltr'><strong>an</strong></span> <span class='ocrx_word' id='word_1_360' title='bbox 1175 3989 1505 4040; x_wconf 87' lang='lat' dir='ltr'><strong>unconscious</strong></span> <span class='ocrx_word' id='word_1_361' title='bbox 1602 3987 1791 4051; x_wconf 87' lang='lat' dir='ltr'><strong>merely</strong></span> <span class='ocrx_word' id='word_1_362' title='bbox 1814 4004 1844 4037; x_wconf 81' lang='lat' dir='ltr'><strong>a</strong></span> <span class='ocrx_word' id='word_1_363' title='bbox 1866 3986 2066 4037; x_wconf 82' lang='lat' dir='ltr'><strong>clerical</strong></span> <span class='ocrx_word' id='word_1_364' title='bbox 2098 4002 2235 4037; x_wconf 83' lang='lat' dir='ltr'><strong>error</strong></span> <span class='ocrx_word' id='word_1_365' title='bbox 2266 3985 2340 4035; x_wconf 83' lang='lat' dir='ltr'><strong>sor</strong></span> <span class='ocrx_word' id='word_1_366' title='bbox 2362 3985 2572 4050; x_wconf 78' lang='lat' dir='ltr'><strong>recipio?</strong></span> <span class='ocrx_word' id='word_1_367' title='bbox 2637 3986 2662 4036; x_wconf 92' lang='lat'>1</span> <span class='ocrx_word' id='word_1_368' title='bbox 2685 3987 2761 4036; x_wconf 90' lang='lat' dir='ltr'><strong>in-</strong></span> 
     </span>
     <span class='ocr_line' id='line_1_36' title="bbox 343 4067 2765 4136; baseline -0.002 -14"><span class='ocrx_word' id='word_1_369' title='bbox 343 4087 480 4122; x_wconf 88' lang='lat' dir='ltr'><strong>error</strong></span> <span class='ocrx_word' id='word_1_370' title='bbox 512 4086 578 4121; x_wconf 88' lang='lat' dir='ltr'><strong>on</strong></span> <span class='ocrx_word' id='word_1_371' title='bbox 611 4072 699 4121; x_wconf 88' lang='lat' dir='ltr'><strong>the</strong></span> <span class='ocrx_word' id='word_1_372' title='bbox 728 4078 844 4136; x_wconf 81' lang='lat' dir='ltr'><strong>part</strong></span> <span class='ocrx_word' id='word_1_373' title='bbox 876 4071 935 4121; x_wconf 84' lang='lat' dir='ltr'><strong>of</strong></span> <span class='ocrx_word' id='word_1_374' title='bbox 962 4071 1049 4121; x_wconf 85' lang='lat' dir='ltr'><strong>the</strong></span> <span class='ocrx_word' id='word_1_375' title='bbox 1082 4070 1359 4129; x_wconf 81' lang='lat' dir='ltr'><strong>translator,</strong></span> <span class='ocrx_word' id='word_1_376' title='bbox 1389 4069 1504 4118; x_wconf 89' lang='lat' dir='ltr'><strong>who</strong></span> <span class='ocrx_word' id='word_1_377' title='bbox 1603 4071 1735 4121; x_wconf 87' lang='lat' dir='ltr'><strong>cline</strong></span> <span class='ocrx_word' id='word_1_378' title='bbox 1764 4077 1817 4119; x_wconf 91' lang='lat' dir='ltr'><strong>to</strong></span> <span class='ocrx_word' id='word_1_379' title='bbox 1847 4069 1933 4119; x_wconf 89' lang='lat' dir='ltr'><strong>the</strong></span> <span class='ocrx_word' id='word_1_380' title='bbox 1965 4070 2059 4118; x_wconf 88' lang='lat' dir='ltr'><strong>last</strong></span> <span class='ocrx_word' id='word_1_381' title='bbox 2090 4067 2428 4132; x_wconf 79' lang='lat' dir='ltr'><strong>explanation,</strong></span> <span class='ocrx_word' id='word_1_382' title='bbox 2457 4068 2546 4117; x_wconf 88' lang='lat' dir='ltr'><strong>but</strong></span> <span class='ocrx_word' id='word_1_383' title='bbox 2577 4067 2765 4132; x_wconf 83' lang='lat' dir='ltr'><strong>having</strong></span> 
     </span>
     <span class='ocr_line' id='line_1_37' title="bbox 344 4148 2766 4216; baseline -0.001 -14"><span class='ocrx_word' id='word_1_384' title='bbox 344 4153 435 4202; x_wconf 83' lang='lat' dir='ltr'><strong>has</strong></span> <span class='ocrx_word' id='word_1_385' title='bbox 468 4152 620 4202; x_wconf 78' lang='lat' dir='ltr'><strong>taken</strong></span> <span class='ocrx_word' id='word_1_386' title='bbox 645 4151 950 4213; x_wconf 68' lang='grc' dir='ltr'>ἀποδέχομαι</span> <span class='ocrx_word' id='word_1_387' title='bbox 971 4150 1048 4201; x_wconf 84' lang='lat' dir='ltr'><strong>sor</strong></span> <span class='ocrx_word' id='word_1_388' title='bbox 1070 4149 1422 4211; x_wconf 71' lang='grc' dir='ltr'>ἀποδοκιμάζω,</span> <span class='ocrx_word' id='word_1_389' title='bbox 1447 4164 1507 4199; x_wconf 87' lang='lat' dir='ltr'><strong>or</strong></span> <span class='ocrx_word' id='word_1_390' title='bbox 1604 4151 1782 4216; x_wconf 81' lang='lat' dir='ltr'><strong>regard</strong></span> <span class='ocrx_word' id='word_1_391' title='bbox 1820 4158 1873 4200; x_wconf 92' lang='lat' dir='ltr'><strong>to</strong></span> <span class='ocrx_word' id='word_1_392' title='bbox 1905 4151 1992 4200; x_wconf 89' lang='lat' dir='ltr'><strong>the</strong></span> <span class='ocrx_word' id='word_1_393' title='bbox 2024 4150 2309 4215; x_wconf 86' lang='lat' dir='ltr'><strong>possibility</strong></span> <span class='ocrx_word' id='word_1_394' title='bbox 2343 4148 2401 4198; x_wconf 87' lang='lat' dir='ltr'><strong>of</strong></span> <span class='ocrx_word' id='word_1_395' title='bbox 2432 4150 2517 4200; x_wconf 89' lang='lat' dir='ltr'><strong>the</strong></span> <span class='ocrx_word' id='word_1_396' title='bbox 2551 4150 2766 4200; x_wconf 80' lang='lat' dir='ltr'><strong>mistake</strong></span> 
     </span>
     <span class='ocr_line' id='line_1_38' title="bbox 344 4220 2763 4298; baseline -0.002 -13"><span class='ocrx_word' id='word_1_397' title='bbox 344 4253 376 4285; x_wconf 84' lang='lat' dir='ltr'><strong>a</strong></span> <span class='ocrx_word' id='word_1_398' title='bbox 417 4234 691 4286; x_wconf 81' lang='lat' dir='ltr'><strong>deliberate</strong></span> <span class='ocrx_word' id='word_1_399' title='bbox 744 4236 1022 4285; x_wconf 85' lang='lat' dir='ltr'><strong>correction</strong></span> <span class='ocrx_word' id='word_1_400' title='bbox 1077 4234 1144 4298; x_wconf 87' lang='lat' dir='ltr'><strong>by</strong></span> <span class='ocrx_word' id='word_1_401' title='bbox 1189 4249 1219 4283; x_wconf 86' lang='lat' dir='ltr'><strong>a</strong></span> <span class='ocrx_word' id='word_1_402' title='bbox 1256 4232 1504 4282; x_wconf 86' lang='lat' dir='ltr'><strong>monastic</strong></span> <span class='ocrx_word' id='word_1_403' title='bbox 1605 4232 1760 4295; x_wconf 86' lang='lat' dir='ltr'><strong>being</strong></span> <span class='ocrx_word' id='word_1_404' title='bbox 1801 4232 1900 4282; x_wconf 88' lang='lat' dir='ltr'><strong>due</strong></span> <span class='ocrx_word' id='word_1_405' title='bbox 1945 4238 1998 4280; x_wconf 89' lang='lat' dir='ltr'><strong>to</strong></span> <span class='ocrx_word' id='word_1_406' title='bbox 2041 4231 2129 4281; x_wconf 85' lang='lat' dir='ltr'><strong>the</strong></span> <span class='ocrx_word' id='word_1_407' title='bbox 2173 4220 2439 4281; x_wconf 83' lang='lat' dir='ltr'><strong>translator</strong></span> <span class='ocrx_word' id='word_1_408' title='bbox 2480 4231 2697 4291; x_wconf 84' lang='lat' dir='ltr'><strong>himself,</strong></span> <span class='ocrx_word' id='word_1_409' title='bbox 2736 4232 2763 4281; x_wconf 93' lang='lat'>1</span> 
     </span>
     <span class='ocr_line' id='line_1_39' title="bbox 346 4312 2766 4383; baseline -0.003 -15"><span class='ocrx_word' id='word_1_410' title='bbox 346 4317 556 4383; x_wconf 85' lang='lat' dir='ltr'><strong>copyist,</strong></span> <span class='ocrx_word' id='word_1_411' title='bbox 585 4316 808 4367; x_wconf 86' lang='lat' dir='ltr'><strong>shocked</strong></span> <span class='ocrx_word' id='word_1_412' title='bbox 832 4324 885 4366; x_wconf 82' lang='lat' dir='ltr'><strong>at</strong></span> <span class='ocrx_word' id='word_1_413' title='bbox 908 4317 993 4367; x_wconf 90' lang='lat' dir='ltr'><strong>the</strong></span> <span class='ocrx_word' id='word_1_414' title='bbox 1023 4324 1320 4381; x_wconf 81' lang='lat' dir='ltr'><strong>acceptance</strong></span> <span class='ocrx_word' id='word_1_415' title='bbox 1353 4314 1413 4365; x_wconf 85' lang='lat' dir='ltr'><strong>of</strong></span> <span class='ocrx_word' id='word_1_416' title='bbox 1438 4330 1506 4363; x_wconf 79' lang='lat' dir='ltr'><strong>an</strong></span> <span class='ocrx_word' id='word_1_417' title='bbox 1606 4313 1747 4362; x_wconf 84' lang='lat' dir='ltr'><strong>leave</strong></span> <span class='ocrx_word' id='word_1_418' title='bbox 1762 4312 1845 4362; x_wconf 90' lang='lat' dir='ltr'><strong>the</strong></span> <span class='ocrx_word' id='word_1_419' title='bbox 1864 4319 1970 4363; x_wconf 85' lang='lat' dir='ltr'><strong>text</strong></span> <span class='ocrx_word' id='word_1_420' title='bbox 1991 4312 2268 4363; x_wconf 84' lang='lat' dir='ltr'><strong>unaltered.</strong></span> <span class='ocrx_word' id='word_1_421' title='bbox 2304 4313 2416 4362; x_wconf 88' lang='lat' dir='ltr'><strong>The</strong></span> <span class='ocrx_word' id='word_1_422' title='bbox 2434 4312 2534 4362; x_wconf 88' lang='lat' dir='ltr'><strong>Gk.</strong></span> <span class='ocrx_word' id='word_1_423' title='bbox 2556 4312 2766 4377; x_wconf 81' lang='lat' dir='ltr'><strong>happily</strong></span> 
     </span>
     <span class='ocr_line' id='line_1_40' title="bbox 345 4394 2764 4466; baseline -0.003 -16"><span class='ocrx_word' id='word_1_424' title='bbox 345 4400 554 4466; x_wconf 87' lang='lat' dir='ltr'><strong>opinion</strong></span> <span class='ocrx_word' id='word_1_425' title='bbox 586 4415 644 4449; x_wconf 84' lang='lat' dir='ltr'><strong>so</strong></span> <span class='ocrx_word' id='word_1_426' title='bbox 678 4400 905 4465; x_wconf 83' lang='lat' dir='ltr'><strong>opposed</strong></span> <span class='ocrx_word' id='word_1_427' title='bbox 938 4406 992 4449; x_wconf 88' lang='lat' dir='ltr'><strong>to</strong></span> <span class='ocrx_word' id='word_1_428' title='bbox 1025 4397 1377 4449; x_wconf 79' lang='lat' dir='ltr'><strong>ecclesiastical</strong></span> <span class='ocrx_word' id='word_1_429' title='bbox 1410 4404 1504 4446; x_wconf 79' lang='lat' dir='ltr'><strong>tra·</strong></span> <span class='ocrx_word' id='word_1_430' title='bbox 1607 4395 1830 4445; x_wconf 84' lang='lat' dir='ltr'><strong>survives</strong></span> <span class='ocrx_word' id='word_1_431' title='bbox 1875 4401 1930 4444; x_wconf 90' lang='lat' dir='ltr'><strong>to</strong></span> <span class='ocrx_word' id='word_1_432' title='bbox 1973 4395 2091 4445; x_wconf 82' lang='lat' dir='ltr'><strong>bear</strong></span> <span class='ocrx_word' id='word_1_433' title='bbox 2136 4395 2338 4448; x_wconf 83' lang='lat' dir='ltr'><strong>witness</strong></span> <span class='ocrx_word' id='word_1_434' title='bbox 2375 4400 2431 4445; x_wconf 85' lang='lat' dir='ltr'><strong>to</strong></span> <span class='ocrx_word' id='word_1_435' title='bbox 2474 4394 2619 4447; x_wconf 57' lang='lat' dir='ltr'><strong>Th2’s</strong></span> <span class='ocrx_word' id='word_1_436' title='bbox 2662 4394 2764 4445; x_wconf 79' lang='lat' dir='ltr'><strong>real</strong></span> 
     </span>
     <span class='ocr_line' id='line_1_41' title="bbox 346 4476 1899 4543; baseline -0.006 -9"><span class='ocrx_word' id='word_1_437' title='bbox 346 4483 507 4534; x_wconf 86' lang='lat' dir='ltr'><strong>dition</strong></span> <span class='ocrx_word' id='word_1_438' title='bbox 546 4480 630 4543; x_wconf 82' lang='lat' dir='ltr'><strong>[cs.</strong></span> <span class='ocrx_word' id='word_1_439' title='bbox 670 4481 755 4532; x_wconf 87' lang='lat' dir='ltr'><strong>the</strong></span> <span class='ocrx_word' id='word_1_440' title='bbox 788 4488 1040 4534; x_wconf 86' lang='lat' dir='ltr'><strong>comment</strong></span> <span class='ocrx_word' id='word_1_441' title='bbox 1065 4478 1123 4531; x_wconf 82' lang='lat' dir='ltr'><strong>of</strong></span> <span class='ocrx_word' id='word_1_442' title='bbox 1151 4480 1237 4532; x_wconf 83' lang='lat' dir='ltr'><strong>the</strong></span> <span class='ocrx_word' id='word_1_443' title='bbox 1268 4478 1499 4539; x_wconf 83' lang='lat' dir='ltr'><strong>catenist,</strong></span> <span class='ocrx_word' id='word_1_444' title='bbox 1609 4476 1899 4530; x_wconf 86' lang='lat' dir='ltr'><strong>sentiment.</strong></span> 
     </span>
    </p>
   </div>
  </div>
 </body>
</html>
