<?xml version="1.0" encoding="UTF-8"?>
<!DOCTYPE html PUBLIC "-//W3C//DTD XHTML 1.0 Transitional//EN"
    "http://www.w3.org/TR/xhtml1/DTD/xhtml1-transitional.dtd">
<html xmlns="http://www.w3.org/1999/xhtml" xml:lang="en" lang="en">
 <head>
  <title>
</title>
<meta http-equiv="Content-Type" content="text/html;charset=utf-8" />
  <meta name='ocr-system' content='tesseract 3.04.00' />
  <meta name='ocr-capabilities' content='ocr_page ocr_carea ocr_par ocr_line ocrx_word'/>
</head>
<body>
  <div class='ocr_page' id='page_1' title='image "./theodoriepiscop02swetgoog_0327.png"; bbox 0 0 3221 5116; ppageno 0'>
   <div class='ocr_carea' id='block_1_1' title="bbox 488 387 1952 470">
    <p class='ocr_par' dir='ltr' id='par_1_1' title="bbox 488 387 1952 470">
     <span class='ocr_line' id='line_1_1' title="bbox 488 387 1952 470; baseline 0 -19"><span class='ocrx_word' id='word_1_1' title='bbox 488 387 617 470; x_wconf 83' lang='lat'><strong>316</strong></span> <span class='ocrx_word' id='word_1_2' title='bbox 1450 397 1829 449; x_wconf 71' lang='lat' dir='ltr'><strong>APPENDm</strong></span> <span class='ocrx_word' id='word_1_3' title='bbox 1876 397 1952 453; x_wconf 73' lang='grc' dir='ltr'><strong>Α..</strong></span> 
     </span>
    </p>
   </div>
   <div class='ocr_carea' id='block_1_2' title="bbox 384 568 2919 1625">
    <p class='ocr_par' dir='ltr' id='par_1_2' title="bbox 384 568 2919 1625">
     <span class='ocr_line' id='line_1_2' title="bbox 486 568 2908 650; baseline -0.002 -17"><span class='ocrx_word' id='word_1_4' title='bbox 486 573 654 650; x_wconf 92' lang='lat' dir='ltr'><strong>quod</strong></span> <span class='ocrx_word' id='word_1_5' title='bbox 681 573 761 633; x_wconf 90' lang='lat' dir='ltr'><strong>ab</strong></span> <span class='ocrx_word' id='word_1_6' title='bbox 788 586 863 632; x_wconf 89' lang='lat' dir='ltr'><strong>eo</strong></span> <span class='ocrx_word' id='word_1_7' title='bbox 891 571 1219 650; x_wconf 88' lang='lat' dir='ltr'><strong>regebatur,</strong></span> <span class='ocrx_word' id='word_1_8' title='bbox 1249 570 1328 631; x_wconf 90' lang='lat' dir='ltr'><strong>ab</strong></span> <span class='ocrx_word' id='word_1_9' title='bbox 1350 589 1425 631; x_wconf 90' lang='lat' dir='ltr'><strong>eo</strong></span> <span class='ocrx_word' id='word_1_10' title='bbox 1451 571 1531 632; x_wconf 88' lang='lat' dir='ltr'><strong>ad</strong></span> <span class='ocrx_word' id='word_1_11' title='bbox 1559 568 1841 632; x_wconf 86' lang='lat' dir='ltr'><strong>uirtutem</strong></span> <span class='ocrx_word' id='word_1_12' title='bbox 1869 568 2312 650; x_wconf 87' lang='lat' dir='ltr'><strong>propositorum</strong></span> <span class='ocrx_word' id='word_1_13' title='bbox 2342 570 2800 643; x_wconf 84' lang='lat' dir='ltr'>confortabatur,</span> <span class='ocrx_word' id='word_1_14' title='bbox 2824 572 2908 630; x_wconf 91' lang='lat' dir='ltr'><strong>ab</strong></span> 
     </span>
     <span class='ocr_line' id='line_1_3' title="bbox 486 669 2909 747; baseline -0.002 -16"><span class='ocrx_word' id='word_1_15' title='bbox 486 688 562 731; x_wconf 92' lang='lat' dir='ltr'><strong>eo</strong></span> <span class='ocrx_word' id='word_1_16' title='bbox 608 671 688 731; x_wconf 90' lang='lat' dir='ltr'><strong>ad</strong></span> <span class='ocrx_word' id='word_1_17' title='bbox 736 670 886 730; x_wconf 91' lang='lat' dir='ltr'><strong>haec</strong></span> <span class='ocrx_word' id='word_1_18' title='bbox 918 688 1074 746; x_wconf 92' lang='lat' dir='ltr'><strong>quae</strong></span> <span class='ocrx_word' id='word_1_19' title='bbox 1112 670 1430 746; x_wconf 83' lang='lat' dir='ltr'>oportebat</span> <span class='ocrx_word' id='word_1_20' title='bbox 1468 670 1816 745; x_wconf 82' lang='lat' dir='ltr'><strong>ducebatur,</strong></span> <span class='ocrx_word' id='word_1_21' title='bbox 1863 670 1944 731; x_wconf 90' lang='lat' dir='ltr'><strong>ab</strong></span> <span class='ocrx_word' id='word_1_22' title='bbox 1985 689 2061 731; x_wconf 91' lang='lat' dir='ltr'><strong>eo</strong></span> <span class='ocrx_word' id='word_1_23' title='bbox 2098 670 2264 747; x_wconf 90' lang='lat' dir='ltr'><strong>quod</strong></span> <span class='ocrx_word' id='word_1_24' title='bbox 2292 671 2549 730; x_wconf 84' lang='lat' dir='ltr'><strong>decebat</strong></span> <span class='ocrx_word' id='word_1_25' title='bbox 2576 669 2909 730; x_wconf 85' lang='lat' dir='ltr'><strong>docebatur</strong></span> 
     </span>
     <span class='ocr_line' id='line_1_4' title="bbox 483 764 2905 845; baseline -0.001 -18"><span class='ocrx_word' id='word_1_26' title='bbox 483 767 565 827; x_wconf 93' lang='lat' dir='ltr'><strong>ab</strong></span> <span class='ocrx_word' id='word_1_27' title='bbox 607 784 684 828; x_wconf 91' lang='lat' dir='ltr'><strong>eo</strong></span> <span class='ocrx_word' id='word_1_28' title='bbox 730 764 1194 845; x_wconf 81' lang='lat' dir='ltr'><strong>cogitationibus</strong></span> <span class='ocrx_word' id='word_1_29' title='bbox 1230 766 1724 828; x_wconf 86' lang='lat' dir='ltr'><strong>corroborabatur</strong></span> <span class='ocrx_word' id='word_1_30' title='bbox 1762 777 1829 827; x_wconf 92' lang='lat' dir='ltr'><strong>ut</strong></span> <span class='ocrx_word' id='word_1_31' title='bbox 1868 767 1946 828; x_wconf 90' lang='lat' dir='ltr'><strong>ad</strong></span> <span class='ocrx_word' id='word_1_32' title='bbox 1986 777 2216 828; x_wconf 89' lang='lat' dir='ltr'><strong>tantum</strong></span> <span class='ocrx_word' id='word_1_33' title='bbox 2255 778 2561 828; x_wconf 88' lang='lat' dir='ltr'><strong>certamen</strong></span> <span class='ocrx_word' id='word_1_34' title='bbox 2589 767 2905 826; x_wconf 88' lang='lat' dir='ltr'><strong>sufficeret.</strong></span> 
     </span>
     <span class='ocr_line' id='line_1_5' title="bbox 484 860 2919 941; baseline 0 -18"><span class='ocrx_word' id='word_1_35' title='bbox 484 861 660 924; x_wconf 89' lang='lat' dir='ltr'><strong>sicuti</strong></span> <span class='ocrx_word' id='word_1_36' title='bbox 701 874 762 924; x_wconf 94' lang='lat' dir='ltr'><strong>et</strong></span> <span class='ocrx_word' id='word_1_37' title='bbox 808 864 1022 924; x_wconf 90' lang='lat' dir='ltr'><strong>beatus</strong></span> <span class='ocrx_word' id='word_1_38' title='bbox 1065 860 1212 923; x_wconf 88' lang='lat' dir='ltr'><strong>dicit</strong></span> <span class='ocrx_word' id='word_1_39' title='bbox 1246 863 1495 925; x_wconf 87' lang='lat' dir='ltr'><strong>Paulus:</strong></span> <span class='ocrx_word' id='word_1_40' title='bbox 1535 866 1873 940; x_wconf 81' lang='lat' dir='ltr'><em>quicumque</em></span> <span class='ocrx_word' id='word_1_41' title='bbox 1904 865 2058 923; x_wconf 82' lang='lat' dir='ltr'><strong>enim</strong></span> <span class='ocrx_word' id='word_1_42' title='bbox 2094 865 2327 941; x_wconf 81' lang='lat' dir='ltr'><strong>Spiritu</strong></span> <span class='ocrx_word' id='word_1_43' title='bbox 2363 860 2491 924; x_wconf 73' lang='lat' dir='ltr'><strong>De&#39;i</strong></span> <span class='ocrx_word' id='word_1_44' title='bbox 2523 873 2799 941; x_wconf 79' lang='lat' dir='ltr'><strong>aguntur,</strong></span> <span class='ocrx_word' id='word_1_45' title='bbox 2837 864 2919 924; x_wconf 68' lang='lat' dir='ltr'><strong>hi</strong></span> 
     </span>
     <span class='ocr_line' id='line_1_6' title="bbox 423 958 2906 1042; baseline 0.001 -22"><span class='ocrx_word' id='word_1_46' title='bbox 423 982 455 1042; x_wconf 88' lang='lat'>5</span> <span class='ocrx_word' id='word_1_47' title='bbox 483 968 623 1020; x_wconf 81' lang='lat' dir='ltr'><strong>sunt</strong></span> <span class='ocrx_word' id='word_1_48' title='bbox 635 962 772 1038; x_wconf 79' lang='lat' dir='ltr'><strong>filii</strong></span> <span class='ocrx_word' id='word_1_49' title='bbox 796 960 1008 1032; x_wconf 78' lang='lat' dir='ltr'><strong>Dei*,·</strong></span> <span class='ocrx_word' id='word_1_50' title='bbox 1046 958 1186 1022; x_wconf 90' lang='lat' dir='ltr'><strong>duci</strong></span> <span class='ocrx_word' id='word_1_51' title='bbox 1215 959 1435 1038; x_wconf 89' lang='lat' dir='ltr'><strong>Spiritu</strong></span> <span class='ocrx_word' id='word_1_52' title='bbox 1470 959 1682 1022; x_wconf 88' lang='lat' dir='ltr'><strong>dicens</strong></span> <span class='ocrx_word' id='word_1_53' title='bbox 1717 960 1853 1023; x_wconf 90' lang='lat' dir='ltr'><strong>illos</strong></span> <span class='ocrx_word' id='word_1_54' title='bbox 1892 961 1997 1039; x_wconf 89' lang='lat' dir='ltr'><strong>qui</strong></span> <span class='ocrx_word' id='word_1_55' title='bbox 2040 962 2119 1022; x_wconf 90' lang='lat' dir='ltr'><strong>ab</strong></span> <span class='ocrx_word' id='word_1_56' title='bbox 2149 980 2225 1022; x_wconf 94' lang='lat' dir='ltr'><strong>eo</strong></span> <span class='ocrx_word' id='word_1_57' title='bbox 2257 962 2679 1039; x_wconf 85' lang='lat' dir='ltr'><strong>gubernantur,</strong></span> <span class='ocrx_word' id='word_1_58' title='bbox 2713 964 2793 1023; x_wconf 93' lang='lat' dir='ltr'><strong>ab</strong></span> <span class='ocrx_word' id='word_1_59' title='bbox 2826 981 2906 1023; x_wconf 93' lang='lat' dir='ltr'><strong>eo</strong></span> 
     </span>
     <span class='ocr_line' id='line_1_7' title="bbox 485 1057 2906 1136; baseline 0.001 -17"><span class='ocrx_word' id='word_1_60' title='bbox 485 1059 793 1133; x_wconf 86' lang='lat' dir='ltr'><strong>docentur,</strong></span> <span class='ocrx_word' id='word_1_61' title='bbox 822 1058 900 1119; x_wconf 93' lang='lat' dir='ltr'><strong>ab</strong></span> <span class='ocrx_word' id='word_1_62' title='bbox 929 1078 1005 1120; x_wconf 93' lang='lat' dir='ltr'><strong>eo</strong></span> <span class='ocrx_word' id='word_1_63' title='bbox 1031 1059 1112 1120; x_wconf 92' lang='lat' dir='ltr'><strong>ad</strong></span> <span class='ocrx_word' id='word_1_64' title='bbox 1141 1058 1353 1119; x_wconf 89' lang='lat' dir='ltr'><strong>melius</strong></span> <span class='ocrx_word' id='word_1_65' title='bbox 1380 1057 1840 1133; x_wconf 87' lang='lat' dir='ltr'><strong>constituuntur,</strong></span> <span class='ocrx_word' id='word_1_66' title='bbox 1861 1058 1940 1119; x_wconf 93' lang='lat' dir='ltr'><strong>ab</strong></span> <span class='ocrx_word' id='word_1_67' title='bbox 1968 1078 2043 1120; x_wconf 89' lang='lat' dir='ltr'><strong>eo</strong></span> <span class='ocrx_word' id='word_1_68' title='bbox 2071 1058 2544 1136; x_wconf 87' lang='lat' dir='ltr'><strong>competentium</strong></span> <span class='ocrx_word' id='word_1_69' title='bbox 2567 1059 2906 1121; x_wconf 85' lang='lat' dir='ltr'><strong>doctrinam</strong></span> 
     </span>
     <span class='ocr_line' id='line_1_8' title="bbox 484 1154 2906 1237; baseline -0 -18"><span class='ocrx_word' id='word_1_70' title='bbox 484 1157 804 1237; x_wconf 85' lang='lat' dir='ltr'><strong>accipiunt.</strong></span> <span class='ocrx_word' id='word_1_71' title='bbox 887 1176 1028 1218; x_wconf 89' lang='lat' dir='ltr'><strong>cum</strong></span> <span class='ocrx_word' id='word_1_72' title='bbox 1071 1154 1318 1218; x_wconf 84' lang='lat' dir='ltr'><strong>dixisset</strong></span> <span class='ocrx_word' id='word_1_73' title='bbox 1354 1167 1558 1217; x_wconf 87' lang='lat' dir='ltr'><strong>autem</strong></span> <span class='ocrx_word' id='word_1_74' title='bbox 1596 1156 1962 1234; x_wconf 87' lang='lat' dir='ltr'><strong>euangelista</strong></span> <span class='ocrx_word' id='word_1_75' title='bbox 1997 1158 2164 1235; x_wconf 91' lang='lat' dir='ltr'><strong>quod</strong></span> <span class='ocrx_word' id='word_1_76' title='bbox 2202 1159 2437 1237; x_wconf 71' lang='lat' dir='ltr'><strong>Spiritu</strong></span> <span class='ocrx_word' id='word_1_77' title='bbox 2475 1166 2668 1219; x_wconf 83' lang='lat' dir='ltr'><strong>sancto</strong></span> <span class='ocrx_word' id='word_1_78' title='bbox 2695 1160 2906 1236; x_wconf 83' lang='lat' dir='ltr'><strong>plenus</strong></span> 
     </span>
     <span class='ocr_line' id='line_1_9' title="bbox 483 1252 2909 1334; baseline 0.001 -20"><span class='ocrx_word' id='word_1_79' title='bbox 483 1274 766 1334; x_wconf 75' lang='lat' dir='ltr'><em>regressus</em></span> <span class='ocrx_word' id='word_1_80' title='bbox 797 1259 883 1315; x_wconf 83' lang='lat' dir='ltr'><strong>est</strong></span> <span class='ocrx_word' id='word_1_81' title='bbox 913 1274 954 1313; x_wconf 89' lang='lat' dir='ltr'><strong>a</strong></span> <span class='ocrx_word' id='word_1_82' title='bbox 979 1253 1236 1314; x_wconf 81' lang='lat' dir='ltr'><strong>Iordane</strong></span> <span class='ocrx_word' id='word_1_83' title='bbox 1248 1252 1301 1327; x_wconf 91' lang='lat'><strong>†,</strong></span> <span class='ocrx_word' id='word_1_84' title='bbox 1331 1263 1538 1331; x_wconf 87' lang='lat' dir='ltr'><strong>aperte</strong></span> <span class='ocrx_word' id='word_1_85' title='bbox 1566 1252 1999 1314; x_wconf 88' lang='lat' dir='ltr'><strong>demonstrauit</strong></span> <span class='ocrx_word' id='word_1_86' title='bbox 2034 1255 2202 1332; x_wconf 93' lang='lat' dir='ltr'><strong>quod</strong></span> <span class='ocrx_word' id='word_1_87' title='bbox 2229 1254 2407 1332; x_wconf 83' lang='lat' dir='ltr'><strong>huius</strong></span> <span class='ocrx_word' id='word_1_88' title='bbox 2434 1274 2618 1315; x_wconf 89' lang='lat' dir='ltr'><strong>causa</strong></span> <span class='ocrx_word' id='word_1_89' title='bbox 2652 1253 2909 1332; x_wconf 88' lang='lat' dir='ltr'><strong>Spiritus</strong></span> 
     </span>
     <span class='ocr_line' id='line_1_10' title="bbox 484 1349 2910 1432; baseline -0 -18"><span class='ocrx_word' id='word_1_90' title='bbox 484 1351 675 1414; x_wconf 88' lang='lat' dir='ltr'><strong>sancti</strong></span> <span class='ocrx_word' id='word_1_91' title='bbox 713 1351 1145 1414; x_wconf 83' lang='lat' dir='ltr'><strong>habitationem</strong></span> <span class='ocrx_word' id='word_1_92' title='bbox 1184 1350 1248 1412; x_wconf 90' lang='lat' dir='ltr'><strong>in</strong></span> <span class='ocrx_word' id='word_1_93' title='bbox 1284 1349 1646 1429; x_wconf 90' lang='lat' dir='ltr'><strong>baptismate</strong></span> <span class='ocrx_word' id='word_1_94' title='bbox 1685 1351 1964 1430; x_wconf 90' lang='lat' dir='ltr'><strong>suscepit,</strong></span> <span class='ocrx_word' id='word_1_95' title='bbox 1995 1363 2061 1413; x_wconf 94' lang='lat' dir='ltr'><strong>ut</strong></span> <span class='ocrx_word' id='word_1_96' title='bbox 2088 1351 2232 1414; x_wconf 87' lang='lat' dir='ltr'><strong>inde</strong></span> <span class='ocrx_word' id='word_1_97' title='bbox 2258 1352 2631 1432; x_wconf 89' lang='lat' dir='ltr'><strong>propositam</strong></span> <span class='ocrx_word' id='word_1_98' title='bbox 2660 1363 2910 1432; x_wconf 89' lang='lat' dir='ltr'><strong>caperet</strong></span> 
     </span>
     <span class='ocr_line' id='line_1_11' title="bbox 384 1448 2902 1529; baseline -0.002 -13"><span class='ocrx_word' id='word_1_99' title='bbox 384 1477 459 1517; x_wconf 89' lang='lat'><strong>10</strong></span> <span class='ocrx_word' id='word_1_100' title='bbox 484 1449 778 1512; x_wconf 86' lang='lat' dir='ltr'><strong>uirtutem.</strong></span> <span class='ocrx_word' id='word_1_101' title='bbox 864 1450 1028 1512; x_wconf 91' lang='lat' dir='ltr'><strong>unde</strong></span> <span class='ocrx_word' id='word_1_102' title='bbox 1056 1460 1117 1511; x_wconf 91' lang='lat' dir='ltr'><strong>et</strong></span> <span class='ocrx_word' id='word_1_103' title='bbox 1144 1450 1223 1510; x_wconf 92' lang='lat' dir='ltr'><strong>ad</strong></span> <span class='ocrx_word' id='word_1_104' title='bbox 1251 1461 1555 1510; x_wconf 87' lang='lat' dir='ltr'><strong>certamen</strong></span> <span class='ocrx_word' id='word_1_105' title='bbox 1584 1448 1733 1510; x_wconf 91' lang='lat' dir='ltr'><strong>illud</strong></span> <span class='ocrx_word' id='word_1_106' title='bbox 1773 1451 1941 1528; x_wconf 91' lang='lat' dir='ltr'><strong>quod</strong></span> <span class='ocrx_word' id='word_1_107' title='bbox 1977 1469 2088 1529; x_wconf 93' lang='lat' dir='ltr'><strong>pro</strong></span> <span class='ocrx_word' id='word_1_108' title='bbox 2116 1450 2291 1512; x_wconf 90' lang='lat' dir='ltr'><strong>nobis</strong></span> <span class='ocrx_word' id='word_1_109' title='bbox 2328 1462 2452 1513; x_wconf 91' lang='lat' dir='ltr'><strong>erat</strong></span> <span class='ocrx_word' id='word_1_110' title='bbox 2481 1452 2561 1512; x_wconf 90' lang='lat' dir='ltr'><strong>ad</strong></span> <span class='ocrx_word' id='word_1_111' title='bbox 2588 1450 2902 1512; x_wconf 86' lang='lat' dir='ltr'><strong>diabolum</strong></span> 
     </span>
     <span class='ocr_line' id='line_1_12' title="bbox 483 1544 1425 1625; baseline -0.001 -17"><span class='ocrx_word' id='word_1_112' title='bbox 483 1547 798 1608; x_wconf 83' lang='lat' dir='ltr'><strong>effecturus</strong></span> <span class='ocrx_word' id='word_1_113' title='bbox 827 1544 1051 1625; x_wconf 87' lang='lat' dir='ltr'><strong>Spiritu</strong></span> <span class='ocrx_word' id='word_1_114' title='bbox 1078 1545 1425 1608; x_wconf 88' lang='lat' dir='ltr'><strong>ducebatur.</strong></span> 
     </span>
    </p>
   </div>
   <div class='ocr_carea' id='block_1_3' title="bbox 531 1779 2842 1865">
    <p class='ocr_par' dir='ltr' id='par_1_3' title="bbox 531 1779 2842 1865">
     <span class='ocr_line' id='line_1_13' title="bbox 531 1779 2842 1865; baseline 0 -23"><span class='ocrx_word' id='word_1_115' title='bbox 531 1800 581 1859; x_wconf 87' lang='lat'><strong>7.</strong></span> <span class='ocrx_word' id='word_1_116' title='bbox 669 1781 827 1865; x_wconf 90' lang='lat' dir='ltr'><strong>[Act.</strong></span> <span class='ocrx_word' id='word_1_117' title='bbox 862 1784 1051 1845; x_wconf 89' lang='lat' dir='ltr'><strong>Cone.</strong></span> <span class='ocrx_word' id='word_1_118' title='bbox 1080 1784 1204 1845; x_wconf 91' lang='lat' dir='ltr'><strong>CP.</strong></span> <span class='ocrx_word' id='word_1_119' title='bbox 1239 1779 1295 1842; x_wconf 85' lang='lat' dir='ltr'><strong>ii.</strong></span> <span class='ocrx_word' id='word_1_120' title='bbox 1332 1799 1409 1843; x_wconf 81' lang='grc' dir='ltr'><strong>ιν.</strong></span> <span class='ocrx_word' id='word_1_121' title='bbox 1447 1800 1478 1860; x_wconf 91' lang='lat'>7</span> <span class='ocrx_word' id='word_1_122' title='bbox 1513 1783 1657 1864; x_wconf 79' lang='lat' dir='ltr'><strong>(⁸‘et</strong></span> <span class='ocrx_word' id='word_1_123' title='bbox 1686 1796 1823 1863; x_wconf 90' lang='lat' dir='ltr'><strong>post</strong></span> <span class='ocrx_word' id='word_1_124' title='bbox 1850 1781 1969 1846; x_wconf 90' lang='lat' dir='ltr'><strong>alia</strong></span> <span class='ocrx_word' id='word_1_125' title='bbox 1990 1785 2060 1865; x_wconf 79' lang='lat'><strong>&#39;&#39;).</strong></span> <span class='ocrx_word' id='word_1_126' title='bbox 2148 1784 2282 1864; x_wconf 87' lang='lat' dir='ltr'><strong>Vig.</strong></span> <span class='ocrx_word' id='word_1_127' title='bbox 2320 1802 2373 1863; x_wconf 87' lang='lat'><strong>7.</strong></span> <span class='ocrx_word' id='word_1_128' title='bbox 2459 1787 2660 1863; x_wconf 86' lang='lat' dir='ltr'><strong>Pelag.</strong></span> <span class='ocrx_word' id='word_1_129' title='bbox 2687 1784 2726 1844; x_wconf 83' lang='lat' dir='ltr'><strong>l.</strong></span> <span class='ocrx_word' id='word_1_130' title='bbox 2748 1780 2842 1865; x_wconf 88' lang='lat' dir='ltr'><em>c.].</em></span> 
     </span>
    </p>
   </div>
   <div class='ocr_carea' id='block_1_4' title="bbox 381 1911 2908 3049">
    <p class='ocr_par' dir='ltr' id='par_1_4' title="bbox 483 1911 2905 2186">
     <span class='ocr_line' id='line_1_14' title="bbox 607 1911 2905 1994; baseline 0.001 -21"><span class='ocrx_word' id='word_1_131' title='bbox 607 1912 830 1973; x_wconf 90' lang='lat' dir='ltr'><strong>Dicant</strong></span> <span class='ocrx_word' id='word_1_132' title='bbox 849 1911 1025 1991; x_wconf 88' lang='lat' dir='ltr'><strong>igitur</strong></span> <span class='ocrx_word' id='word_1_133' title='bbox 1039 1911 1216 1974; x_wconf 90' lang='lat' dir='ltr'><strong>nobis</strong></span> <span class='ocrx_word' id='word_1_134' title='bbox 1234 1911 1502 1973; x_wconf 88' lang='lat' dir='ltr'><strong>omnium</strong></span> <span class='ocrx_word' id='word_1_135' title='bbox 1520 1911 1971 1992; x_wconf 85' lang='lat' dir='ltr'><strong>sapientissimi:</strong></span> <span class='ocrx_word' id='word_1_136' title='bbox 2000 1912 2048 1975; x_wconf 91' lang='lat' dir='ltr'><strong>si</strong></span> <span class='ocrx_word' id='word_1_137' title='bbox 2067 1934 2178 1994; x_wconf 93' lang='lat' dir='ltr'><strong>pro</strong></span> <span class='ocrx_word' id='word_1_138' title='bbox 2195 1934 2373 1976; x_wconf 87' lang='lat' dir='ltr'><strong>sensu</strong></span> <span class='ocrx_word' id='word_1_139' title='bbox 2391 1914 2642 1977; x_wconf 89' lang='lat' dir='ltr'><strong>domino</strong></span> <span class='ocrx_word' id='word_1_140' title='bbox 2659 1913 2905 1977; x_wconf 89' lang='lat' dir='ltr'><strong>Christo</strong></span> 
     </span>
     <span class='ocr_line' id='line_1_15' title="bbox 483 2007 2904 2089; baseline 0.001 -20"><span class='ocrx_word' id='word_1_141' title='bbox 483 2008 587 2087; x_wconf 89' lang='lat' dir='ltr'><strong>qui</strong></span> <span class='ocrx_word' id='word_1_142' title='bbox 634 2020 726 2071; x_wconf 89' lang='lat' dir='ltr'><strong>est</strong></span> <span class='ocrx_word' id='word_1_143' title='bbox 772 2008 1103 2070; x_wconf 88' lang='lat' dir='ltr'><strong>secundum</strong></span> <span class='ocrx_word' id='word_1_144' title='bbox 1146 2027 1386 2069; x_wconf 88' lang='lat' dir='ltr'><strong>carnem</strong></span> <span class='ocrx_word' id='word_1_145' title='bbox 1434 2007 1627 2070; x_wconf 90' lang='lat' dir='ltr'><strong>deitas</strong></span> <span class='ocrx_word' id='word_1_146' title='bbox 1669 2011 1828 2071; x_wconf 88' lang='lat' dir='ltr'><strong>sacta</strong></span> <span class='ocrx_word' id='word_1_147' title='bbox 1862 2021 2037 2085; x_wconf 88' lang='lat' dir='ltr'><strong>esset,</strong></span> <span class='ocrx_word' id='word_1_148' title='bbox 2073 2010 2227 2072; x_wconf 90' lang='lat' dir='ltr'><strong>sicut</strong></span> <span class='ocrx_word' id='word_1_149' title='bbox 2259 2011 2485 2087; x_wconf 88' lang='lat' dir='ltr'><strong>dicunt,</strong></span> <span class='ocrx_word' id='word_1_150' title='bbox 2525 2010 2673 2089; x_wconf 91' lang='lat' dir='ltr'><strong>quid</strong></span> <span class='ocrx_word' id='word_1_151' title='bbox 2707 2008 2904 2072; x_wconf 88' lang='lat' dir='ltr'><strong>sancti</strong></span> 
     </span>
     <span class='ocr_line' id='line_1_16' title="bbox 484 2103 2904 2186; baseline 0 -18"><span class='ocrx_word' id='word_1_152' title='bbox 484 2103 734 2184; x_wconf 88' lang='lat' dir='ltr'><strong>Spiritus</strong></span> <span class='ocrx_word' id='word_1_153' title='bbox 771 2104 1197 2184; x_wconf 87' lang='lat' dir='ltr'><strong>cooperatione</strong></span> <span class='ocrx_word' id='word_1_154' title='bbox 1232 2106 1312 2167; x_wconf 92' lang='lat' dir='ltr'><strong>ad</strong></span> <span class='ocrx_word' id='word_1_155' title='bbox 1349 2106 1498 2167; x_wconf 90' lang='lat' dir='ltr'><strong>haec</strong></span> <span class='ocrx_word' id='word_1_156' title='bbox 1538 2105 1811 2169; x_wconf 87' lang='lat' dir='ltr'><strong>Christus</strong></span> <span class='ocrx_word' id='word_1_157' title='bbox 1848 2105 2199 2185; x_wconf 77' lang='lat' dir='ltr'><strong>indigebat?</strong></span> <span class='ocrx_word' id='word_1_158' title='bbox 2238 2128 2354 2170; x_wconf 90' lang='lat' dir='ltr'><strong>nec</strong></span> <span class='ocrx_word' id='word_1_159' title='bbox 2389 2107 2551 2170; x_wconf 89' lang='lat' dir='ltr'><strong>enim</strong></span> <span class='ocrx_word' id='word_1_160' title='bbox 2590 2105 2904 2186; x_wconf 89' lang='lat' dir='ltr'><strong>Unigeniti</strong></span> 
     </span>
    </p>

    <p class='ocr_par' dir='ltr' id='par_1_5' title="bbox 384 2201 2908 2675">
     <span class='ocr_line' id='line_1_17' title="bbox 384 2201 2908 2284; baseline 0 -21"><span class='ocrx_word' id='word_1_161' title='bbox 384 2221 454 2280; x_wconf 90' lang='lat'><strong>15</strong></span> <span class='ocrx_word' id='word_1_162' title='bbox 483 2202 672 2264; x_wconf 86' lang='lat' dir='ltr'><strong>deitas</strong></span> <span class='ocrx_word' id='word_1_163' title='bbox 721 2201 942 2281; x_wconf 89' lang='lat' dir='ltr'><strong>Spiritu</strong></span> <span class='ocrx_word' id='word_1_164' title='bbox 982 2201 1289 2282; x_wconf 88' lang='lat' dir='ltr'><strong>indigebat</strong></span> <span class='ocrx_word' id='word_1_165' title='bbox 1322 2204 1400 2265; x_wconf 91' lang='lat' dir='ltr'><strong>ad</strong></span> <span class='ocrx_word' id='word_1_166' title='bbox 1438 2203 1937 2279; x_wconf 87' lang='lat' dir='ltr'><strong>iustificationem,</strong></span> <span class='ocrx_word' id='word_1_167' title='bbox 1968 2203 2189 2283; x_wconf 89' lang='lat' dir='ltr'><strong>Spiritu</strong></span> <span class='ocrx_word' id='word_1_168' title='bbox 2218 2204 2524 2284; x_wconf 89' lang='lat' dir='ltr'><strong>indigebat</strong></span> <span class='ocrx_word' id='word_1_169' title='bbox 2552 2207 2629 2267; x_wconf 89' lang='lat' dir='ltr'><strong>ad</strong></span> <span class='ocrx_word' id='word_1_170' title='bbox 2658 2204 2908 2266; x_wconf 88' lang='lat' dir='ltr'><strong>uincen-</strong></span> 
     </span>
     <span class='ocr_line' id='line_1_18' title="bbox 482 2300 2903 2382; baseline 0 -18"><span class='ocrx_word' id='word_1_171' title='bbox 482 2304 629 2364; x_wconf 90' lang='lat' dir='ltr'><strong>dum</strong></span> <span class='ocrx_word' id='word_1_172' title='bbox 656 2302 982 2376; x_wconf 89' lang='lat' dir='ltr'><strong>diabolum,</strong></span> <span class='ocrx_word' id='word_1_173' title='bbox 1014 2301 1235 2380; x_wconf 91' lang='lat' dir='ltr'><strong>Spiritu</strong></span> <span class='ocrx_word' id='word_1_174' title='bbox 1260 2300 1568 2381; x_wconf 87' lang='lat' dir='ltr'><strong>indigebat</strong></span> <span class='ocrx_word' id='word_1_175' title='bbox 1595 2304 1675 2364; x_wconf 89' lang='lat' dir='ltr'><strong>ad</strong></span> <span class='ocrx_word' id='word_1_176' title='bbox 1703 2303 2010 2381; x_wconf 89' lang='lat' dir='ltr'><strong>operanda</strong></span> <span class='ocrx_word' id='word_1_177' title='bbox 2030 2302 2328 2376; x_wconf 89' lang='lat' dir='ltr'><strong>miracula,</strong></span> <span class='ocrx_word' id='word_1_178' title='bbox 2354 2302 2575 2382; x_wconf 90' lang='lat' dir='ltr'><strong>Spiritu</strong></span> <span class='ocrx_word' id='word_1_179' title='bbox 2595 2302 2903 2381; x_wconf 89' lang='lat' dir='ltr'><strong>indigebat</strong></span> 
     </span>
     <span class='ocr_line' id='line_1_19' title="bbox 481 2399 2903 2479; baseline 0 -18"><span class='ocrx_word' id='word_1_180' title='bbox 481 2411 549 2461; x_wconf 92' lang='lat' dir='ltr'><strong>ut</strong></span> <span class='ocrx_word' id='word_1_181' title='bbox 576 2401 888 2462; x_wconf 91' lang='lat' dir='ltr'><strong>doceretur</strong></span> <span class='ocrx_word' id='word_1_182' title='bbox 916 2420 989 2461; x_wconf 88' lang='lat' dir='ltr'><strong>ea</strong></span> <span class='ocrx_word' id='word_1_183' title='bbox 1014 2419 1169 2478; x_wconf 90' lang='lat' dir='ltr'><strong>quae</strong></span> <span class='ocrx_word' id='word_1_184' title='bbox 1197 2399 1452 2461; x_wconf 89' lang='lat' dir='ltr'><strong>decebat</strong></span> <span class='ocrx_word' id='word_1_185' title='bbox 1479 2419 1777 2478; x_wconf 85' lang='lat' dir='ltr'><strong>peragere,</strong></span> <span class='ocrx_word' id='word_1_186' title='bbox 1807 2399 2027 2479; x_wconf 88' lang='lat' dir='ltr'><strong>Spiritu</strong></span> <span class='ocrx_word' id='word_1_187' title='bbox 2054 2399 2363 2479; x_wconf 90' lang='lat' dir='ltr'><strong>indigebat</strong></span> <span class='ocrx_word' id='word_1_188' title='bbox 2390 2412 2455 2462; x_wconf 91' lang='lat' dir='ltr'><strong>ut</strong></span> <span class='ocrx_word' id='word_1_189' title='bbox 2483 2401 2903 2463; x_wconf 87' lang='lat' dir='ltr'><strong>immaculatus</strong></span> 
     </span>
     <span class='ocr_line' id='line_1_20' title="bbox 479 2494 2904 2575; baseline 0.002 -19"><span class='ocrx_word' id='word_1_190' title='bbox 479 2497 803 2575; x_wconf 87' lang='lat' dir='ltr'><strong>adpareret.</strong></span> <span class='ocrx_word' id='word_1_191' title='bbox 877 2495 927 2557; x_wconf 90' lang='lat' dir='ltr'><strong>si</strong></span> <span class='ocrx_word' id='word_1_192' title='bbox 956 2494 1116 2557; x_wconf 87' lang='lat' dir='ltr'><strong>enim</strong></span> <span class='ocrx_word' id='word_1_193' title='bbox 1144 2515 1255 2575; x_wconf 89' lang='lat' dir='ltr'><strong>pro</strong></span> <span class='ocrx_word' id='word_1_194' title='bbox 1283 2514 1460 2556; x_wconf 89' lang='lat' dir='ltr'><strong>sensu</strong></span> <span class='ocrx_word' id='word_1_195' title='bbox 1489 2496 1735 2574; x_wconf 87' lang='lat' dir='ltr'><strong>quidem</strong></span> <span class='ocrx_word' id='word_1_196' title='bbox 1764 2496 1972 2572; x_wconf 80' lang='lat' dir='ltr'><strong>deitaS,</strong></span> <span class='ocrx_word' id='word_1_197' title='bbox 2003 2496 2333 2558; x_wconf 86' lang='lat' dir='ltr'><strong>sufficiebat</strong></span> <span class='ocrx_word' id='word_1_198' title='bbox 2360 2510 2561 2560; x_wconf 89' lang='lat' dir='ltr'><strong>autem</strong></span> <span class='ocrx_word' id='word_1_199' title='bbox 2586 2499 2667 2560; x_wconf 91' lang='lat' dir='ltr'><strong>ad</strong></span> <span class='ocrx_word' id='word_1_200' title='bbox 2695 2497 2904 2560; x_wconf 88' lang='lat' dir='ltr'><strong>omnia</strong></span> 
     </span>
     <span class='ocr_line' id='line_1_21' title="bbox 480 2594 2905 2675; baseline -0.001 -17"><span class='ocrx_word' id='word_1_201' title='bbox 480 2596 609 2659; x_wconf 85' lang='lat' dir='ltr'><strong>eius</strong></span> <span class='ocrx_word' id='word_1_202' title='bbox 637 2597 841 2670; x_wconf 81' lang='lat' dir='ltr'><strong>uirtuS,</strong></span> <span class='ocrx_word' id='word_1_203' title='bbox 872 2616 1118 2658; x_wconf 89' lang='lat' dir='ltr'><strong>necesse</strong></span> <span class='ocrx_word' id='word_1_204' title='bbox 1147 2607 1270 2656; x_wconf 90' lang='lat' dir='ltr'><strong>erat</strong></span> <span class='ocrx_word' id='word_1_205' title='bbox 1296 2594 1438 2656; x_wconf 89' lang='lat' dir='ltr'><strong>inde</strong></span> <span class='ocrx_word' id='word_1_206' title='bbox 1467 2595 1671 2656; x_wconf 89' lang='lat' dir='ltr'><strong>omnia</strong></span> <span class='ocrx_word' id='word_1_207' title='bbox 1697 2594 1841 2668; x_wconf 91' lang='lat' dir='ltr'><strong>fieri,</strong></span> <span class='ocrx_word' id='word_1_208' title='bbox 1872 2605 1938 2656; x_wconf 91' lang='lat' dir='ltr'><strong>ut</strong></span> <span class='ocrx_word' id='word_1_209' title='bbox 1975 2596 2275 2673; x_wconf 86' lang='lat' dir='ltr'><strong>superflua</strong></span> <span class='ocrx_word' id='word_1_210' title='bbox 2306 2608 2465 2657; x_wconf 87' lang='lat' dir='ltr'><strong>esset</strong></span> <span class='ocrx_word' id='word_1_211' title='bbox 2497 2595 2688 2657; x_wconf 89' lang='lat' dir='ltr'><strong>sancti</strong></span> <span class='ocrx_word' id='word_1_212' title='bbox 2725 2595 2905 2675; x_wconf 87' lang='lat' dir='ltr'><strong>Spiri-</strong></span> 
     </span>
    </p>

    <p class='ocr_par' dir='ltr' id='par_1_6' title="bbox 381 2690 2905 3049">
     <span class='ocr_line' id='line_1_22' title="bbox 381 2690 2899 2770; baseline -0.001 -14"><span class='ocrx_word' id='word_1_213' title='bbox 381 2715 458 2756; x_wconf 88' lang='lat'><strong>20</strong></span> <span class='ocrx_word' id='word_1_214' title='bbox 483 2706 577 2755; x_wconf 88' lang='lat' dir='ltr'><strong>tus</strong></span> <span class='ocrx_word' id='word_1_215' title='bbox 604 2691 907 2755; x_wconf 88' lang='lat' dir='ltr'><strong>habitatio.</strong></span> <span class='ocrx_word' id='word_1_216' title='bbox 995 2694 1105 2754; x_wconf 88' lang='lat' dir='ltr'><strong>sed</strong></span> <span class='ocrx_word' id='word_1_217' title='bbox 1133 2711 1295 2752; x_wconf 90' lang='lat' dir='ltr'><strong>nunc</strong></span> <span class='ocrx_word' id='word_1_218' title='bbox 1322 2702 1571 2751; x_wconf 89' lang='lat' dir='ltr'><strong>unctum</strong></span> <span class='ocrx_word' id='word_1_219' title='bbox 1598 2711 1731 2753; x_wconf 89' lang='lat' dir='ltr'><strong>esse</strong></span> <span class='ocrx_word' id='word_1_220' title='bbox 1759 2690 1905 2753; x_wconf 87' lang='lat' dir='ltr'><strong>dicit</strong></span> <span class='ocrx_word' id='word_1_221' title='bbox 1932 2691 2128 2770; x_wconf 86' lang='lat' dir='ltr'><strong>ipsum</strong></span> <span class='ocrx_word' id='word_1_222' title='bbox 2157 2691 2377 2770; x_wconf 90' lang='lat' dir='ltr'><strong>Spiritu</strong></span> <span class='ocrx_word' id='word_1_223' title='bbox 2411 2704 2470 2754; x_wconf 91' lang='lat' dir='ltr'><strong>et</strong></span> <span class='ocrx_word' id='word_1_224' title='bbox 2506 2692 2806 2754; x_wconf 86' lang='lat' dir='ltr'><strong>habitasse</strong></span> <span class='ocrx_word' id='word_1_225' title='bbox 2834 2692 2899 2753; x_wconf 88' lang='lat' dir='ltr'><strong>in</strong></span> 
     </span>
     <span class='ocr_line' id='line_1_23' title="bbox 481 2788 2900 2870; baseline -0.001 -17"><span class='ocrx_word' id='word_1_226' title='bbox 481 2811 556 2854; x_wconf 89' lang='lat' dir='ltr'><strong>eo</strong></span> <span class='ocrx_word' id='word_1_227' title='bbox 593 2789 876 2870; x_wconf 89' lang='lat' dir='ltr'><strong>Spiritum</strong></span> <span class='ocrx_word' id='word_1_228' title='bbox 910 2800 971 2852; x_wconf 89' lang='lat' dir='ltr'><strong>et</strong></span> <span class='ocrx_word' id='word_1_229' title='bbox 1010 2790 1090 2851; x_wconf 89' lang='lat' dir='ltr'><strong>ad</strong></span> <span class='ocrx_word' id='word_1_230' title='bbox 1127 2791 1331 2851; x_wconf 90' lang='lat' dir='ltr'><strong>omnia</strong></span> <span class='ocrx_word' id='word_1_231' title='bbox 1367 2788 1686 2851; x_wconf 85' lang='lat' dir='ltr'><strong>adiuuasse</strong></span> <span class='ocrx_word' id='word_1_232' title='bbox 1723 2789 2048 2867; x_wconf 89' lang='lat' dir='ltr'><strong>proposita,</strong></span> <span class='ocrx_word' id='word_1_233' title='bbox 2078 2802 2139 2851; x_wconf 94' lang='lat' dir='ltr'><strong>et</strong></span> <span class='ocrx_word' id='word_1_234' title='bbox 2167 2789 2504 2851; x_wconf 87' lang='lat' dir='ltr'><strong>doctrinam</strong></span> <span class='ocrx_word' id='word_1_235' title='bbox 2531 2788 2673 2851; x_wconf 91' lang='lat' dir='ltr'><strong>inde</strong></span> <span class='ocrx_word' id='word_1_236' title='bbox 2699 2789 2900 2868; x_wconf 87' lang='lat' dir='ltr'><strong>ipsum</strong></span> 
     </span>
     <span class='ocr_line' id='line_1_24' title="bbox 479 2886 2905 2969; baseline -0.001 -18"><span class='ocrx_word' id='word_1_237' title='bbox 479 2889 786 2969; x_wconf 87' lang='lat' dir='ltr'><strong>accepisse</strong></span> <span class='ocrx_word' id='word_1_238' title='bbox 813 2900 873 2951; x_wconf 91' lang='lat' dir='ltr'><strong>et</strong></span> <span class='ocrx_word' id='word_1_239' title='bbox 900 2887 1198 2963; x_wconf 87' lang='lat' dir='ltr'><strong>uirtutem,</strong></span> <span class='ocrx_word' id='word_1_240' title='bbox 1218 2898 1278 2950; x_wconf 92' lang='lat' dir='ltr'><strong>et</strong></span> <span class='ocrx_word' id='word_1_241' title='bbox 1305 2886 1448 2949; x_wconf 89' lang='lat' dir='ltr'><strong>inde</strong></span> <span class='ocrx_word' id='word_1_242' title='bbox 1475 2887 1824 2966; x_wconf 85' lang='lat' dir='ltr'><strong>impetrasse</strong></span> <span class='ocrx_word' id='word_1_243' title='bbox 1852 2887 2333 2951; x_wconf 88' lang='lat' dir='ltr'><strong>iustificationem</strong></span> <span class='ocrx_word' id='word_1_244' title='bbox 2361 2900 2422 2951; x_wconf 91' lang='lat' dir='ltr'><strong>et</strong></span> <span class='ocrx_word' id='word_1_245' title='bbox 2448 2887 2592 2952; x_wconf 87' lang='lat' dir='ltr'><strong>inde</strong></span> <span class='ocrx_word' id='word_1_246' title='bbox 2619 2888 2905 2950; x_wconf 89' lang='lat' dir='ltr'><strong>immacu·</strong></span> 
     </span>
     <span class='ocr_line' id='line_1_25' title="bbox 479 2988 1091 3049; baseline 0.003 -2"><span class='ocrx_word' id='word_1_247' title='bbox 479 2988 667 3049; x_wconf 89' lang='lat' dir='ltr'><strong>latum</strong></span> <span class='ocrx_word' id='word_1_248' title='bbox 693 2990 918 3048; x_wconf 86' lang='lat' dir='ltr'><strong>factum</strong></span> <span class='ocrx_word' id='word_1_249' title='bbox 945 3005 1091 3049; x_wconf 75' lang='lat' dir='ltr'><strong>esse,</strong></span> 
     </span>
    </p>
   </div>
   <div class='ocr_carea' id='block_1_5' title="bbox 614 3199 2775 3381">
    <p class='ocr_par' dir='ltr' id='par_1_7' title="bbox 614 3199 2775 3381">
     <span class='ocr_line' id='line_1_26' title="bbox 614 3199 2775 3286; baseline -0 -23"><span class='ocrx_word' id='word_1_250' title='bbox 614 3206 669 3264; x_wconf 90' lang='grc'><strong>8.</strong></span> <span class='ocrx_word' id='word_1_251' title='bbox 754 3201 913 3286; x_wconf 89' lang='lat' dir='ltr'><strong>[Act.</strong></span> <span class='ocrx_word' id='word_1_252' title='bbox 947 3203 1136 3265; x_wconf 89' lang='lat' dir='ltr'><strong>Conc.</strong></span> <span class='ocrx_word' id='word_1_253' title='bbox 1171 3204 1293 3266; x_wconf 92' lang='lat' dir='ltr'><strong>CP.</strong></span> <span class='ocrx_word' id='word_1_254' title='bbox 1324 3200 1381 3261; x_wconf 88' lang='lat' dir='ltr'><strong>ii.</strong></span> <span class='ocrx_word' id='word_1_255' title='bbox 1417 3217 1495 3262; x_wconf 79' lang='grc' dir='ltr'><strong>ιν.</strong></span> <span class='ocrx_word' id='word_1_256' title='bbox 1527 3222 1564 3280; x_wconf 89' lang='grc'><strong>9</strong></span> <span class='ocrx_word' id='word_1_257' title='bbox 1598 3200 1663 3280; x_wconf 84' lang='grc'><strong>(“</strong></span> <span class='ocrx_word' id='word_1_258' title='bbox 1681 3199 1953 3262; x_wconf 90' lang='lat' dir='ltr'><strong>eiusdem</strong></span> <span class='ocrx_word' id='word_1_259' title='bbox 1980 3199 2289 3263; x_wconf 89' lang='lat' dir='ltr'><strong>Theodori</strong></span> <span class='ocrx_word' id='word_1_260' title='bbox 2316 3220 2392 3263; x_wconf 83' lang='lat' dir='ltr'><strong>ex</strong></span> <span class='ocrx_word' id='word_1_261' title='bbox 2419 3200 2594 3263; x_wconf 90' lang='lat' dir='ltr'><strong>tertio</strong></span> <span class='ocrx_word' id='word_1_262' title='bbox 2621 3199 2775 3262; x_wconf 89' lang='lat' dir='ltr'><strong>libro</strong></span> 
     </span>
     <span class='ocr_line' id='line_1_27' title="bbox 993 3296 2383 3381; baseline 0 -22"><span class='ocrx_word' id='word_1_263' title='bbox 993 3310 1205 3361; x_wconf 89' lang='lat' dir='ltr'><strong>contra</strong></span> <span class='ocrx_word' id='word_1_264' title='bbox 1230 3298 1483 3376; x_wconf 88' lang='lat' dir='ltr'><strong>impium</strong></span> <span class='ocrx_word' id='word_1_265' title='bbox 1511 3297 1951 3376; x_wconf 88' lang='lat' dir='ltr'><strong>Apollinarium</strong></span> <span class='ocrx_word' id='word_1_266' title='bbox 1967 3297 2043 3377; x_wconf 88' lang='lat'>’&#39;).</span> <span class='ocrx_word' id='word_1_267' title='bbox 2134 3297 2269 3377; x_wconf 87' lang='lat' dir='ltr'><strong>Vig.</strong></span> <span class='ocrx_word' id='word_1_268' title='bbox 2302 3296 2383 3381; x_wconf 91' lang='lat'><strong>9].</strong></span> 
     </span>
    </p>
   </div>
   <div class='ocr_carea' id='block_1_6' title="bbox 378 3428 2904 4195">
    <p class='ocr_par' dir='ltr' id='par_1_8' title="bbox 378 3428 2904 4195">
     <span class='ocr_line' id='line_1_28' title="bbox 602 3428 2899 3511; baseline -0.001 -16"><span class='ocrx_word' id='word_1_269' title='bbox 602 3434 784 3495; x_wconf 88' lang='lat' dir='ltr'><strong>istum</strong></span> <span class='ocrx_word' id='word_1_270' title='bbox 820 3430 996 3511; x_wconf 88' lang='lat' dir='ltr'><strong>igitur</strong></span> <span class='ocrx_word' id='word_1_271' title='bbox 1035 3428 1230 3491; x_wconf 89' lang='lat' dir='ltr'><strong>uirum</strong></span> <span class='ocrx_word' id='word_1_272' title='bbox 1265 3429 1327 3490; x_wconf 90' lang='lat' dir='ltr'><strong>in</strong></span> <span class='ocrx_word' id='word_1_273' title='bbox 1360 3449 1484 3507; x_wconf 92' lang='lat' dir='ltr'><strong>quo</strong></span> <span class='ocrx_word' id='word_1_274' title='bbox 1522 3431 1729 3491; x_wconf 87' lang='lat' dir='ltr'><strong>statuit</strong></span> <span class='ocrx_word' id='word_1_275' title='bbox 1756 3429 2028 3492; x_wconf 89' lang='lat' dir='ltr'><strong>omnium</strong></span> <span class='ocrx_word' id='word_1_276' title='bbox 2057 3432 2249 3492; x_wconf 82' lang='lat' dir='ltr'><strong>facere</strong></span> <span class='ocrx_word' id='word_1_277' title='bbox 2275 3428 2578 3504; x_wconf 90' lang='lat' dir='ltr'><strong>iudicium,</strong></span> <span class='ocrx_word' id='word_1_278' title='bbox 2607 3432 2689 3492; x_wconf 89' lang='lat' dir='ltr'><strong>ad</strong></span> <span class='ocrx_word' id='word_1_279' title='bbox 2716 3432 2899 3493; x_wconf 85' lang='lat' dir='ltr'><strong>fidem</strong></span> 
     </span>
     <span class='ocr_line' id='line_1_29' title="bbox 382 3527 2904 3613; baseline -0.002 -19"><span class='ocrx_word' id='word_1_280' title='bbox 382 3552 453 3613; x_wconf 83' lang='lat'><strong>25</strong></span> <span class='ocrx_word' id='word_1_281' title='bbox 482 3534 809 3593; x_wconf 82' lang='lat' dir='ltr'><strong>futurorum</strong></span> <span class='ocrx_word' id='word_1_282' title='bbox 837 3549 977 3590; x_wconf 89' lang='lat' dir='ltr'><strong>cum</strong></span> <span class='ocrx_word' id='word_1_283' title='bbox 1005 3527 1410 3589; x_wconf 87' lang='lat' dir='ltr'><strong>resuscitasset</strong></span> <span class='ocrx_word' id='word_1_284' title='bbox 1439 3546 1577 3588; x_wconf 89' lang='lat' dir='ltr'><strong>eum</strong></span> <span class='ocrx_word' id='word_1_285' title='bbox 1606 3547 1684 3588; x_wconf 86' lang='lat' dir='ltr'><strong>ex</strong></span> <span class='ocrx_word' id='word_1_286' title='bbox 1710 3527 1960 3589; x_wconf 88' lang='lat' dir='ltr'><strong>mortuis</strong></span> <span class='ocrx_word' id='word_1_287' title='bbox 1987 3540 2049 3588; x_wconf 91' lang='lat' dir='ltr'><strong>et</strong></span> <span class='ocrx_word' id='word_1_288' title='bbox 2075 3527 2334 3590; x_wconf 90' lang='lat' dir='ltr'><strong>iudicem</strong></span> <span class='ocrx_word' id='word_1_289' title='bbox 2362 3527 2631 3590; x_wconf 89' lang='lat' dir='ltr'><strong>omnium</strong></span> <span class='ocrx_word' id='word_1_290' title='bbox 2652 3530 2904 3590; x_wconf 90' lang='lat' dir='ltr'><strong>demon·</strong></span> 
     </span>
     <span class='ocr_line' id='line_1_30' title="bbox 483 3625 2899 3707; baseline -0.002 -15"><span class='ocrx_word' id='word_1_291' title='bbox 483 3642 722 3692; x_wconf 76' lang='lat' dir='ltr'><strong>stt-asset</strong></span> <span class='ocrx_word' id='word_1_292' title='bbox 741 3628 1071 3691; x_wconf 86' lang='lat' dir='ltr'><strong>secundum</strong></span> <span class='ocrx_word' id='word_1_293' title='bbox 1089 3625 1252 3688; x_wconf 88' lang='lat' dir='ltr'><strong>beati</strong></span> <span class='ocrx_word' id='word_1_294' title='bbox 1273 3625 1442 3686; x_wconf 89' lang='lat' dir='ltr'><strong>Pauli</strong></span> <span class='ocrx_word' id='word_1_295' title='bbox 1464 3645 1681 3688; x_wconf 88' lang='lat' dir='ltr'><strong>uocem</strong></span> <span class='ocrx_word' id='word_1_296' title='bbox 1693 3626 1745 3703; x_wconf 79' lang='lat'><strong>‡,</strong></span> <span class='ocrx_word' id='word_1_297' title='bbox 1767 3625 1980 3688; x_wconf 91' lang='lat' dir='ltr'><strong>merito</strong></span> <span class='ocrx_word' id='word_1_298' title='bbox 1997 3625 2226 3689; x_wconf 86' lang='lat' dir='ltr'><strong>unitate</strong></span> <span class='ocrx_word' id='word_1_299' title='bbox 2243 3628 2322 3688; x_wconf 91' lang='lat' dir='ltr'><strong>ad</strong></span> <span class='ocrx_word' id='word_1_300' title='bbox 2340 3628 2602 3706; x_wconf 89' lang='lat' dir='ltr'><strong>seipsum</strong></span> <span class='ocrx_word' id='word_1_301' title='bbox 2622 3627 2899 3707; x_wconf 82' lang='lat' dir='ltr'><strong>dignatus</strong></span> 
     </span>
     <span class='ocr_line' id='line_1_31' title="bbox 483 3722 2900 3805; baseline -0 -16"><span class='ocrx_word' id='word_1_302' title='bbox 483 3739 611 3803; x_wconf 85' lang='lat' dir='ltr'><strong>est;</strong></span> <span class='ocrx_word' id='word_1_303' title='bbox 647 3738 707 3789; x_wconf 91' lang='lat' dir='ltr'><strong>et</strong></span> <span class='ocrx_word' id='word_1_304' title='bbox 750 3746 857 3805; x_wconf 88' lang='lat' dir='ltr'><strong>per</strong></span> <span class='ocrx_word' id='word_1_305' title='bbox 897 3722 1384 3786; x_wconf 88' lang='lat' dir='ltr'><strong>coniunctionem</strong></span> <span class='ocrx_word' id='word_1_306' title='bbox 1427 3724 1506 3784; x_wconf 89' lang='lat' dir='ltr'><strong>ad</strong></span> <span class='ocrx_word' id='word_1_307' title='bbox 1550 3743 1616 3785; x_wconf 88' lang='lat' dir='ltr'><strong>se</strong></span> <span class='ocrx_word' id='word_1_308' title='bbox 1657 3725 1877 3785; x_wconf 87' lang='lat' dir='ltr'><strong>factam</strong></span> <span class='ocrx_word' id='word_1_309' title='bbox 1916 3724 2123 3785; x_wconf 88' lang='lat' dir='ltr'><strong>talium</strong></span> <span class='ocrx_word' id='word_1_310' title='bbox 2164 3724 2516 3804; x_wconf 90' lang='lat' dir='ltr'><strong>participem</strong></span> <span class='ocrx_word' id='word_1_311' title='bbox 2548 3725 2688 3786; x_wconf 84' lang='lat' dir='ltr'><strong>fecit</strong></span> <span class='ocrx_word' id='word_1_312' title='bbox 2724 3736 2791 3787; x_wconf 89' lang='lat' dir='ltr'><strong>ut</strong></span> <span class='ocrx_word' id='word_1_313' title='bbox 2838 3737 2900 3788; x_wconf 92' lang='lat' dir='ltr'><strong>et</strong></span> 
     </span>
     <span class='ocr_line' id='line_1_32' title="bbox 481 3819 2899 3898; baseline -0 -13"><span class='ocrx_word' id='word_1_314' title='bbox 481 3823 849 3886; x_wconf 88' lang='lat' dir='ltr'><strong>adorationis</strong></span> <span class='ocrx_word' id='word_1_315' title='bbox 903 3819 1392 3882; x_wconf 87' lang='lat' dir='ltr'><strong>communionem</strong></span> <span class='ocrx_word' id='word_1_316' title='bbox 1437 3820 1701 3894; x_wconf 90' lang='lat' dir='ltr'><strong>haberet,</strong></span> <span class='ocrx_word' id='word_1_317' title='bbox 1745 3820 2026 3881; x_wconf 90' lang='lat' dir='ltr'><strong>omnibus</strong></span> <span class='ocrx_word' id='word_1_318' title='bbox 2070 3821 2314 3898; x_wconf 90' lang='lat' dir='ltr'><strong>quidem</strong></span> <span class='ocrx_word' id='word_1_319' title='bbox 2364 3819 2606 3883; x_wconf 88' lang='lat' dir='ltr'><strong>diuinae</strong></span> <span class='ocrx_word' id='word_1_320' title='bbox 2652 3833 2899 3884; x_wconf 85' lang='lat' dir='ltr'><strong>naturae</strong></span> 
     </span>
     <span class='ocr_line' id='line_1_33' title="bbox 482 3916 2900 3995; baseline -0.001 -13"><span class='ocrx_word' id='word_1_321' title='bbox 482 3921 747 3983; x_wconf 88' lang='lat' dir='ltr'><strong>debitam</strong></span> <span class='ocrx_word' id='word_1_322' title='bbox 774 3917 1187 3980; x_wconf 90' lang='lat' dir='ltr'><strong>adorationem</strong></span> <span class='ocrx_word' id='word_1_323' title='bbox 1213 3916 1617 3990; x_wconf 68' lang='lat' dir='ltr'><strong>reddentibus»,</strong></span> <span class='ocrx_word' id='word_1_324' title='bbox 1646 3917 2294 3995; x_wconf 90' lang='lat' dir='ltr'><strong>comprehendentibus</strong></span> <span class='ocrx_word' id='word_1_325' title='bbox 2321 3928 2524 3980; x_wconf 90' lang='lat' dir='ltr'><strong>autem</strong></span> <span class='ocrx_word' id='word_1_326' title='bbox 2550 3917 2900 3979; x_wconf 89' lang='lat' dir='ltr'><strong>adoratione</strong></span> 
     </span>
     <span class='ocr_line' id='line_1_34' title="bbox 378 4013 2898 4105; baseline -0.002 -25"><span class='ocrx_word' id='word_1_327' title='bbox 378 4048 459 4105; x_wconf 86' lang='lat'><strong>30</strong></span> <span class='ocrx_word' id='word_1_328' title='bbox 483 4031 543 4080; x_wconf 92' lang='lat' dir='ltr'><strong>et</strong></span> <span class='ocrx_word' id='word_1_329' title='bbox 571 4019 736 4080; x_wconf 90' lang='lat' dir='ltr'><strong>illum</strong></span> <span class='ocrx_word' id='word_1_330' title='bbox 766 4037 947 4096; x_wconf 91' lang='lat' dir='ltr'><strong>quem</strong></span> <span class='ocrx_word' id='word_1_331' title='bbox 974 4014 1445 4094; x_wconf 88' lang='lat' dir='ltr'><strong>inseparabiliter</strong></span> <span class='ocrx_word' id='word_1_332' title='bbox 1471 4014 1583 4075; x_wconf 90' lang='lat' dir='ltr'><strong>scit</strong></span> <span class='ocrx_word' id='word_1_333' title='bbox 1608 4013 1722 4076; x_wconf 89' lang='lat' dir='ltr'><strong>sibi</strong></span> <span class='ocrx_word' id='word_1_334' title='bbox 1751 4013 2153 4076; x_wconf 89' lang='lat' dir='ltr'><strong>coniunctum.</strong></span> <span class='ocrx_word' id='word_1_335' title='bbox 2242 4035 2316 4077; x_wconf 86' lang='lat' dir='ltr'><strong>ex</strong></span> <span class='ocrx_word' id='word_1_336' title='bbox 2351 4034 2476 4094; x_wconf 91' lang='lat' dir='ltr'><strong>quo</strong></span> <span class='ocrx_word' id='word_1_337' title='bbox 2513 4015 2898 4078; x_wconf 81' lang='lat' dir='ltr'><strong>manifestum</strong></span> 
     </span>
     <span class='ocr_line' id='line_1_35' title="bbox 482 4110 1613 4195; baseline -0.005 -15"><span class='ocrx_word' id='word_1_338' title='bbox 482 4129 574 4180; x_wconf 88' lang='lat' dir='ltr'><strong>est</strong></span> <span class='ocrx_word' id='word_1_339' title='bbox 600 4119 766 4195; x_wconf 89' lang='lat' dir='ltr'><strong>quod</strong></span> <span class='ocrx_word' id='word_1_340' title='bbox 792 4117 872 4178; x_wconf 88' lang='lat' dir='ltr'><strong>ad</strong></span> <span class='ocrx_word' id='word_1_341' title='bbox 900 4114 1126 4178; x_wconf 89' lang='lat' dir='ltr'><strong>maiora</strong></span> <span class='ocrx_word' id='word_1_342' title='bbox 1150 4134 1290 4176; x_wconf 89' lang='lat' dir='ltr'><strong>eum</strong></span> <span class='ocrx_word' id='word_1_343' title='bbox 1319 4110 1613 4192; x_wconf 85' lang='lat' dir='ltr'><strong>perduxit.</strong></span> 
     </span>
    </p>
   </div>
   <div class='ocr_carea' id='block_1_7' title="bbox 489 4283 2911 4433">
    <p class='ocr_par' dir='ltr' id='par_1_9' title="bbox 489 4283 2911 4433">
     <span class='ocr_line' id='line_1_36' title="bbox 582 4283 2910 4354; baseline -0.002 -15"><span class='ocrx_word' id='word_1_344' title='bbox 582 4306 610 4354; x_wconf 83' lang='lat'>3</span> <span class='ocrx_word' id='word_1_345' title='bbox 646 4289 696 4339; x_wconf 86' lang='lat' dir='ltr'><strong>in</strong></span> <span class='ocrx_word' id='word_1_346' title='bbox 731 4289 850 4353; x_wconf 83' lang='lat' dir='ltr'><strong>(sor</strong></span> <span class='ocrx_word' id='word_1_347' title='bbox 877 4287 965 4348; x_wconf 86' lang='lat' dir='ltr'><strong>ad&gt;</strong></span> <span class='ocrx_word' id='word_1_348' title='bbox 999 4287 1051 4338; x_wconf 99' lang='lat' dir='ltr'><em>V</em></span> <span class='ocrx_word' id='word_1_349' title='bbox 1206 4306 1238 4350; x_wconf 83' lang='lat'>4</span> <span class='ocrx_word' id='word_1_350' title='bbox 1270 4286 1405 4336; x_wconf 87' lang='lat' dir='ltr'><strong>enim</strong></span> <span class='ocrx_word' id='word_1_351' title='bbox 1437 4300 1516 4336; x_wconf 80' lang='lat' dir='ltr'><strong>om</strong></span> <span class='ocrx_word' id='word_1_352' title='bbox 1552 4284 1604 4334; x_wconf 88' lang='lat' dir='ltr'><em>V</em></span> <span class='ocrx_word' id='word_1_353' title='bbox 1762 4297 1836 4347; x_wconf 75' lang='lat'><strong>13,</strong></span> <span class='ocrx_word' id='word_1_354' title='bbox 1871 4296 1927 4347; x_wconf 76' lang='lat'><strong>15</strong></span> <span class='ocrx_word' id='word_1_355' title='bbox 1962 4283 2201 4336; x_wconf 79' lang='lat' dir='ltr'><strong>diuinitas</strong></span> <span class='ocrx_word' id='word_1_356' title='bbox 2225 4286 2277 4335; x_wconf 84' lang='lat' dir='ltr'><em>P</em></span> <span class='ocrx_word' id='word_1_357' title='bbox 2439 4300 2493 4347; x_wconf 79' lang='lat'><strong>1⁴</strong></span> <span class='ocrx_word' id='word_1_358' title='bbox 2530 4285 2822 4352; x_wconf 77' lang='lat' dir='ltr'><strong>operatione</strong></span> <span class='ocrx_word' id='word_1_359' title='bbox 2857 4286 2910 4335; x_wconf 95' lang='lat' dir='ltr'><em>V</em></span> 
     </span>
     <span class='ocr_line' id='line_1_37' title="bbox 489 4364 2911 4433; baseline -0.002 -10"><span class='ocrx_word' id='word_1_360' title='bbox 489 4374 548 4423; x_wconf 81' lang='lat'><strong>18</strong></span> <span class='ocrx_word' id='word_1_361' title='bbox 580 4373 645 4423; x_wconf 86' lang='lat' dir='ltr'><strong>ad</strong></span> <span class='ocrx_word' id='word_1_362' title='bbox 669 4369 841 4421; x_wconf 78' lang='lat' dir='ltr'><strong>omnia</strong></span> <span class='ocrx_word' id='word_1_363' title='bbox 857 4375 1026 4419; x_wconf 85' lang='lat' dir='ltr'><strong>autem</strong></span> <span class='ocrx_word' id='word_1_364' title='bbox 1060 4368 1112 4419; x_wconf 99' lang='lat' dir='ltr'><em>V</em></span> <span class='ocrx_word' id='word_1_365' title='bbox 1249 4364 1311 4418; x_wconf 79' lang='lat'><strong>26</strong></span> <span class='ocrx_word' id='word_1_366' title='bbox 1345 4365 1508 4418; x_wconf 84' lang='lat' dir='ltr'><strong>meriti</strong></span> <span class='ocrx_word' id='word_1_367' title='bbox 1543 4366 1595 4417; x_wconf 99' lang='lat' dir='ltr'><em>V</em></span> <span class='ocrx_word' id='word_1_368' title='bbox 1738 4369 1803 4430; x_wconf 69' lang='lat'><strong>3⁶</strong></span> <span class='ocrx_word' id='word_1_369' title='bbox 1833 4382 1942 4417; x_wconf 84' lang='lat' dir='ltr'><strong>esse</strong></span> <span class='ocrx_word' id='word_1_370' title='bbox 1966 4367 2084 4432; x_wconf 76' lang='lat' dir='ltr'><strong>(fhr</strong></span> <span class='ocrx_word' id='word_1_371' title='bbox 2102 4366 2219 4431; x_wconf 81' lang='lat' dir='ltr'><strong>sibi)</strong></span> <span class='ocrx_word' id='word_1_372' title='bbox 2252 4366 2304 4417; x_wconf 99' lang='lat' dir='ltr'><em>V</em></span> <span class='ocrx_word' id='word_1_373' title='bbox 2440 4382 2497 4431; x_wconf 80' lang='lat'><strong>3¹</strong></span> <span class='ocrx_word' id='word_1_374' title='bbox 2537 4367 2822 4433; x_wconf 84' lang='lat' dir='ltr'><strong>perduxerit</strong></span> <span class='ocrx_word' id='word_1_375' title='bbox 2856 4369 2911 4418; x_wconf 92' lang='lat' dir='ltr'><em>V</em></span> 
     </span>
    </p>
   </div>
   <div class='ocr_carea' id='block_1_8' title="bbox 795 4479 2576 4545">
    <p class='ocr_par' dir='ltr' id='par_1_10' title="bbox 795 4479 2576 4545">
     <span class='ocr_line' id='line_1_38' title="bbox 795 4479 2576 4545; baseline -0.002 -10"><span class='ocrx_word' id='word_1_376' title='bbox 795 4484 824 4511; x_wconf 79' lang='lat'><strong>⁴*</strong></span> <span class='ocrx_word' id='word_1_377' title='bbox 862 4484 1013 4535; x_wconf 84' lang='lat' dir='ltr'><strong>Rom.</strong></span> <span class='ocrx_word' id='word_1_378' title='bbox 1037 4482 1140 4533; x_wconf 84' lang='lat' dir='ltr'><strong>viii.</strong></span> <span class='ocrx_word' id='word_1_379' title='bbox 1172 4497 1248 4544; x_wconf 80' lang='lat'><strong>¹⁴·</strong></span> <span class='ocrx_word' id='word_1_380' title='bbox 1442 4479 1476 4534; x_wconf 77' lang='grc' dir='ltr'><strong>Ἰ·</strong></span> <span class='ocrx_word' id='word_1_381' title='bbox 1512 4481 1563 4532; x_wconf 91' lang='lat' dir='ltr'><strong>S.</strong></span> <span class='ocrx_word' id='word_1_382' title='bbox 1594 4480 1740 4532; x_wconf 84' lang='lat' dir='ltr'><strong>Luke</strong></span> <span class='ocrx_word' id='word_1_383' title='bbox 1763 4479 1828 4532; x_wconf 83' lang='lat' dir='ltr'><strong>iv.</strong></span> <span class='ocrx_word' id='word_1_384' title='bbox 1861 4498 1905 4531; x_wconf 87' lang='lat'><strong>1.</strong></span> <span class='ocrx_word' id='word_1_385' title='bbox 2102 4484 2134 4541; x_wconf 57' lang='grc' dir='ltr'>ζ</span> <span class='ocrx_word' id='word_1_386' title='bbox 2167 4481 2314 4544; x_wconf 81' lang='lat' dir='ltr'><strong>[Acts</strong></span> <span class='ocrx_word' id='word_1_387' title='bbox 2332 4479 2450 4531; x_wconf 82' lang='lat' dir='ltr'><strong>xvii.</strong></span> <span class='ocrx_word' id='word_1_388' title='bbox 2475 4479 2576 4545; x_wconf 79' lang='lat'><strong>3¹]-</strong></span> 
     </span>
    </p>
   </div>
  </div>
 </body>
</html>
