3221 5116
490 385 608 451 172
1155 386 1615 438 THEODoRUs
1662 385 2251 438 MOPSUESTENUS
2482 370 2586 455 [V.
2620 384 2898 451 22—25.

477 559 620 622 sine
668 557 953 641 plurima
1006 556 1436 642 probatione.’
1526 568 1595 623 et
1645 559 1909 642 pondus
1963 558 2168 643 ipsius
2220 558 2472 642 negotii
2528 576 2736 641 graue
2788 575 2899 619 os-

480 662 779 739 tendens
814 663 1099 726 adiecit:

610 809 806 872 neque
832 789 1403 854 communicauenls
1414 790 1695 872 peccatis
1719 790 1971 856 alz‘ems.

614 919 704 982 ‘si
755 918 1024 1003 (inquit)
1073 930 1142 984 te
1191 930 1265 985 ut
1311 923 1625 985 conuenit
1669 922 1997 1004 probante
2043 920 2154 984 ille
2199 920 2566 1004 deliquerit,
2614 940 2747 983 non
2798 928 2902 982 est

418 1025 449 1092 5
484 1034 672 1089 tuum
705 1027 992 1103 crimen;
1038 1025 1093 1089 si
1126 1047 1286 1090 uero
1330 1036 1404 1091 tu
1437 1025 1629 1090 facile
1671 1037 1739 1090 et
1771 1047 1903 1090 non
1952 1047 2103 1090 cum
2149 1035 2345 1090 cauta
2387 1025 2779 1108 probatione
2810 1023 2899 1085 ad

483 1129 971 1194 ordinationem
1020 1129 1346 1211 producis,
1401 1131 1735 1212 particeps
1781 1130 2053 1193 efficeris
2100 1130 2239 1193 eius
2286 1128 2701 1193 delictorum.
2788 1125 2901 1189 ille

483 1235 661 1297 enim
695 1255 818 1317 pro
848 1234 1088 1317 quibus
1132 1234 1508 1318 [peccauit],
1555 1236 1729 1299 iusta
1762 1236 2021 1299 ratione
2061 1236 2412 1317 punietur3
2462 1243 2534 1297 tu
2569 1253 2746 1308 uer0‚
2777 1250 2901 1313 pro

484 1338 724 1421 quibus
770 1360 903 1403 non
946 1350 1142 1404 caute
1181 1341 1465 1422 gessisti,
1512 1361 1636 1404 nec
1678 1339 2042 1423 perfectam
2086 1340 2337 1404 arbitrii
2385 1340 2527 1403 eius
2580 1337 2901 1419 colligens

485 1445 951 1528 probationem
1013 1446 1099 1508 ad
1178 1446 1619 1509 ministerium
1696 1467 1850 1510 eum
1926 1444 2340 1529 produxisti?
2436 1454 2505 1508 et
2553 1442 2773 1508 adhuc
2831 1439 2902 1502 in

381 1570 460 1619 10
485 1550 792 1613 timorem
825 1568 978 1613 eum
1011 1548 1319 1631 redigens
1350 1549 1637 1614 adiecit:

617 1702 885 1786 teipsum
913 1711 1163 1766 castum
1192 1702 1456 1768 custodi.

617 1832 858 1896 deinde
889 1840 957 1895 et
988 1830 1102 1895 illa
1132 1852 1307 1914 quae
1337 1832 1423 1897 de
1455 1853 1536 1896 eo
1570 1842 1761 1896 erant
1793 1832 1995 1897 dicit:

616 1977 755 2042 noli
810 1976 1076 2060 (inquit)
1139 1978 1413 2043 ulten'us
1467 2000 1713 2061 aquam
1772 1979 1995 2059 bibere,
2055 1979 2176 2043 sed
2226 1979 2380 2043 uino
2428 1979 2672 2043 modico
2729 1988 2909 2042 utere

471 2092 734 2166 propter
754 2082 1151 2147 stomachum
1182 2093 1367 2146 tuum
1396 2094 1458 2147 et
1468 2084 1840 2168 frequentes
1870 2094 2021 2148 tuas
2050 2084 2485 2168 infirmitates,

306 2247 312 2252 -
384 2221 454 2288 15
618 2212 891 2275 euidens
921 2222 1023 2276 est
1053 2214 1369 2295 quoniam
1403 2222 1470 2278 et
1512 2235 1711 2297 super
1738 2214 1865 2279 hoc
1905 2213 2256 2278 consilium
2300 2213 2394 2277 illi
2437 2214 2572 2286 dat,
2606 2233 2687 2277 eo
2719 2212 2918 2295 quod,

488 2315 685 2379 ualde
734 2315 1066 2379 infirmum
1099 2337 1252 2380 eum
1291 2338 1565 2399 corpore
1606 2339 1752 2381 esse
1800 2316 2283 2400 perspiciebat;
2336 2317 2906 2400 contemplatione

487 2428 712 2483 autem
767 2420 1215 2483 continentiae
1274 2420 1492 2484 adhuc
1553 2442 1800 2504 aquam
1852 2422 2080 2486 bibere
2141 2422 2557 2504 persistebat.
2632 2432 2699 2486 et
2747 2425 2905 2506 quia

488 2525 864 2609 frequenter
915 2525 1191 2590 aliorum
1267 2546 1468 2591 causa
1528 2526 1690 2591 talia
1738 2527 1998 2610 agimus
2052 2537 2125 2592 ut
2174 2548 2258 2591 ne
2313 2527 2659 2591 uideamur
2707 2525 2905 2590 indif-

489 2628 771 2694 ferentes
832 2652 976 2694 esse
1036 2652 1193 2714 erga
1253 2634 1846 2710 conuersationem,
1924 2654 2059 2696 non
2135 2634 2517 2716 ignorantes
2584 2632 2902 2715 quoniam

377 2746 465 2794 20
490 2733 602 2798 illa
648 2755 819 2817 quae
865 2735 949 2798 ad
999 2755 1190 2798 usum
1238 2735 1430 2799 nobis
1476 2736 1580 2798 uel
1617 2736 1792 2800 facta
1823 2747 1980 2800 sunt
2023 2737 2131 2800 uel
2177 2739 2428 2801 tributa
2477 2755 2902 2819 nequaquam

491 2859 612 2902 nos
642 2842 979 2921 insumpta
1010 2841 1346 2921 potuerint
1377 2860 1630 2917 nocere,
1665 2840 1838 2903 bene
1869 2840 2114 2905 adiecit
2140 2861 2155 2904 ε

619 2974 1025 3057 quorundam
1059 2973 1395 3037 hominum
1424 2983 1685 3056 peccata
1738 2974 2095 3057 manifesta
2137 2984 2311 3054 sunt,
2342 2973 2790 3058 praecedentia
2839 2972 2910 3036 in

493 3078 805 3143 iudicium
826 3102 856 3153 ,·
894 3078 1204 3162 quosdam
1234 3088 1449 3141 autem
1477 3088 1541 3141 et
1565 3078 2052 3160 subsequuntur.
2110 3078 2422 3142 similiter
2445 3089 2508 3142 et
2536 3077 2698 3141 bona
2728 3088 2912 3160 opera

493 3183 845 3265 manifesta
872 3193 1041 3260 sunt,
1070 3193 1133 3247 et
1157 3204 1323 3265 quae
1346 3204 1411 3248 se
1436 3183 1638 3248 aliter
1660 3183 1898 3249 habent
1921 3183 2224 3247 abscondi
2252 3204 2378 3257 non
2393 3192 2689 3267 possunt.

593 3371 621 3404 α
656 3353 807 3404 adicit
837 3355 880 3404 C
900 3370 933 3403 r
1238 3366 1265 3417 7
1300 3355 1527 3419 peccauit
1551 3371 1628 3404 om
1660 3356 1706 3406 C
1721 3356 1790 3405 Η
1802 3372 1835 3405 r
2127 3357 2158 3406 8
2189 3363 2335 3405 cauta
2357 3359 2583 3422 egessisti
2609 3355 2690 3406 C*
2736 3363 2914 3407 cautae

493 3452 652 3502 egess-
682 3437 726 3485 C
746 3438 893 3500 (corr)
938 3444 1113 3487 cautae
1135 3437 1331 3502 gessisti
1354 3439 1421 3487 Η
1465 3448 1612 3489 caute
1634 3439 1782 3503 egisti
1805 3456 1837 3488 r
1860 3437 1869 3503 Ι
1898 3455 1964 3489 ne
1990 3438 2104 3502 (sor
2122 3441 2236 3500 nec)
2261 3441 2322 3489 H
2526 3454 2586 3490 10
2619 3440 2798 3490 timore
2819 3440 2885 3489 H
2903 3440 2910 3503 Ι

494 3521 649 3572 adicit
677 3522 721 3570 C
739 3535 773 3569 r
991 3535 1044 3570 11
1081 3529 1207 3570 cust.
1232 3527 1355 3570 cast.
1379 3537 1413 3570 r
1656 3537 1713 3586 13
1748 3521 1912 3586 inquit
1934 3538 2013 3571 om
2036 3538 2069 3570 r
2093 3519 2102 3584 Ι
2132 3522 2298 3572 adhuc
2330 3522 2446 3586 (sor
2465 3522 2580 3585 ult.)
2603 3539 2639 3571 r
2853 3538 2912 3585 14

494 3611 609 3654 tuos
635 3600 714 3652 C*
916 3614 973 3665 17
1007 3611 1174 3651 autem
1195 3619 1274 3651 om
1300 3603 1363 3652 Η
1549 3618 1607 3653 21
1647 3612 1883 3668 poterunt
1906 3621 1938 3652 r
1961 3603 1970 3668 Ι
2000 3605 2153 3654 adicit
2183 3606 2226 3655 C
2245 3622 2310 3654 r:
2343 3612 2425 3654 txt
2442 3605 2550 3654 HI
2753 3620 2811 3655 αα
2847 3605 2913 3654 ad

496 3684 611 3750 (sor
627 3683 699 3749 in)
724 3701 758 3735 r
952 3702 1013 3751 ²3
1044 3686 1173 3736 sacta
1195 3687 1332 3736 bona
1355 3684 1470 3752 (sor
1488 3687 1539 3736 b.
1564 3685 1667 3752 op.)
1693 3703 1726 3736 r
1918 3702 1984 3753 '²4
2015 3689 2218 3739 ascendi
2246 3687 2327 3738 C*

567 3852 643 3902 13.
710 3837 939 3900 ulten‘us]
962 3838 1028 3889 Ο.
1054 3838 1115 3887 L.
1160 3838 1260 3888 and
1301 3836 1471 3902 Vulg„
1511 3836 1653 3886 “ad-
1754 3838 2013 3904 ticipation
2039 3839 2099 3889 of
2127 3840 2214 3890 the
2245 3840 2374 3890 view
2403 3838 2521 3889 held
2558 3839 2628 3904 by
2662 3839 2748 3889 the
2778 3854 2916 3888 more

500 3920 653 3971 huc.”
1754 3921 1901 3970 sober
1938 3922 2112 3972 school
2147 3922 2206 3972 of
2236 3922 2446 3972 modern
2479 3921 2770 3981 abstainers,
2815 3922 2916 3972 and

568 4016 644 4064 15.
709 4019 757 4052 eo
777 4002 908 4068 quod
924 4003 1069 4051 ualde
1099 4002 1384 4068 infirmum,
1408 4002 1523 4065 δια]
1570 4000 1653 4053 Cf.
1754 4002 1841 4051 the
1872 4017 2011 4052 more
2037 4001 2353 4066 noteworthy
2375 4018 2429 4052 as
2463 4002 2668 4067 coming
2699 4001 2826 4052 from
2857 4018 2915 4052 so

495 4085 690 4150 Thpht.
721 4085 865 4146 (aster
887 4086 1117 4149 Chry-NJ:
1153 4086 1286 4135 δοκεῖ
1311 4085 1366 4133 δὲ
1397 4085 1478 4133 καὶ
1509 4086 1657 4145 φύσει
1754 4089 1891 4134 stout
1922 4099 1988 4134 an
2010 4093 2270 4150 opponent
2295 4084 2353 4135 of
2382 4083 2798 4141 Manichaeanism
2823 4083 2907 4145 (cs.

496 4170 715 4218 ἐπίνοσος
755 4168 869 4216 εἶναι
907 4168 934 4216 ὁ
976 4165 1217 4224 Τιμόθεος,
1255 4169 1311 4216 οὔ
1346 4165 1492 4223 μόνον
1526 4166 1657 4215 κατὰ
1756 4173 1900 4215 notes
1923 4181 1989 4215 on
2009 4178 2087 4215 1v.
2118 4165 2180 4230 1).

495 4254 581 4301 τὸν
603 4247 872 4311 στόμαχον,
903 4251 1034 4299 ἀλλὰ
1056 4253 1134 4300 καὶ
1157 4252 1221 4300 τὰ
1242 4251 1375 4300 ἄλλα
1396 4252 1533 4311 μέρη.
1825 4261 1905 4299 22.
1977 4249 2036 4298 in
2080 4247 2351 4311 iudicium]
2406 4249 2474 4298 εἰς
2511 4248 2682 4312 κρίσιν.
2757 4248 2824 4299 Ο.
2849 4248 2908 4298 L.

567 4332 642 4383 16.
724 4332 1122 4396 contemplatione
1126 4372 1242 4384 ......
1247 4349 1363 4399 erga
1416 4334 1656 4396 commun]
1757 4330 1857 4380 and
1877 4328 2050 4394 Vulg.,
2080 4332 2118 4357 “
2133 4330 2196 4379 ad
2233 4327 2527 4379 iudicium.”
2589 4329 2738 4379 Bona
2753 4336 2910 4394 opera,

498 4408 649 4467 Cited
673 4414 741 4478 by
765 4412 1030 4463 Lanfranc.
1757 4426 1814 4461 so
1839 4411 2087 4461 Ambrstr.
2099 4428 2116 4472 ς
2155 4410 2325 4476 vulg„
2356 4410 2532 4462 “sacta
2554 4409 2741 4463 bona.”

567 4511 642 4563 17.
706 4504 753 4548 et
783 4497 918 4562 quia,
950 4495 1067 4557 δια]
1114 4496 1162 4545 Α
1208 4495 1522 4547 remarkable
1565 4511 1652 4546 an·
