<?xml version="1.0" encoding="UTF-8"?>
<!DOCTYPE html PUBLIC "-//W3C//DTD XHTML 1.0 Transitional//EN"
    "http://www.w3.org/TR/xhtml1/DTD/xhtml1-transitional.dtd">
<html xmlns="http://www.w3.org/1999/xhtml" xml:lang="en" lang="en">
 <head>
  <title>
</title>
<meta http-equiv="Content-Type" content="text/html;charset=utf-8" />
  <meta name='ocr-system' content='tesseract 3.04.00' />
  <meta name='ocr-capabilities' content='ocr_page ocr_carea ocr_par ocr_line ocrx_word'/>
</head>
<body>
  <div class='ocr_page' id='page_1' title='image "./theodoriepiscop02swetgoog_0210.png"; bbox 0 0 3221 5116; ppageno 0'>
   <div class='ocr_carea' id='block_1_1' title="bbox 322 405 2751 492">
    <p class='ocr_par' dir='ltr' id='par_1_1' title="bbox 322 405 2751 492">
     <span class='ocr_line' id='line_1_1' title="bbox 322 405 2751 492; baseline -0.002 -22"><span class='ocrx_word' id='word_1_1' title='bbox 322 407 374 472; x_wconf 91' lang='grc' dir='ltr'><strong>Ι.</strong></span> <span class='ocrx_word' id='word_1_2' title='bbox 414 405 711 492; x_wconf 83' lang='lat'>10-12,]</span> <span class='ocrx_word' id='word_1_3' title='bbox 1036 417 1120 469; x_wconf 78' lang='lat' dir='ltr'><strong>m</strong></span> <span class='ocrx_word' id='word_1_4' title='bbox 1168 418 1273 469; x_wconf 81' lang='grc' dir='ltr'><strong>ΕΡ.</strong></span> <span class='ocrx_word' id='word_1_5' title='bbox 1314 417 1420 472; x_wconf 84' lang='lat' dir='ltr'><strong>AD</strong></span> <span class='ocrx_word' id='word_1_6' title='bbox 1462 415 1930 470; x_wconf 83' lang='lat' dir='ltr'>TIMOTHEUM</span> <span class='ocrx_word' id='word_1_7' title='bbox 1974 415 2052 468; x_wconf 85' lang='lat'><strong>11.</strong></span> <span class='ocrx_word' id='word_1_8' title='bbox 2628 416 2751 484; x_wconf 90' lang='lat'><strong>199</strong></span> 
     </span>
    </p>
   </div>
   <div class='ocr_carea' id='block_1_2' title="bbox 303 586 2749 762">
    <p class='ocr_par' dir='ltr' id='par_1_2' title="bbox 303 586 2749 762">
     <span class='ocr_line' id='line_1_2' title="bbox 303 586 2749 677; baseline -0.002 -20"><span class='ocrx_word' id='word_1_9' title='bbox 303 593 561 676; x_wconf 82' lang='lat' dir='ltr'><strong>festata</strong></span> <span class='ocrx_word' id='word_1_10' title='bbox 633 601 851 658; x_wconf 81' lang='lat' dir='ltr'><strong>autem</strong></span> <span class='ocrx_word' id='word_1_11' title='bbox 926 589 1146 677; x_wconf 87' lang='lat' dir='ltr'><strong>[nunc]</strong></span> <span class='ocrx_word' id='word_1_12' title='bbox 1202 602 1327 675; x_wconf 79' lang='lat' dir='ltr'><strong>per</strong></span> <span class='ocrx_word' id='word_1_13' title='bbox 1393 588 1845 666; x_wconf 65' lang='lat' dir='ltr'><em>revelationem</em></span> <span class='ocrx_word' id='word_1_14' title='bbox 1915 588 2270 655; x_wconf 68' lang='lat' dir='ltr'><strong>saluatoris·</strong></span> <span class='ocrx_word' id='word_1_15' title='bbox 2331 586 2543 652; x_wconf 79' lang='lat' dir='ltr'><strong>nostri</strong></span> <span class='ocrx_word' id='word_1_16' title='bbox 2598 588 2749 660; x_wconf 75' lang='lat' dir='ltr'><strong>Iesu</strong></span> 
     </span>
     <span class='ocr_line' id='line_1_3' title="bbox 328 695 598 762; baseline -0.007 0"><span class='ocrx_word' id='word_1_17' title='bbox 328 695 598 762; x_wconf 76' lang='lat' dir='ltr'><em>Christi.</em></span> 
     </span>
    </p>
   </div>
   <div class='ocr_carea' id='block_1_3' title="bbox 322 839 2852 1440">
    <p class='ocr_par' dir='ltr' id='par_1_3' title="bbox 322 839 2852 1440">
     <span class='ocr_line' id='line_1_4' title="bbox 457 839 2748 925; baseline -0 -21"><span class='ocrx_word' id='word_1_18' title='bbox 457 842 551 904; x_wconf 86' lang='lat' dir='ltr'><strong>‘si</strong></span> <span class='ocrx_word' id='word_1_19' title='bbox 597 840 778 906; x_wconf 87' lang='lat' dir='ltr'><strong>enim</strong></span> <span class='ocrx_word' id='word_1_20' title='bbox 823 840 1013 904; x_wconf 89' lang='lat' dir='ltr'><strong>exitu</strong></span> <span class='ocrx_word' id='word_1_21' title='bbox 1055 839 1477 923; x_wconf 85' lang='lat' dir='ltr'><strong>negotiorum</strong></span> <span class='ocrx_word' id='word_1_22' title='bbox 1523 860 1776 906; x_wconf 87' lang='lat' dir='ltr'><strong>nouum</strong></span> <span class='ocrx_word' id='word_1_23' title='bbox 1827 861 1972 906; x_wconf 85' lang='lat' dir='ltr'><strong>esse</strong></span> <span class='ocrx_word' id='word_1_24' title='bbox 2017 840 2412 925; x_wconf 87' lang='lat' dir='ltr'><strong>perspicitur</strong></span> <span class='ocrx_word' id='word_1_25' title='bbox 2458 859 2748 923; x_wconf 81' lang='lat' dir='ltr'><strong>euange-</strong></span> 
     </span>
     <span class='ocr_line' id='line_1_5' title="bbox 322 942 2746 1028; baseline 0.002 -22"><span class='ocrx_word' id='word_1_26' title='bbox 322 942 505 1020; x_wconf 86' lang='lat' dir='ltr'><strong>lium,</strong></span> <span class='ocrx_word' id='word_1_27' title='bbox 542 944 659 1008; x_wconf 89' lang='lat' dir='ltr'><strong>sed</strong></span> <span class='ocrx_word' id='word_1_28' title='bbox 707 944 981 1008; x_wconf 90' lang='lat' dir='ltr'><strong>arbitrio</strong></span> <span class='ocrx_word' id='word_1_29' title='bbox 1025 943 1343 1007; x_wconf 88' lang='lat' dir='ltr'><strong>donantis</strong></span> <span class='ocrx_word' id='word_1_30' title='bbox 1387 944 1740 1028; x_wconf 90' lang='lat' dir='ltr'><strong>antiquum</strong></span> <span class='ocrx_word' id='word_1_31' title='bbox 1785 953 1908 1008; x_wconf 89' lang='lat' dir='ltr'><strong>est.</strong></span> <span class='ocrx_word' id='word_1_32' title='bbox 1999 964 2159 1008; x_wconf 90' lang='lat' dir='ltr'><strong>nam</strong></span> <span class='ocrx_word' id='word_1_33' title='bbox 2191 943 2447 1008; x_wconf 91' lang='lat' dir='ltr'><strong>dudum</strong></span> <span class='ocrx_word' id='word_1_34' title='bbox 2478 942 2645 1008; x_wconf 91' lang='lat' dir='ltr'><strong>haec</strong></span> <span class='ocrx_word' id='word_1_35' title='bbox 2676 946 2746 1011; x_wconf 90' lang='lat' dir='ltr'><strong>in</strong></span> 
     </span>
     <span class='ocr_line' id='line_1_6' title="bbox 327 1029 2852 1134; baseline 0.001 -24"><span class='ocrx_word' id='word_1_36' title='bbox 327 1045 595 1118; x_wconf 87' lang='lat' dir='ltr'><strong>Christo</strong></span> <span class='ocrx_word' id='word_1_37' title='bbox 642 1045 781 1110; x_wconf 87' lang='lat' dir='ltr'><strong>fieri</strong></span> <span class='ocrx_word' id='word_1_38' title='bbox 825 1045 1227 1128; x_wconf 91' lang='lat' dir='ltr'><strong>probauerat</strong></span> <span class='ocrx_word' id='word_1_39' title='bbox 1259 1029 1484 1126; x_wconf 81' lang='lat' dir='ltr'><strong>Deu53</strong></span> <span class='ocrx_word' id='word_1_40' title='bbox 1532 1066 1711 1110; x_wconf 89' lang='lat' dir='ltr'><strong>nunc</strong></span> <span class='ocrx_word' id='word_1_41' title='bbox 1742 1067 1902 1130; x_wconf 86' lang='lat' dir='ltr'><strong>ergo</strong></span> <span class='ocrx_word' id='word_1_42' title='bbox 1939 1047 2214 1129; x_wconf 87' lang='lat' dir='ltr'><strong>quando</strong></span> <span class='ocrx_word' id='word_1_43' title='bbox 2260 1047 2404 1129; x_wconf 89' lang='lat' dir='ltr'><strong>ipse</strong></span> <span class='ocrx_word' id='word_1_44' title='bbox 2436 1045 2745 1114; x_wconf 87' lang='lat' dir='ltr'><strong>Christus</strong></span> <span class='ocrx_word' id='word_1_45' title='bbox 2820 1065 2852 1134; x_wconf 85' lang='lat'><strong>5</strong></span> 
     </span>
     <span class='ocr_line' id='line_1_7' title="bbox 324 1147 2745 1232; baseline 0.001 -20"><span class='ocrx_word' id='word_1_46' title='bbox 324 1149 519 1212; x_wconf 89' lang='lat' dir='ltr'><strong>nobis</strong></span> <span class='ocrx_word' id='word_1_47' title='bbox 548 1148 857 1232; x_wconf 81' lang='lat' dir='ltr'><strong>adparuit</strong></span> <span class='ocrx_word' id='word_1_48' title='bbox 887 1148 955 1211; x_wconf 89' lang='lat' dir='ltr'><strong>in</strong></span> <span class='ocrx_word' id='word_1_49' title='bbox 987 1168 1189 1230; x_wconf 90' lang='lat' dir='ltr'><strong>opere</strong></span> <span class='ocrx_word' id='word_1_50' title='bbox 1220 1147 1382 1211; x_wconf 91' lang='lat' dir='ltr'><strong>illud</strong></span> <span class='ocrx_word' id='word_1_51' title='bbox 1416 1147 1776 1230; x_wconf 65' lang='lat' dir='ltr'><strong>produxit!</strong></span> <span class='ocrx_word' id='word_1_52' title='bbox 1822 1157 1892 1214; x_wconf 87' lang='lat' dir='ltr'><strong>et</strong></span> <span class='ocrx_word' id='word_1_53' title='bbox 1922 1149 2458 1232; x_wconf 86' lang='lat' dir='ltr'><strong>magnitudinem</strong></span> <span class='ocrx_word' id='word_1_54' title='bbox 2480 1148 2745 1214; x_wconf 88' lang='lat' dir='ltr'><strong>illorum</strong></span> 
     </span>
     <span class='ocr_line' id='line_1_8' title="bbox 322 1249 2742 1338; baseline 0 -20"><span class='ocrx_word' id='word_1_55' title='bbox 322 1254 651 1318; x_wconf 90' lang='lat' dir='ltr'><strong>bonorum</strong></span> <span class='ocrx_word' id='word_1_56' title='bbox 691 1272 864 1335; x_wconf 88' lang='lat' dir='ltr'><strong>quae</strong></span> <span class='ocrx_word' id='word_1_57' title='bbox 898 1271 1021 1334; x_wconf 91' lang='lat' dir='ltr'><strong>pro</strong></span> <span class='ocrx_word' id='word_1_58' title='bbox 1068 1251 1261 1315; x_wconf 88' lang='lat' dir='ltr'><strong>nobis</strong></span> <span class='ocrx_word' id='word_1_59' title='bbox 1307 1249 1567 1314; x_wconf 86' lang='lat' dir='ltr'><strong>fuerant</strong></span> <span class='ocrx_word' id='word_1_60' title='bbox 1607 1251 1999 1338; x_wconf 84' lang='lat' dir='ltr'><strong>dispensata</strong></span> <span class='ocrx_word' id='word_1_61' title='bbox 2037 1252 2126 1318; x_wconf 90' lang='lat' dir='ltr'><strong>ad</strong></span> <span class='ocrx_word' id='word_1_62' title='bbox 2168 1250 2742 1318; x_wconf 88' lang='lat' dir='ltr'><strong>confirmationem</strong></span> 
     </span>
     <span class='ocr_line' id='line_1_9' title="bbox 326 1351 1461 1440; baseline -0.004 -18"><span class='ocrx_word' id='word_1_63' title='bbox 326 1355 659 1440; x_wconf 86' lang='lat' dir='ltr'><strong>euangelii</strong></span> <span class='ocrx_word' id='word_1_64' title='bbox 695 1351 1135 1438; x_wconf 89' lang='lat' dir='ltr'><strong>[ostendens]‚</strong></span> <span class='ocrx_word' id='word_1_65' title='bbox 1169 1352 1461 1418; x_wconf 81' lang='lat' dir='ltr'><strong>adiecit:</strong></span> 
     </span>
    </p>
   </div>
   <div class='ocr_carea' id='block_1_4' title="bbox 326 1485 2864 1996">
    <p class='ocr_par' dir='ltr' id='par_1_4' title="bbox 326 1485 2864 1677">
     <span class='ocr_line' id='line_1_10' title="bbox 455 1485 2747 1574; baseline 0 -19"><span class='ocrx_word' id='word_1_66' title='bbox 455 1489 577 1574; x_wconf 84' lang='lat' dir='ltr'><strong>qui</strong></span> <span class='ocrx_word' id='word_1_67' title='bbox 612 1487 936 1554; x_wconf 79' lang='lat' dir='ltr'><em>destruxit</em></span> <span class='ocrx_word' id='word_1_68' title='bbox 960 1486 1219 1570; x_wconf 78' lang='lat' dir='ltr'><strong>quidem</strong></span> <span class='ocrx_word' id='word_1_69' title='bbox 1256 1496 1540 1564; x_wconf 83' lang='lat' dir='ltr'><strong>mortem,</strong></span> <span class='ocrx_word' id='word_1_70' title='bbox 1574 1485 2012 1554; x_wconf 80' lang='lat' dir='ltr'><em>inluminauit</em></span> <span class='ocrx_word' id='word_1_71' title='bbox 2041 1497 2261 1552; x_wconf 83' lang='lat' dir='ltr'><strong>autem</strong></span> <span class='ocrx_word' id='word_1_72' title='bbox 2298 1487 2511 1552; x_wconf 82' lang='lat' dir='ltr'><em>uitam</em></span> <span class='ocrx_word' id='word_1_73' title='bbox 2548 1499 2612 1555; x_wconf 85' lang='lat' dir='ltr'><strong>et</strong></span> <span class='ocrx_word' id='word_1_74' title='bbox 2649 1488 2747 1556; x_wconf 83' lang='lat' dir='ltr'><strong>in-</strong></span> 
     </span>
     <span class='ocr_line' id='line_1_11' title="bbox 326 1592 2864 1677; baseline 0 -18"><span class='ocrx_word' id='word_1_75' title='bbox 326 1594 791 1677; x_wconf 81' lang='lat' dir='ltr'><strong>corruptionem</strong></span> <span class='ocrx_word' id='word_1_76' title='bbox 807 1603 935 1675; x_wconf 82' lang='lat' dir='ltr'><strong>per</strong></span> <span class='ocrx_word' id='word_1_77' title='bbox 957 1592 1385 1674; x_wconf 84' lang='lat' dir='ltr'><strong>euangelium.</strong></span> <span class='ocrx_word' id='word_1_78' title='bbox 2743 1607 2752 1611; x_wconf 84' lang='grc'><em>“</em></span> <span class='ocrx_word' id='word_1_79' title='bbox 2784 1610 2864 1660; x_wconf 85' lang='grc'><strong>10</strong></span> 
     </span>
    </p>

    <p class='ocr_par' dir='ltr' id='par_1_5' title="bbox 329 1703 2752 1996">
     <span class='ocr_line' id='line_1_12' title="bbox 459 1703 2749 1789; baseline 0 -20"><span class='ocrx_word' id='word_1_80' title='bbox 459 1705 625 1770; x_wconf 86' lang='lat' dir='ltr'><strong>‘hoc</strong></span> <span class='ocrx_word' id='word_1_81' title='bbox 683 1703 948 1789; x_wconf 91' lang='lat' dir='ltr'><strong>(inquit)</strong></span> <span class='ocrx_word' id='word_1_82' title='bbox 1005 1703 1202 1784; x_wconf 83' lang='lat' dir='ltr'><strong>fecit3</strong></span> <span class='ocrx_word' id='word_1_83' title='bbox 1248 1703 1587 1768; x_wconf 87' lang='lat' dir='ltr'><strong>destruxit</strong></span> <span class='ocrx_word' id='word_1_84' title='bbox 1629 1703 1906 1786; x_wconf 87' lang='lat' dir='ltr'><strong>quidem</strong></span> <span class='ocrx_word' id='word_1_85' title='bbox 1954 1711 2259 1782; x_wconf 88' lang='lat' dir='ltr'><strong>mortem,</strong></span> <span class='ocrx_word' id='word_1_86' title='bbox 2313 1704 2526 1768; x_wconf 86' lang='lat' dir='ltr'><strong>uitam</strong></span> <span class='ocrx_word' id='word_1_87' title='bbox 2586 1725 2749 1770; x_wconf 92' lang='lat' dir='ltr'><strong>uero</strong></span> 
     </span>
     <span class='ocr_line' id='line_1_13' title="bbox 329 1806 2752 1893; baseline -0 -20"><span class='ocrx_word' id='word_1_88' title='bbox 329 1810 669 1893; x_wconf 89' lang='lat' dir='ltr'><strong>quandam</strong></span> <span class='ocrx_word' id='word_1_89' title='bbox 701 1828 949 1873; x_wconf 90' lang='lat' dir='ltr'><strong>nouam</strong></span> <span class='ocrx_word' id='word_1_90' title='bbox 990 1808 1185 1872; x_wconf 89' lang='lat' dir='ltr'><strong>nobis</strong></span> <span class='ocrx_word' id='word_1_91' title='bbox 1232 1807 1571 1886; x_wconf 89' lang='lat' dir='ltr'><strong>reuelauit,</strong></span> <span class='ocrx_word' id='word_1_92' title='bbox 1617 1808 1935 1890; x_wconf 89' lang='lat' dir='ltr'><strong>quoniam</strong></span> <span class='ocrx_word' id='word_1_93' title='bbox 1985 1806 2164 1892; x_wconf 92' lang='lat' dir='ltr'><strong>[pro]</strong></span> <span class='ocrx_word' id='word_1_94' title='bbox 2209 1809 2518 1872; x_wconf 88' lang='lat' dir='ltr'><strong>omnibus</strong></span> <span class='ocrx_word' id='word_1_95' title='bbox 2553 1808 2752 1872; x_wconf 92' lang='lat' dir='ltr'><strong>liber-</strong></span> 
     </span>
     <span class='ocr_line' id='line_1_14' title="bbox 332 1911 2751 1996; baseline -0.001 -18"><span class='ocrx_word' id='word_1_96' title='bbox 332 1924 483 1979; x_wconf 88' lang='lat' dir='ltr'><strong>atus</strong></span> <span class='ocrx_word' id='word_1_97' title='bbox 512 1922 615 1978; x_wconf 90' lang='lat' dir='ltr'><strong>est</strong></span> <span class='ocrx_word' id='word_1_98' title='bbox 645 1911 1037 1996; x_wconf 84' lang='lat' dir='ltr'><strong>corruptela.</strong></span> <span class='ocrx_word' id='word_1_99' title='bbox 1124 1911 1286 1976; x_wconf 85' lang='lat' dir='ltr'><strong>talis</strong></span> <span class='ocrx_word' id='word_1_100' title='bbox 1325 1913 1503 1976; x_wconf 83' lang='lat' dir='ltr'><strong>enim</strong></span> <span class='ocrx_word' id='word_1_101' title='bbox 1544 1920 1646 1977; x_wconf 90' lang='lat' dir='ltr'><strong>est</strong></span> <span class='ocrx_word' id='word_1_102' title='bbox 1684 1911 1800 1976; x_wconf 91' lang='lat' dir='ltr'><strong>illa</strong></span> <span class='ocrx_word' id='word_1_103' title='bbox 1829 1912 1973 1976; x_wconf 89' lang='lat' dir='ltr'><strong>uita</strong></span> <span class='ocrx_word' id='word_1_104' title='bbox 2010 1932 2216 1995; x_wconf 90' lang='lat' dir='ltr'><strong>quam</strong></span> <span class='ocrx_word' id='word_1_105' title='bbox 2264 1932 2385 1996; x_wconf 89' lang='lat' dir='ltr'><strong>per</strong></span> <span class='ocrx_word' id='word_1_106' title='bbox 2429 1933 2751 1977; x_wconf 88' lang='lat' dir='ltr'><strong>resurrec-</strong></span> 
     </span>
    </p>
   </div>
   <div class='ocr_carea' id='block_1_5' title="bbox 330 2017 2858 2213">
    <p class='ocr_par' dir='ltr' id='par_1_6' title="bbox 330 2017 2858 2213">
     <span class='ocr_line' id='line_1_15' title="bbox 330 2017 2749 2101; baseline 0 -19"><span class='ocrx_word' id='word_1_107' title='bbox 330 2018 587 2083; x_wconf 88' lang='lat' dir='ltr'><strong>tionem</strong></span> <span class='ocrx_word' id='word_1_108' title='bbox 628 2017 824 2082; x_wconf 89' lang='lat' dir='ltr'><strong>nobis</strong></span> <span class='ocrx_word' id='word_1_109' title='bbox 854 2017 1055 2082; x_wconf 87' lang='lat' dir='ltr'><strong>tribui</strong></span> <span class='ocrx_word' id='word_1_110' title='bbox 1087 2017 1562 2099; x_wconf 70' lang='lat' dir='ltr'><strong>expectamus!</strong></span> <span class='ocrx_word' id='word_1_111' title='bbox 1651 2025 1721 2081; x_wconf 91' lang='lat' dir='ltr'><strong>et</strong></span> <span class='ocrx_word' id='word_1_112' title='bbox 1761 2017 2084 2099; x_wconf 90' lang='lat' dir='ltr'><strong>quoniam</strong></span> <span class='ocrx_word' id='word_1_113' title='bbox 2125 2017 2530 2082; x_wconf 84' lang='lat' dir='ltr'><strong>sufficienter</strong></span> <span class='ocrx_word' id='word_1_114' title='bbox 2560 2038 2749 2101; x_wconf 86' lang='lat' dir='ltr'><strong>mag-</strong></span> 
     </span>
     <span class='ocr_line' id='line_1_16' title="bbox 333 2119 2858 2213; baseline 0.001 -29"><span class='ocrx_word' id='word_1_115' title='bbox 333 2121 637 2186; x_wconf 89' lang='lat' dir='ltr'><strong>nitudine</strong></span> <span class='ocrx_word' id='word_1_116' title='bbox 666 2119 1063 2204; x_wconf 85' lang='lat' dir='ltr'><strong>dogmatum</strong></span> <span class='ocrx_word' id='word_1_117' title='bbox 1095 2120 1381 2183; x_wconf 85' lang='lat' dir='ltr'><strong>eundern</strong></span> <span class='ocrx_word' id='word_1_118' title='bbox 1415 2119 1740 2197; x_wconf 87' lang='lat' dir='ltr'><strong>incitauit,</strong></span> <span class='ocrx_word' id='word_1_119' title='bbox 1768 2119 2053 2185; x_wconf 86' lang='lat' dir='ltr'><strong>adiecit:</strong></span> <span class='ocrx_word' id='word_1_120' title='bbox 2785 2144 2858 2213; x_wconf 82' lang='lat'><strong>15</strong></span> 
     </span>
    </p>
   </div>
   <div class='ocr_carea' id='block_1_6' title="bbox 323 2253 2759 2557">
    <p class='ocr_par' dir='ltr' id='par_1_7' title="bbox 323 2253 2759 2557">
     <span class='ocr_line' id='line_1_17' title="bbox 464 2253 2759 2341; baseline 0.003 -23"><span class='ocrx_word' id='word_1_121' title='bbox 464 2254 539 2319; x_wconf 86' lang='lat' dir='ltr'><strong>in</strong></span> <span class='ocrx_word' id='word_1_122' title='bbox 608 2276 732 2338; x_wconf 85' lang='lat' dir='ltr'><strong>quo</strong></span> <span class='ocrx_word' id='word_1_123' title='bbox 772 2253 1030 2339; x_wconf 84' lang='lat' dir='ltr'><strong>positus</strong></span> <span class='ocrx_word' id='word_1_124' title='bbox 1084 2275 1238 2319; x_wconf 85' lang='lat' dir='ltr'><strong>sum</strong></span> <span class='ocrx_word' id='word_1_125' title='bbox 1291 2275 1404 2338; x_wconf 81' lang='lat' dir='ltr'><strong>ego</strong></span> <span class='ocrx_word' id='word_1_126' title='bbox 1448 2255 1868 2338; x_wconf 79' lang='lat' dir='ltr'><strong>pmedicator</strong></span> <span class='ocrx_word' id='word_1_127' title='bbox 1919 2263 1986 2320; x_wconf 82' lang='lat' dir='ltr'><strong>et</strong></span> <span class='ocrx_word' id='word_1_128' title='bbox 2036 2256 2357 2341; x_wconf 79' lang='lat' dir='ltr'><strong>apostolus</strong></span> <span class='ocrx_word' id='word_1_129' title='bbox 2418 2266 2483 2322; x_wconf 84' lang='lat' dir='ltr'><strong>et</strong></span> <span class='ocrx_word' id='word_1_130' title='bbox 2541 2257 2759 2326; x_wconf 84' lang='lat' dir='ltr'><strong>doctor</strong></span> 
     </span>
     <span class='ocr_line' id='line_1_18' title="bbox 323 2360 643 2445; baseline -0.003 -19"><span class='ocrx_word' id='word_1_131' title='bbox 323 2360 643 2445; x_wconf 82' lang='lat' dir='ltr'><strong>gentium.</strong></span> 
     </span>
     <span class='ocr_line' id='line_1_19' title="bbox 465 2470 2751 2557; baseline 0 -21"><span class='ocrx_word' id='word_1_132' title='bbox 465 2482 534 2537; x_wconf 91' lang='lat' dir='ltr'><strong>et</strong></span> <span class='ocrx_word' id='word_1_133' title='bbox 565 2481 640 2536; x_wconf 91' lang='lat' dir='ltr'><strong>ut</strong></span> <span class='ocrx_word' id='word_1_134' title='bbox 669 2471 756 2536; x_wconf 90' lang='lat' dir='ltr'><strong>ad</strong></span> <span class='ocrx_word' id='word_1_135' title='bbox 788 2470 1296 2538; x_wconf 82' lang='lat' dir='ltr'><strong>similitudinem</strong></span> <span class='ocrx_word' id='word_1_136' title='bbox 1320 2471 1629 2537; x_wconf 85' lang='lat' dir='ltr'><strong>incitaret</strong></span> <span class='ocrx_word' id='word_1_137' title='bbox 1658 2471 2093 2537; x_wconf 90' lang='lat' dir='ltr'><strong>Timotheum</strong></span> <span class='ocrx_word' id='word_1_138' title='bbox 2120 2497 2136 2537; x_wconf 79' lang='lat' dir='ltr'><strong><em>z</em></strong></span> <span class='ocrx_word' id='word_1_139' title='bbox 2168 2478 2326 2556; x_wconf 85' lang='lat' dir='ltr'><strong>‘pro</strong></span> <span class='ocrx_word' id='word_1_140' title='bbox 2347 2473 2452 2538; x_wconf 88' lang='lat' dir='ltr'><strong>his</strong></span> <span class='ocrx_word' id='word_1_141' title='bbox 2486 2472 2751 2557; x_wconf 89' lang='lat' dir='ltr'><strong>(inquit)</strong></span> 
     </span>
    </p>
   </div>
   <div class='ocr_carea' id='block_1_7' title="bbox 335 2575 2871 2761">
    <p class='ocr_par' dir='ltr' id='par_1_8' title="bbox 335 2575 2871 2761">
     <span class='ocr_line' id='line_1_20' title="bbox 335 2575 2754 2660; baseline 0 -19"><span class='ocrx_word' id='word_1_142' title='bbox 335 2597 462 2660; x_wconf 87' lang='lat' dir='ltr'><strong>ego</strong></span> <span class='ocrx_word' id='word_1_143' title='bbox 492 2577 894 2641; x_wconf 86' lang='lat' dir='ltr'><strong>constitutus</strong></span> <span class='ocrx_word' id='word_1_144' title='bbox 925 2596 1090 2652; x_wconf 90' lang='lat' dir='ltr'><strong>sum,</strong></span> <span class='ocrx_word' id='word_1_145' title='bbox 1122 2577 1215 2640; x_wconf 89' lang='lat' dir='ltr'><strong>ita</strong></span> <span class='ocrx_word' id='word_1_146' title='bbox 1255 2584 1331 2639; x_wconf 91' lang='lat' dir='ltr'><strong>ut</strong></span> <span class='ocrx_word' id='word_1_147' title='bbox 1362 2585 1430 2640; x_wconf 90' lang='lat' dir='ltr'><strong>et</strong></span> <span class='ocrx_word' id='word_1_148' title='bbox 1460 2585 1534 2641; x_wconf 93' lang='lat' dir='ltr'><strong>tu</strong></span> <span class='ocrx_word' id='word_1_149' title='bbox 1566 2575 1736 2639; x_wconf 88' lang='lat' dir='ltr'><strong>haec</strong></span> <span class='ocrx_word' id='word_1_150' title='bbox 1772 2596 1980 2658; x_wconf 85' lang='lat' dir='ltr'><strong>agens</strong></span> <span class='ocrx_word' id='word_1_151' title='bbox 2026 2578 2362 2659; x_wconf 86' lang='lat' dir='ltr'><strong>particeps</strong></span> <span class='ocrx_word' id='word_1_152' title='bbox 2407 2577 2566 2640; x_wconf 91' lang='lat' dir='ltr'><strong>mihi</strong></span> <span class='ocrx_word' id='word_1_153' title='bbox 2610 2598 2754 2642; x_wconf 87' lang='lat' dir='ltr'><strong>esse</strong></span> 
     </span>
     <span class='ocr_line' id='line_1_21' title="bbox 336 2677 2871 2761; baseline -0 -16"><span class='ocrx_word' id='word_1_154' title='bbox 336 2678 658 2746; x_wconf 65' lang='lat' dir='ltr'><strong>uideatis!</strong></span> <span class='ocrx_word' id='word_1_155' title='bbox 738 2687 807 2742; x_wconf 91' lang='lat' dir='ltr'><strong>et</strong></span> <span class='ocrx_word' id='word_1_156' title='bbox 836 2677 1010 2742; x_wconf 86' lang='lat' dir='ltr'><strong>ultra</strong></span> <span class='ocrx_word' id='word_1_157' title='bbox 1042 2678 1126 2741; x_wconf 87' lang='lat' dir='ltr'><strong>de</strong></span> <span class='ocrx_word' id='word_1_158' title='bbox 1157 2679 1292 2743; x_wconf 88' lang='lat' dir='ltr'><strong>suis</strong></span> <span class='ocrx_word' id='word_1_159' title='bbox 1325 2678 1618 2742; x_wconf 86' lang='lat' dir='ltr'><strong>eundem</strong></span> <span class='ocrx_word' id='word_1_160' title='bbox 1649 2677 1944 2761; x_wconf 86' lang='lat' dir='ltr'><strong>plenarie</strong></span> <span class='ocrx_word' id='word_1_161' title='bbox 1976 2678 2358 2757; x_wconf 88' lang='lat' dir='ltr'><strong>adhortans,</strong></span> <span class='ocrx_word' id='word_1_162' title='bbox 2391 2680 2667 2745; x_wconf 89' lang='lat' dir='ltr'><strong>adiecit:</strong></span> <span class='ocrx_word' id='word_1_163' title='bbox 2784 2695 2871 2753; x_wconf 87' lang='lat'><strong>20</strong></span> 
     </span>
    </p>
   </div>
   <div class='ocr_carea' id='block_1_8' title="bbox 471 2803 2208 2891">
    <p class='ocr_par' dir='ltr' id='par_1_9' title="bbox 471 2803 2208 2891">
     <span class='ocr_line' id='line_1_22' title="bbox 471 2803 2208 2891; baseline -0.001 -20"><span class='ocrx_word' id='word_1_164' title='bbox 471 2827 670 2891; x_wconf 82' lang='lat' dir='ltr'><strong>quam</strong></span> <span class='ocrx_word' id='word_1_165' title='bbox 699 2804 774 2871; x_wconf 80' lang='lat' dir='ltr'><strong>ob</strong></span> <span class='ocrx_word' id='word_1_166' title='bbox 803 2827 938 2870; x_wconf 83' lang='lat' dir='ltr'><strong>rem</strong></span> <span class='ocrx_word' id='word_1_167' title='bbox 967 2814 1029 2869; x_wconf 84' lang='lat' dir='ltr'><strong>et</strong></span> <span class='ocrx_word' id='word_1_168' title='bbox 1054 2803 1208 2868; x_wconf 79' lang='lat' dir='ltr'><strong>haec</strong></span> <span class='ocrx_word' id='word_1_169' title='bbox 1218 2805 1489 2888; x_wconf 78' lang='lat' dir='ltr'><strong>patior,-</strong></span> <span class='ocrx_word' id='word_1_170' title='bbox 1537 2805 1657 2870; x_wconf 81' lang='lat' dir='ltr'><strong>sed</strong></span> <span class='ocrx_word' id='word_1_171' title='bbox 1677 2826 1804 2869; x_wconf 76' lang='lat' dir='ltr'><strong>non</strong></span> <span class='ocrx_word' id='word_1_172' title='bbox 1833 2805 2208 2888; x_wconf 85' lang='lat' dir='ltr'><strong>confundor.</strong></span> 
     </span>
    </p>
   </div>
   <div class='ocr_carea' id='block_1_9' title="bbox 468 2942 2758 3027">
    <p class='ocr_par' dir='ltr' id='par_1_10' title="bbox 468 2942 2758 3027">
     <span class='ocr_line' id='line_1_23' title="bbox 468 2942 2758 3027; baseline 0.002 -20"><span class='ocrx_word' id='word_1_173' title='bbox 468 2942 643 3007; x_wconf 89' lang='lat' dir='ltr'><strong>bene</strong></span> <span class='ocrx_word' id='word_1_174' title='bbox 695 2943 919 3026; x_wconf 81' lang='lat' dir='ltr'><strong>posuit</strong></span> <span class='ocrx_word' id='word_1_175' title='bbox 965 2962 1091 3006; x_wconf 83' lang='lat' dir='ltr'><strong>non</strong></span> <span class='ocrx_word' id='word_1_176' title='bbox 1142 2942 1514 3025; x_wconf 80' lang='lat' dir='ltr'><strong>confundor,</strong></span> <span class='ocrx_word' id='word_1_177' title='bbox 1565 2943 1725 3027; x_wconf 85' lang='lat' dir='ltr'><strong>quia</strong></span> <span class='ocrx_word' id='word_1_178' title='bbox 1770 2951 1840 3007; x_wconf 89' lang='lat' dir='ltr'><strong>et</strong></span> <span class='ocrx_word' id='word_1_179' title='bbox 1880 2944 1948 3008; x_wconf 89' lang='lat' dir='ltr'><strong>in</strong></span> <span class='ocrx_word' id='word_1_180' title='bbox 1996 2942 2442 3027; x_wconf 86' lang='lat' dir='ltr'><strong>superioribus</strong></span> <span class='ocrx_word' id='word_1_181' title='bbox 2491 2943 2758 3011; x_wconf 84' lang='lat' dir='ltr'><strong>dixerat</strong></span> 
     </span>
    </p>
   </div>
   <div class='ocr_carea' id='block_1_10' title="bbox 343 3087 2771 3566">
    <p class='ocr_par' dir='ltr' id='par_1_11' title="bbox 343 3087 2771 3566">
     <span class='ocr_line' id='line_1_24' title="bbox 444 3087 2763 3155; baseline 0 -15"><span class='ocrx_word' id='word_1_182' title='bbox 444 3106 466 3141; x_wconf 86' lang='lat'>1</span> <span class='ocrx_word' id='word_1_183' title='bbox 504 3104 638 3140; x_wconf 87' lang='lat' dir='ltr'><strong>nunc</strong></span> <span class='ocrx_word' id='word_1_184' title='bbox 660 3105 738 3139; x_wconf 84' lang='lat' dir='ltr'><strong>om</strong></span> <span class='ocrx_word' id='word_1_185' title='bbox 766 3088 810 3138; x_wconf 91' lang='lat' dir='ltr'><em>C</em></span> <span class='ocrx_word' id='word_1_186' title='bbox 818 3087 889 3138; x_wconf 90' lang='lat' dir='ltr'><em>H</em></span> <span class='ocrx_word' id='word_1_187' title='bbox 1116 3100 1145 3151; x_wconf 82' lang='lat'>5</span> <span class='ocrx_word' id='word_1_188' title='bbox 1181 3087 1468 3154; x_wconf 84' lang='lat' dir='ltr'><strong>probauerit</strong></span> <span class='ocrx_word' id='word_1_189' title='bbox 1488 3088 1559 3139; x_wconf 90' lang='lat' dir='ltr'><em>H</em></span> <span class='ocrx_word' id='word_1_190' title='bbox 1790 3091 1822 3140; x_wconf 89' lang='lat'>8</span> <span class='ocrx_word' id='word_1_191' title='bbox 1856 3089 2123 3140; x_wconf 83' lang='lat' dir='ltr'><strong>ostendens</strong></span> <span class='ocrx_word' id='word_1_192' title='bbox 2144 3104 2224 3139; x_wconf 80' lang='lat' dir='ltr'><strong>om</strong></span> <span class='ocrx_word' id='word_1_193' title='bbox 2250 3088 2295 3139; x_wconf 88' lang='lat' dir='ltr'><em>C</em></span> <span class='ocrx_word' id='word_1_194' title='bbox 2312 3090 2380 3138; x_wconf 99' lang='lat' dir='ltr'><em>H</em></span> <span class='ocrx_word' id='word_1_195' title='bbox 2392 3106 2425 3139; x_wconf 85' lang='lat' dir='ltr'><strong>r</strong></span> <span class='ocrx_word' id='word_1_196' title='bbox 2448 3087 2458 3155; x_wconf 94' lang='grc' dir='ltr'>Ι</span> <span class='ocrx_word' id='word_1_197' title='bbox 2486 3090 2638 3140; x_wconf 79' lang='lat' dir='ltr'><strong>adicit</strong></span> <span class='ocrx_word' id='word_1_198' title='bbox 2667 3092 2713 3141; x_wconf 91' lang='lat' dir='ltr'><em>C</em></span> <span class='ocrx_word' id='word_1_199' title='bbox 2730 3107 2763 3141; x_wconf 77' lang='lat' dir='ltr'><strong>r</strong></span> 
     </span>
     <span class='ocr_line' id='line_1_25' title="bbox 346 3167 2771 3237; baseline 0 -14"><span class='ocrx_word' id='word_1_200' title='bbox 346 3187 403 3223; x_wconf 69' lang='grc' dir='ltr'><strong>ια</strong></span> <span class='ocrx_word' id='word_1_201' title='bbox 438 3171 585 3222; x_wconf 85' lang='lat' dir='ltr'><strong>nobis</strong></span> <span class='ocrx_word' id='word_1_202' title='bbox 606 3186 791 3220; x_wconf 87' lang='lat' dir='ltr'><strong>nouam</strong></span> <span class='ocrx_word' id='word_1_203' title='bbox 813 3186 846 3219; x_wconf 88' lang='lat' dir='ltr'><strong>r</strong></span> <span class='ocrx_word' id='word_1_204' title='bbox 870 3167 880 3235; x_wconf 93' lang='grc' dir='ltr'>Ι</span> <span class='ocrx_word' id='word_1_205' title='bbox 908 3185 1037 3236; x_wconf 87' lang='lat' dir='ltr'><strong>quae</strong></span> <span class='ocrx_word' id='word_1_206' title='bbox 1059 3169 1292 3220; x_wconf 86' lang='lat' dir='ltr'><strong>omnibus</strong></span> <span class='ocrx_word' id='word_1_207' title='bbox 1321 3171 1480 3221; x_wconf 82' lang='lat' dir='ltr'><strong>libera</strong></span> <span class='ocrx_word' id='word_1_208' title='bbox 1511 3186 1557 3221; x_wconf 88' lang='lat' dir='ltr'><strong>e.</strong></span> <span class='ocrx_word' id='word_1_209' title='bbox 1587 3169 1666 3221; x_wconf 79' lang='lat' dir='ltr'><strong>C*</strong></span> <span class='ocrx_word' id='word_1_210' title='bbox 1691 3187 1724 3221; x_wconf 90' lang='lat' dir='ltr'><strong>r</strong></span> <span class='ocrx_word' id='word_1_211' title='bbox 1796 3171 2035 3237; x_wconf 84' lang='lat' dir='ltr'><strong>quoniam</strong></span> <span class='ocrx_word' id='word_1_212' title='bbox 2068 3171 2299 3221; x_wconf 87' lang='lat' dir='ltr'><strong>omnibus</strong></span> <span class='ocrx_word' id='word_1_213' title='bbox 2331 3171 2571 3222; x_wconf 79' lang='lat' dir='ltr'><strong>liberatus</strong></span> <span class='ocrx_word' id='word_1_214' title='bbox 2603 3180 2680 3224; x_wconf 85' lang='lat' dir='ltr'><strong>est</strong></span> <span class='ocrx_word' id='word_1_215' title='bbox 2700 3174 2771 3223; x_wconf 91' lang='lat' dir='ltr'><em>H</em></span> 
     </span>
     <span class='ocr_line' id='line_1_26' title="bbox 348 3251 2764 3319; baseline 0.001 -15"><span class='ocrx_word' id='word_1_216' title='bbox 348 3270 407 3319; x_wconf 81' lang='lat'><strong>13</strong></span> <span class='ocrx_word' id='word_1_217' title='bbox 442 3252 810 3303; x_wconf 84' lang='lat' dir='ltr'><strong>resurrectionis</strong></span> <span class='ocrx_word' id='word_1_218' title='bbox 831 3252 901 3301; x_wconf 89' lang='lat' dir='ltr'><em>H</em></span> <span class='ocrx_word' id='word_1_219' title='bbox 1155 3266 1215 3314; x_wconf 84' lang='lat'><strong>14</strong></span> <span class='ocrx_word' id='word_1_220' title='bbox 1247 3252 1645 3316; x_wconf 82' lang='lat' dir='ltr'><strong>magnitudinem</strong></span> <span class='ocrx_word' id='word_1_221' title='bbox 1672 3252 1717 3303; x_wconf 88' lang='lat' dir='ltr'><em>C</em></span> <span class='ocrx_word' id='word_1_222' title='bbox 1734 3254 1802 3302; x_wconf 91' lang='grc' dir='ltr'><em>Η</em></span> <span class='ocrx_word' id='word_1_223' title='bbox 1814 3269 1848 3302; x_wconf 92' lang='lat' dir='ltr'><strong>r</strong></span> <span class='ocrx_word' id='word_1_224' title='bbox 2120 3266 2178 3316; x_wconf 85' lang='lat'><strong>15</strong></span> <span class='ocrx_word' id='word_1_225' title='bbox 2211 3254 2266 3303; x_wconf 87' lang='lat' dir='ltr'><strong>in</strong></span> <span class='ocrx_word' id='word_1_226' title='bbox 2291 3251 2397 3319; x_wconf 63' lang='lat' dir='ltr'><strong>(bqf</strong></span> <span class='ocrx_word' id='word_1_227' title='bbox 2402 3254 2639 3317; x_wconf 86' lang='lat' dir='ltr'><strong>eundem)</strong></span> <span class='ocrx_word' id='word_1_228' title='bbox 2660 3256 2764 3306; x_wconf 78' lang='lat' dir='ltr'><strong>add</strong></span> 
     </span>
     <span class='ocr_line' id='line_1_27' title="bbox 348 3329 2757 3402; baseline 0.002 -19"><span class='ocrx_word' id='word_1_229' title='bbox 348 3334 468 3383; x_wconf 89' lang='lat' dir='ltr'><strong>CH</strong></span> <span class='ocrx_word' id='word_1_230' title='bbox 489 3330 498 3397; x_wconf 84' lang='grc' dir='ltr'>Ι</span> <span class='ocrx_word' id='word_1_231' title='bbox 525 3331 677 3381; x_wconf 76' lang='lat' dir='ltr'><strong>adicit</strong></span> <span class='ocrx_word' id='word_1_232' title='bbox 705 3330 750 3381; x_wconf 88' lang='lat' dir='ltr'><em>C</em></span> <span class='ocrx_word' id='word_1_233' title='bbox 767 3347 800 3380; x_wconf 85' lang='lat' dir='ltr'><strong>r</strong></span> <span class='ocrx_word' id='word_1_234' title='bbox 965 3330 1026 3382; x_wconf 92' lang='lat'><strong>16</strong></span> <span class='ocrx_word' id='word_1_235' title='bbox 1058 3337 1110 3381; x_wconf 85' lang='lat' dir='ltr'><strong>et</strong></span> <span class='ocrx_word' id='word_1_236' title='bbox 1129 3347 1208 3381; x_wconf 81' lang='lat' dir='ltr'><strong>om</strong></span> <span class='ocrx_word' id='word_1_237' title='bbox 1230 3347 1264 3382; x_wconf 87' lang='lat' dir='ltr'><strong>r</strong></span> <span class='ocrx_word' id='word_1_238' title='bbox 1286 3329 1296 3399; x_wconf 87' lang='grc' dir='ltr'>Ι</span> <span class='ocrx_word' id='word_1_239' title='bbox 1326 3332 1561 3396; x_wconf 82' lang='lat' dir='ltr'><strong>magister</strong></span> <span class='ocrx_word' id='word_1_240' title='bbox 1585 3331 1703 3397; x_wconf 88' lang='lat' dir='ltr'><em>(sor</em></span> <span class='ocrx_word' id='word_1_241' title='bbox 1722 3331 1917 3400; x_wconf 86' lang='lat' dir='ltr'><strong>doctor)</strong></span> <span class='ocrx_word' id='word_1_242' title='bbox 1941 3350 1975 3385; x_wconf 86' lang='lat' dir='ltr'><strong>r</strong></span> <span class='ocrx_word' id='word_1_243' title='bbox 2140 3348 2201 3400; x_wconf 89' lang='lat'><strong>19</strong></span> <span class='ocrx_word' id='word_1_244' title='bbox 2230 3334 2488 3400; x_wconf 82' lang='lat' dir='ltr'><strong>apostolus</strong></span> <span class='ocrx_word' id='word_1_245' title='bbox 2513 3333 2610 3401; x_wconf 59' lang='grc' dir='ltr'><strong>(ψ</strong></span> <span class='ocrx_word' id='word_1_246' title='bbox 2627 3335 2757 3402; x_wconf 85' lang='lat' dir='ltr'><strong>sum)</strong></span> 
     </span>
     <span class='ocr_line' id='line_1_28' title="bbox 343 3410 2762 3482; baseline 0.002 -18"><span class='ocrx_word' id='word_1_247' title='bbox 343 3410 1149 3479; x_wconf 61' lang='lat' dir='ltr'><strong>addrlita(hq&#39;agens)addH</strong></span> <span class='ocrx_word' id='word_1_248' title='bbox 1368 3429 1433 3464; x_wconf 71' lang='grc' dir='ltr'><strong>ἰο</strong></span> <span class='ocrx_word' id='word_1_249' title='bbox 1464 3415 1618 3465; x_wconf 82' lang='lat' dir='ltr'><strong>adicit</strong></span> <span class='ocrx_word' id='word_1_250' title='bbox 1658 3415 1755 3466; x_wconf 85' lang='lat' dir='ltr'><strong>Cr</strong></span> <span class='ocrx_word' id='word_1_251' title='bbox 1984 3418 2640 3482; x_wconf 80' lang='lat' dir='ltr'><strong>21quamobcausamH</strong></span> <span class='ocrx_word' id='word_1_252' title='bbox 2693 3419 2762 3469; x_wconf 91' lang='lat' dir='ltr'><strong>ob</strong></span> 
     </span>
     <span class='ocr_line' id='line_1_29' title="bbox 343 3495 1727 3566; baseline -0.002 -16"><span class='ocrx_word' id='word_1_253' title='bbox 343 3515 496 3566; x_wconf 86' lang='lat' dir='ltr'><strong>quam</strong></span> <span class='ocrx_word' id='word_1_254' title='bbox 516 3513 718 3549; x_wconf 79' lang='lat' dir='ltr'><strong>oausam</strong></span> <span class='ocrx_word' id='word_1_255' title='bbox 738 3496 790 3546; x_wconf 65' lang='grc' dir='ltr'><strong>Β.</strong></span> <span class='ocrx_word' id='word_1_256' title='bbox 816 3511 865 3560; x_wconf 88' lang='lat' dir='ltr'><strong>p.</strong></span> <span class='ocrx_word' id='word_1_257' title='bbox 894 3511 927 3545; x_wconf 88' lang='lat' dir='ltr'><strong>r</strong></span> <span class='ocrx_word' id='word_1_258' title='bbox 1143 3507 1204 3544; x_wconf 67' lang='grc' dir='ltr'><strong>αα</strong></span> <span class='ocrx_word' id='word_1_259' title='bbox 1239 3495 1499 3560; x_wconf 85' lang='lat' dir='ltr'><strong>superibus</strong></span> <span class='ocrx_word' id='word_1_260' title='bbox 1525 3495 1635 3561; x_wconf 83' lang='lat' dir='ltr'><strong>(sic)</strong></span> <span class='ocrx_word' id='word_1_261' title='bbox 1658 3497 1727 3546; x_wconf 91' lang='grc' dir='ltr'><em>Η</em></span> 
     </span>
    </p>
   </div>
   <div class='ocr_carea' id='block_1_11' title="bbox 343 3624 2766 4503">
    <p class='ocr_par' dir='ltr' id='par_1_12' title="bbox 343 3624 2766 4503">
     <span class='ocr_line' id='line_1_30' title="bbox 343 3624 2755 3693; baseline 0.001 -15"><span class='ocrx_word' id='word_1_262' title='bbox 343 3646 376 3691; x_wconf 85' lang='grc'><strong>4</strong></span> <span class='ocrx_word' id='word_1_263' title='bbox 408 3627 611 3693; x_wconf 79' lang='lat' dir='ltr'><strong>(infra).</strong></span> <span class='ocrx_word' id='word_1_264' title='bbox 666 3626 780 3676; x_wconf 85' lang='lat' dir='ltr'><strong>The</strong></span> <span class='ocrx_word' id='word_1_265' title='bbox 813 3625 1055 3677; x_wconf 76' lang='lat' dir='ltr'><strong>omission</strong></span> <span class='ocrx_word' id='word_1_266' title='bbox 1084 3624 1144 3675; x_wconf 87' lang='lat' dir='ltr'><strong>of</strong></span> <span class='ocrx_word' id='word_1_267' title='bbox 1174 3641 1314 3675; x_wconf 81' lang='lat' dir='ltr'><strong>nunc</strong></span> <span class='ocrx_word' id='word_1_268' title='bbox 1337 3625 1379 3676; x_wconf 86' lang='lat' dir='ltr'><strong>is</strong></span> <span class='ocrx_word' id='word_1_269' title='bbox 1412 3633 1504 3677; x_wconf 88' lang='lat' dir='ltr'><strong>not</strong></span> <span class='ocrx_word' id='word_1_270' title='bbox 1674 3626 1749 3680; x_wconf 83' lang='lat'><strong>16.</strong></span> <span class='ocrx_word' id='word_1_271' title='bbox 1819 3628 1988 3679; x_wconf 81' lang='lat' dir='ltr'><strong>doctor</strong></span> <span class='ocrx_word' id='word_1_272' title='bbox 2024 3627 2277 3693; x_wconf 46' lang='lat' dir='ltr'><strong>gattam]</strong></span> <span class='ocrx_word' id='word_1_273' title='bbox 2333 3629 2484 3678; x_wconf 78' lang='lat' dir='ltr'><strong>Latin</strong></span> <span class='ocrx_word' id='word_1_274' title='bbox 2517 3629 2755 3691; x_wconf 51' lang='lat' dir='ltr'><strong>version&amp;</strong></span> 
     </span>
     <span class='ocr_line' id='line_1_31' title="bbox 345 3707 2463 3775; baseline 0 -15"><span class='ocrx_word' id='word_1_275' title='bbox 345 3711 445 3761; x_wconf 83' lang='lat' dir='ltr'><strong>due</strong></span> <span class='ocrx_word' id='word_1_276' title='bbox 466 3717 521 3761; x_wconf 90' lang='lat' dir='ltr'><strong>to</strong></span> <span class='ocrx_word' id='word_1_277' title='bbox 542 3709 688 3759; x_wconf 85' lang='lat' dir='ltr'><strong>Th.’s</strong></span> <span class='ocrx_word' id='word_1_278' title='bbox 717 3714 852 3767; x_wconf 79' lang='lat' dir='ltr'><strong>text3</strong></span> <span class='ocrx_word' id='word_1_279' title='bbox 886 3723 971 3758; x_wconf 78' lang='lat' dir='ltr'><strong>see</strong></span> <span class='ocrx_word' id='word_1_280' title='bbox 1000 3707 1088 3757; x_wconf 82' lang='lat' dir='ltr'><strong>the</strong></span> <span class='ocrx_word' id='word_1_281' title='bbox 1117 3722 1317 3769; x_wconf 68' lang='lat' dir='ltr'><strong>comm„</strong></span> <span class='ocrx_word' id='word_1_282' title='bbox 1343 3707 1499 3770; x_wconf 80' lang='lat' dir='ltr'><strong>infra,</strong></span> <span class='ocrx_word' id='word_1_283' title='bbox 1608 3708 1948 3775; x_wconf 77' lang='lat' dir='ltr'><strong>“magistet.’&#39;</strong></span> <span class='ocrx_word' id='word_1_284' title='bbox 2010 3709 2088 3761; x_wconf 84' lang='lat' dir='ltr'><strong>Cf.</strong></span> <span class='ocrx_word' id='word_1_285' title='bbox 2123 3726 2147 3761; x_wconf 87' lang='lat'>1</span> <span class='ocrx_word' id='word_1_286' title='bbox 2174 3710 2310 3760; x_wconf 89' lang='lat' dir='ltr'><strong>Tim.</strong></span> <span class='ocrx_word' id='word_1_287' title='bbox 2335 3710 2384 3760; x_wconf 84' lang='lat' dir='ltr'><strong>ii.</strong></span> <span class='ocrx_word' id='word_1_288' title='bbox 2414 3708 2463 3761; x_wconf 90' lang='grc'><strong>6.</strong></span> 
     </span>
     <span class='ocr_line' id='line_1_32' title="bbox 346 3789 2762 3858; baseline -0 -15"><span class='ocrx_word' id='word_1_289' title='bbox 346 3793 384 3843; x_wconf 92' lang='grc'><strong>1.</strong></span> <span class='ocrx_word' id='word_1_290' title='bbox 436 3806 482 3858; x_wconf 78' lang='grc'><strong>5.</strong></span> <span class='ocrx_word' id='word_1_291' title='bbox 557 3793 924 3845; x_wconf 72' lang='lat' dir='ltr'><strong>Reudatiomn</strong></span> <span class='ocrx_word' id='word_1_292' title='bbox 971 3793 1143 3855; x_wconf 60' lang='grc' dir='ltr'><strong>(ετ-ῆς</strong></span> <span class='ocrx_word' id='word_1_293' title='bbox 1197 3792 1504 3852; x_wconf 59' lang='grc' dir='ltr'><strong>ἐπιφανείας</strong></span> <span class='ocrx_word' id='word_1_294' title='bbox 1669 3805 1751 3841; x_wconf 74' lang='lat'><strong>21.</strong></span> <span class='ocrx_word' id='word_1_295' title='bbox 1814 3806 1969 3856; x_wconf 77' lang='lat' dir='ltr'><strong>quam</strong></span> <span class='ocrx_word' id='word_1_296' title='bbox 2000 3790 2056 3841; x_wconf 85' lang='lat' dir='ltr'><strong>ob</strong></span> <span class='ocrx_word' id='word_1_297' title='bbox 2087 3790 2215 3852; x_wconf 80' lang='lat' dir='ltr'><strong>rem]</strong></span> <span class='ocrx_word' id='word_1_298' title='bbox 2262 3789 2359 3841; x_wconf 85' lang='lat' dir='ltr'><strong>See</strong></span> <span class='ocrx_word' id='word_1_299' title='bbox 2396 3796 2516 3840; x_wconf 88' lang='lat' dir='ltr'><strong>note</strong></span> <span class='ocrx_word' id='word_1_300' title='bbox 2549 3805 2619 3840; x_wconf 88' lang='lat' dir='ltr'><strong>on</strong></span> <span class='ocrx_word' id='word_1_301' title='bbox 2649 3806 2698 3841; x_wconf 83' lang='lat' dir='ltr'><strong>v.</strong></span> <span class='ocrx_word' id='word_1_302' title='bbox 2729 3789 2762 3842; x_wconf 91' lang='lat'><strong>6</strong></span> 
     </span>
     <span class='ocr_line' id='line_1_33' title="bbox 347 3854 1813 3938; baseline -0.003 -13"><span class='ocrx_word' id='word_1_303' title='bbox 347 3854 411 3925; x_wconf 65' lang='lat'><strong>80⁸</strong></span> <span class='ocrx_word' id='word_1_304' title='bbox 443 3872 606 3938; x_wconf 80' lang='lat' dir='ltr'><strong>again,</strong></span> <span class='ocrx_word' id='word_1_305' title='bbox 647 3888 690 3925; x_wconf 85' lang='lat' dir='ltr'><strong>c.</strong></span> <span class='ocrx_word' id='word_1_306' title='bbox 734 3873 803 3923; x_wconf 73' lang='lat' dir='ltr'><strong>iv.</strong></span> <span class='ocrx_word' id='word_1_307' title='bbox 849 3871 927 3938; x_wconf 84' lang='lat'><strong>1);</strong></span> <span class='ocrx_word' id='word_1_308' title='bbox 964 3872 1138 3937; x_wconf 69' lang='lat' dir='ltr'><strong>Vulg„</strong></span> <span class='ocrx_word' id='word_1_309' title='bbox 1189 3871 1502 3921; x_wconf 73' lang='lat' dir='ltr'><strong>“inlumina-</strong></span> <span class='ocrx_word' id='word_1_310' title='bbox 1604 3867 1813 3935; x_wconf 59' lang='lat' dir='ltr'><strong>(supra).</strong></span> 
     </span>
     <span class='ocr_line' id='line_1_34' title="bbox 345 3947 2763 4018; baseline -0.002 -13"><span class='ocrx_word' id='word_1_311' title='bbox 345 3953 589 4014; x_wconf 83' lang='lat' dir='ltr'><strong>tionem‚”</strong></span> <span class='ocrx_word' id='word_1_312' title='bbox 624 3952 817 4017; x_wconf 85' lang='lat' dir='ltr'><strong>though</strong></span> <span class='ocrx_word' id='word_1_313' title='bbox 846 3953 898 4002; x_wconf 84' lang='lat' dir='ltr'><strong>in</strong></span> <span class='ocrx_word' id='word_1_314' title='bbox 926 3953 1011 4003; x_wconf 86' lang='lat' dir='ltr'><strong>the</strong></span> <span class='ocrx_word' id='word_1_315' title='bbox 1043 3959 1162 4004; x_wconf 76' lang='lat' dir='ltr'><strong>next</strong></span> <span class='ocrx_word' id='word_1_316' title='bbox 1191 3968 1331 4003; x_wconf 77' lang='lat' dir='ltr'><strong>verse</strong></span> <span class='ocrx_word' id='word_1_317' title='bbox 1371 3953 1504 4018; x_wconf 86' lang='lat' dir='ltr'><strong>“qui</strong></span> <span class='ocrx_word' id='word_1_318' title='bbox 1671 3959 1751 3996; x_wconf 66' lang='grc' dir='ltr'><strong>αα.</strong></span> <span class='ocrx_word' id='word_1_319' title='bbox 1816 3948 1931 3999; x_wconf 75' lang='lat' dir='ltr'><strong>bene</strong></span> <span class='ocrx_word' id='word_1_320' title='bbox 1936 3948 2114 4013; x_wconf 78' lang='lat' dir='ltr'><strong>posuit</strong></span> <span class='ocrx_word' id='word_1_321' title='bbox 2134 3951 2260 3998; x_wconf 77' lang='lat' dir='ltr'><em>‘non</em></span> <span class='ocrx_word' id='word_1_322' title='bbox 2281 3947 2602 4013; x_wconf 75' lang='lat' dir='ltr'><strong>confhndor&#39;]</strong></span> <span class='ocrx_word' id='word_1_323' title='bbox 2650 3949 2763 4000; x_wconf 86' lang='lat' dir='ltr'><strong>The</strong></span> 
     </span>
     <span class='ocr_line' id='line_1_35' title="bbox 346 4029 2764 4098; baseline -0.002 -11"><span class='ocrx_word' id='word_1_324' title='bbox 346 4034 856 4087; x_wconf 75' lang='lat' dir='ltr'><strong>inluminauit&#39;&#39;=⁴rofl</strong></span> <span class='ocrx_word' id='word_1_325' title='bbox 890 4038 1210 4098; x_wconf 64' lang='grc' dir='ltr'><strong>φωτίσαντος.</strong></span> <span class='ocrx_word' id='word_1_326' title='bbox 1604 4031 1872 4080; x_wconf 78' lang='lat' dir='ltr'><strong>translator</strong></span> <span class='ocrx_word' id='word_1_327' title='bbox 1907 4030 1951 4081; x_wconf 82' lang='lat' dir='ltr'><strong>is</strong></span> <span class='ocrx_word' id='word_1_328' title='bbox 1989 4029 2109 4080; x_wconf 86' lang='lat' dir='ltr'><strong>here</strong></span> <span class='ocrx_word' id='word_1_329' title='bbox 2146 4045 2205 4080; x_wconf 80' lang='lat' dir='ltr'><strong>so</strong></span> <span class='ocrx_word' id='word_1_330' title='bbox 2246 4029 2350 4080; x_wconf 83' lang='lat' dir='ltr'><strong>tied</strong></span> <span class='ocrx_word' id='word_1_331' title='bbox 2390 4037 2444 4080; x_wconf 89' lang='lat' dir='ltr'><strong>to</strong></span> <span class='ocrx_word' id='word_1_332' title='bbox 2482 4031 2568 4080; x_wconf 87' lang='lat' dir='ltr'><strong>the</strong></span> <span class='ocrx_word' id='word_1_333' title='bbox 2613 4032 2764 4082; x_wconf 85' lang='lat' dir='ltr'><strong>Latin</strong></span> 
     </span>
     <span class='ocr_line' id='line_1_36' title="bbox 418 4111 2764 4180; baseline -0 -16"><span class='ocrx_word' id='word_1_334' title='bbox 418 4129 465 4179; x_wconf 83' lang='lat'><strong>5.</strong></span> <span class='ocrx_word' id='word_1_335' title='bbox 489 4115 792 4180; x_wconf 79' lang='lat' dir='ltr'><strong>probauerat</strong></span> <span class='ocrx_word' id='word_1_336' title='bbox 811 4116 977 4177; x_wconf 83' lang='lat' dir='ltr'><strong>Deus]</strong></span> <span class='ocrx_word' id='word_1_337' title='bbox 1017 4115 1096 4166; x_wconf 87' lang='lat' dir='ltr'><strong>Cf.</strong></span> <span class='ocrx_word' id='word_1_338' title='bbox 1122 4127 1161 4165; x_wconf 87' lang='lat'><strong>1.</strong></span> <span class='ocrx_word' id='word_1_339' title='bbox 1179 4130 1230 4180; x_wconf 89' lang='lat' dir='ltr'><strong>p.</strong></span> <span class='ocrx_word' id='word_1_340' title='bbox 1255 4113 1421 4178; x_wconf 72' lang='lat'><strong>125,1.</strong></span> <span class='ocrx_word' id='word_1_341' title='bbox 1444 4130 1505 4179; x_wconf 75' lang='lat'><strong>32</strong></span> <span class='ocrx_word' id='word_1_342' title='bbox 1605 4111 1842 4173; x_wconf 57' lang='lat' dir='ltr'><strong>versione,</strong></span> <span class='ocrx_word' id='word_1_343' title='bbox 1892 4112 2001 4162; x_wconf 82' lang='lat' dir='ltr'><strong>that</strong></span> <span class='ocrx_word' id='word_1_344' title='bbox 2045 4112 2134 4162; x_wconf 87' lang='lat' dir='ltr'><strong>the</strong></span> <span class='ocrx_word' id='word_1_345' title='bbox 2176 4112 2537 4176; x_wconf 79' lang='lat' dir='ltr'><strong>requirements</strong></span> <span class='ocrx_word' id='word_1_346' title='bbox 2580 4112 2640 4162; x_wconf 86' lang='lat' dir='ltr'><strong>of</strong></span> <span class='ocrx_word' id='word_1_347' title='bbox 2677 4113 2764 4163; x_wconf 87' lang='lat' dir='ltr'><strong>the</strong></span> 
     </span>
     <span class='ocr_line' id='line_1_37' title="bbox 350 4194 2763 4262; baseline -0.002 -13"><span class='ocrx_word' id='word_1_348' title='bbox 350 4197 652 4262; x_wconf 72' lang='lat' dir='ltr'><strong>“antiquam</strong></span> <span class='ocrx_word' id='word_1_349' title='bbox 696 4194 851 4246; x_wconf 64' lang='lat' dir='ltr'><strong>fixisse</strong></span> <span class='ocrx_word' id='word_1_350' title='bbox 903 4197 1003 4248; x_wconf 89' lang='lat' dir='ltr'><strong>Dei</strong></span> <span class='ocrx_word' id='word_1_351' title='bbox 1046 4197 1112 4248; x_wconf 82' lang='lat' dir='ltr'><strong>de</strong></span> <span class='ocrx_word' id='word_1_352' title='bbox 1155 4196 1234 4246; x_wconf 86' lang='lat' dir='ltr'><strong>his</strong></span> <span class='ocrx_word' id='word_1_353' title='bbox 1287 4196 1500 4261; x_wconf 81' lang='lat' dir='ltr'><strong>proba·</strong></span> <span class='ocrx_word' id='word_1_354' title='bbox 1605 4210 1749 4245; x_wconf 82' lang='lat' dir='ltr'><strong>sense</strong></span> <span class='ocrx_word' id='word_1_355' title='bbox 1769 4194 1899 4244; x_wconf 84' lang='lat' dir='ltr'><strong>have</strong></span> <span class='ocrx_word' id='word_1_356' title='bbox 1927 4201 2018 4244; x_wconf 88' lang='lat' dir='ltr'><strong>not</strong></span> <span class='ocrx_word' id='word_1_357' title='bbox 2044 4194 2260 4245; x_wconf 84' lang='lat' dir='ltr'><strong>induced</strong></span> <span class='ocrx_word' id='word_1_358' title='bbox 2291 4194 2398 4243; x_wconf 89' lang='lat' dir='ltr'><strong>him</strong></span> <span class='ocrx_word' id='word_1_359' title='bbox 2419 4202 2474 4245; x_wconf 88' lang='lat' dir='ltr'><strong>to</strong></span> <span class='ocrx_word' id='word_1_360' title='bbox 2496 4194 2763 4245; x_wconf 85' lang='lat' dir='ltr'><strong>substitute</strong></span> 
     </span>
     <span class='ocr_line' id='line_1_38' title="bbox 350 4270 2763 4336; baseline -0.004 -4"><span class='ocrx_word' id='word_1_361' title='bbox 350 4283 579 4332; x_wconf 87' lang='lat' dir='ltr'><strong>tionem</strong></span> <span class='ocrx_word' id='word_1_362' title='bbox 601 4276 869 4327; x_wconf 74' lang='lat' dir='ltr'><strong>ostendit-’⁹</strong></span> <span class='ocrx_word' id='word_1_363' title='bbox 921 4279 1075 4328; x_wconf 87' lang='lat' dir='ltr'><strong>From</strong></span> <span class='ocrx_word' id='word_1_364' title='bbox 1098 4280 1339 4336; x_wconf 76' lang='grc' dir='ltr'><strong><em>δοθεῖσαν,</em></strong></span> <span class='ocrx_word' id='word_1_365' title='bbox 1350 4280 1499 4328; x_wconf 55' lang='lat' dir='ltr'><strong>rank.</strong></span> <span class='ocrx_word' id='word_1_366' title='bbox 1607 4270 1942 4334; x_wconf 80' lang='lat' dir='ltr'><strong>“erubesco,”</strong></span> <span class='ocrx_word' id='word_1_367' title='bbox 1963 4288 2090 4323; x_wconf 84' lang='lat' dir='ltr'><strong>even</strong></span> <span class='ocrx_word' id='word_1_368' title='bbox 2112 4273 2166 4322; x_wconf 90' lang='lat' dir='ltr'><strong>in</strong></span> <span class='ocrx_word' id='word_1_369' title='bbox 2187 4273 2274 4323; x_wconf 86' lang='lat' dir='ltr'><strong>the</strong></span> <span class='ocrx_word' id='word_1_370' title='bbox 2294 4288 2476 4323; x_wconf 89' lang='lat' dir='ltr'><strong>comm.</strong></span> <span class='ocrx_word' id='word_1_371' title='bbox 2512 4273 2626 4323; x_wconf 87' lang='lat' dir='ltr'><strong>The</strong></span> <span class='ocrx_word' id='word_1_372' title='bbox 2642 4289 2763 4323; x_wconf 88' lang='lat' dir='ltr'><strong>con-</strong></span> 
     </span>
     <span class='ocr_line' id='line_1_39' title="bbox 348 4353 2766 4421; baseline -0.004 -6"><span class='ocrx_word' id='word_1_373' title='bbox 348 4364 506 4415; x_wconf 89' lang='lat' dir='ltr'><strong>Thdt.</strong></span> <span class='ocrx_word' id='word_1_374' title='bbox 541 4360 705 4410; x_wconf 77' lang='lat' dir='ltr'><strong>draws</strong></span> <span class='ocrx_word' id='word_1_375' title='bbox 737 4374 769 4408; x_wconf 79' lang='lat' dir='ltr'><strong>a</strong></span> <span class='ocrx_word' id='word_1_376' title='bbox 804 4358 991 4410; x_wconf 84' lang='lat' dir='ltr'><strong>further</strong></span> <span class='ocrx_word' id='word_1_377' title='bbox 1025 4358 1291 4421; x_wconf 84' lang='lat' dir='ltr'><strong>inserence,</strong></span> <span class='ocrx_word' id='word_1_378' title='bbox 1326 4359 1493 4410; x_wconf 87' lang='lat' dir='ltr'><strong>which</strong></span> <span class='ocrx_word' id='word_1_379' title='bbox 1605 4353 1793 4405; x_wconf 80' lang='lat' dir='ltr'><strong>nexion</strong></span> <span class='ocrx_word' id='word_1_380' title='bbox 1808 4356 2037 4406; x_wconf 82' lang='lat' dir='ltr'><strong>between</strong></span> <span class='ocrx_word' id='word_1_381' title='bbox 2053 4371 2218 4406; x_wconf 66' lang='lat' dir='ltr'><strong>verses</strong></span> <span class='ocrx_word' id='word_1_382' title='bbox 2235 4357 2266 4405; x_wconf 88' lang='lat'>8</span> <span class='ocrx_word' id='word_1_383' title='bbox 2288 4355 2390 4404; x_wconf 77' lang='lat' dir='ltr'><strong>and</strong></span> <span class='ocrx_word' id='word_1_384' title='bbox 2417 4369 2475 4405; x_wconf 76' lang='lat'><strong>12</strong></span> <span class='ocrx_word' id='word_1_385' title='bbox 2499 4355 2542 4405; x_wconf 84' lang='lat' dir='ltr'><strong>is</strong></span> <span class='ocrx_word' id='word_1_386' title='bbox 2561 4355 2766 4406; x_wconf 87' lang='lat' dir='ltr'><strong>noticed</strong></span> 
     </span>
     <span class='ocr_line' id='line_1_40' title="bbox 350 4431 2766 4503; baseline -0.005 -8"><span class='ocrx_word' id='word_1_387' title='bbox 350 4443 452 4495; x_wconf 82' lang='lat' dir='ltr'><strong>Th.</strong></span> <span class='ocrx_word' id='word_1_388' title='bbox 487 4442 581 4495; x_wconf 77' lang='lat' dir='ltr'><strong>has</strong></span> <span class='ocrx_word' id='word_1_389' title='bbox 613 4437 953 4492; x_wconf 71' lang='lat' dir='ltr'><strong>overlookedz</strong></span> <span class='ocrx_word' id='word_1_390' title='bbox 986 4440 1162 4503; x_wconf 74' lang='grc' dir='ltr'><strong>ἔδειξεν</strong></span> <span class='ocrx_word' id='word_1_391' title='bbox 1197 4441 1285 4491; x_wconf 74' lang='grc' dir='ltr'><strong>τοῦ</strong></span> <span class='ocrx_word' id='word_1_392' title='bbox 1317 4440 1419 4490; x_wconf 72' lang='lat' dir='ltr'><strong>otoo</strong></span> <span class='ocrx_word' id='word_1_393' title='bbox 1447 4439 1508 4489; x_wconf 77' lang='grc' dir='ltr'><strong>τὸ</strong></span> <span class='ocrx_word' id='word_1_394' title='bbox 1605 4435 1714 4487; x_wconf 82' lang='lat' dir='ltr'><strong>also</strong></span> <span class='ocrx_word' id='word_1_395' title='bbox 1735 4435 1806 4499; x_wconf 79' lang='lat' dir='ltr'><strong>by</strong></span> <span class='ocrx_word' id='word_1_396' title='bbox 1821 4435 2003 4487; x_wconf 70' lang='lat' dir='ltr'><strong>Thdtz</strong></span> <span class='ocrx_word' id='word_1_397' title='bbox 2043 4431 2152 4485; x_wconf 70' lang='lat' dir='ltr'><strong>‘onix</strong></span> <span class='ocrx_word' id='word_1_398' title='bbox 2172 4432 2572 4498; x_wconf 52' lang='lat' dir='ltr'><strong>&amp;rathiromust</strong></span> <span class='ocrx_word' id='word_1_399' title='bbox 2594 4436 2766 4484; x_wconf 82' lang='grc' dir='ltr'><strong><em>τούτου</em></strong></span> 
     </span>
    </p>
   </div>
   <div class='ocr_carea' id='block_1_12' title="bbox 350 4514 2766 4580">
    <p class='ocr_par' dir='ltr' id='par_1_13' title="bbox 350 4514 2766 4580">
     <span class='ocr_line' id='line_1_41' title="bbox 350 4514 2766 4580; baseline -0.005 -4"><span class='ocrx_word' id='word_1_400' title='bbox 350 4526 517 4576; x_wconf 69' lang='grc' dir='ltr'><strong>ἀΐδιον.</strong></span> <span class='ocrx_word' id='word_1_401' title='bbox 1608 4518 1756 4580; x_wconf 73' lang='grc' dir='ltr'>χάριν</span> <span class='ocrx_word' id='word_1_402' title='bbox 1799 4519 1881 4569; x_wconf 73' lang='grc' dir='ltr'><strong>καὶ</strong></span> <span class='ocrx_word' id='word_1_403' title='bbox 1915 4514 1986 4580; x_wconf 73' lang='grc' dir='ltr'><strong>τῷ</strong></span> <span class='ocrx_word' id='word_1_404' title='bbox 2022 4514 2220 4580; x_wconf 74' lang='grc' dir='ltr'>μαθητῇ</span> <span class='ocrx_word' id='word_1_405' title='bbox 2266 4515 2336 4579; x_wconf 75' lang='grc' dir='ltr'><strong>μή</strong></span> <span class='ocrx_word' id='word_1_406' title='bbox 2379 4514 2766 4579; x_wconf 70' lang='grc' dir='ltr'>ἐπαισχύνεσθαι</span> 
     </span>
    </p>
   </div>
  </div>
 </body>
</html>
