3221 5116
487 376 606 453 148
1156 389 1616 440 THEODORUS
1662 391 2245 445 MOPSUESTENUS
2464 382 2614 467 [IV.
2656 399 2749 461 12,
2792 397 2896 471 13,

481 566 736 622 stanter
776 559 1094 637 insistere,
1135 562 1189 624 si
1242 564 1514 646 quando
1568 585 1670 628 res
1721 565 1865 648 ipsa
1907 586 2059 629 eum
2101 567 2166 630 id
2216 565 2430 630 facere
2461 567 2898 650 compellerit.

480 661 722 726 deinde
780 665 936 746 quia
989 665 1245 729 iuuenis
1304 677 1463 744 erat,
1524 676 1593 732 et
1654 669 2008 733 uidebatur
2066 679 2252 734 aetas
2305 671 2449 753 ipsa
2497 691 2538 734 a
2600 671 2901 754 plurimis

480 768 889 849 contempni,
920 769 1162 832 adiecit
1188 791 1201 833 :

611 934 792 976 nemo
822 913 1214 978 iuuentutem
1246 925 1429 980 tuam
1458 927 1871 1000 contempnat.

416 1053 449 1120 5
613 1040 783 1104 ‘noli
823 1050 1047 1105 autem
1088 1054 1359 1126 propter
1394 1052 1685 1108 aetatem
1719 1045 2158 1128 pusillanimis
2198 1067 2358 1123 esse,
2405 1067 2621 1130 neque
2660 1068 2899 1112 caueas

480 1144 639 1227 quin
689 1165 841 1207 cum
891 1148 1285 1210 auctoritate
1332 1148 1590 1223 doceas,
1647 1168 1728 1212 eo
1777 1151 1958 1232 quod
2012 1151 2097 1214 ad
2153 1148 2280 1213 hoc
2322 1151 2411 1213 sis
2448 1152 2514 1213 in
2555 1152 2899 1215 iuuentute

479 1247 762 1313 electus!
849 1249 1259 1314 admirabilis
1291 1272 1445 1315 uere
1474 1262 1577 1316 est
1608 1254 1896 1318 adiectio
1927 1275 2130 1337 quam
2162 1256 2422 1327 adiecit,
2457 1256 2726 1319 dicens:

608 1401 727 1466 sed
745 1402 983 1484 forma
1023 1413 1151 1466 esto
1175 1403 1485 1486 fidelium
1520 1402 1590 1467 in
1636 1404 1841 1480 uerbo,
1875 1402 1943 1468 in
1984 1405 2470 1482 conuersatione,
2500 1405 2572 1469 in
2602 1404 2895 1484 caritate,

483 1506 552 1569 in
565 1506 723 1589 fide,
759 1507 829 1570 in
859 1505 1169 1570 castitate.

378 1649 456 1695 10
610 1635 732 1697 ‘ad
786 1643 1076 1697 aetatem
1132 1633 1395 1716 (inquit)
1449 1644 1636 1698 tuam
1693 1634 1833 1698 noli
1887 1637 2228 1718 respicere,
2277 1637 2691 1719 diligentiam
2741 1658 2899 1701 uero

481 1737 727 1803 adhibe
785 1737 1041 1815 horum,
1088 1748 1161 1802 ut
1222 1740 1406 1801 dicas
1467 1748 1533 1802 et
1583 1759 1747 1821 agas
1808 1739 1919 1803 illa
1979 1761 2151 1822 quae
2205 1742 2332 1805 dici
2383 1751 2712 1823 oportent,
2767 1761 2900 1824 quo
2948 1726 2953 1730 ”

482 1843 845 1907 secundum
900 1853 974 1907 ut
1035 1844 1409 1908 condecens
1470 1853 1571 1907 est
1632 1856 2146 1923 conuersentur3
2220 1855 2293 1909 ut
2353 1847 2699 1909 caritatem
2749 1865 2898 1907 eam

481 1967 653 2029 quae
705 1968 861 2030 erga
903 1968 1138 2010 omnes
1177 1957 1278 2011 est
1311 1957 1603 2027 teneant,
1633 1959 1712 2013 ut
1744 1950 1915 2013 firmi
1950 1951 2083 2013 sint
2126 1951 2191 2013 in
2245 1949 2395 2028 fide,
2428 1960 2501 2014 ut
2543 1949 2902 2033 pudicitiae

480 2050 894 2133 diligentiam
944 2050 1347 2129 adhibeant3
1395 2052 1488 2115 ita
1536 2061 1610 2116 ut
1652 2063 1719 2116 et
1761 2054 1902 2136 ipse
1939 2054 2221 2117 formam
2272 2063 2339 2117 te
2384 2056 2706 2136 praebeas
2741 2054 2902 2118 fide-

370 2165 446 2232 15
481 2154 652 2219 libus
707 2175 828 2236 pro
879 2153 1119 2236 quibus
1172 2153 1383 2217 uitam
1444 2156 1617 2238 regis
1686 2162 1892 2232 tuam,
1942 2157 2272 2220 instruens
2331 2158 2900 2239 quemadmodum

479 2258 834 2322 conueniat
879 2257 1412 2333 conuersari,‘ita
1463 2268 1538 2320 ut
1598 2279 1689 2321 ex
1750 2259 1908 2340 ipsis
1954 2260 2215 2323 actibus
2263 2261 2395 2322 tuis
2443 2260 2900 2325 testimonium

481 2364 660 2426 uitae
712 2371 868 2425 tuae
913 2359 1173 2424 hisdem
1222 2360 1559 2442 praebeas
1670 2361 1804 2424 noli
1850 2362 2191 2425 doctrinae
2235 2363 2632 2444 dignitatem
2679 2374 2901 2428 aetate

480 2466 815 2531 dimittere
888 2473 1047 2543 tua;
1131 2485 1285 2527 cum
1362 2464 1605 2528 fiducia
1680 2484 1840 2528 uero
1909 2466 2136 2528 omnia
2210 2467 2429 2529 dicere
2503 2468 2897 2549 properato!

482 2571 723 2634 deinde
753 2592 841 2634 ex
872 2570 1307 2653 generalitate
1338 2590 1491 2632 eum
1524 2568 1892 2633 exhortans
1923 2571 2008 2633 de
2039 2570 2140 2632 his
2172 2591 2344 2653 quae
2373 2571 2434 2633 ei
2470 2572 2899 2649 conueniunt,

370 2689 456 2737 20
482 2676 725 2740 adicit:

614 2828 809 2888 usque
836 2804 993 2869 dum
1026 2804 1299 2880 ueniem,
1333 2803 1587 2866 intende
1609 2802 1876 2880 lectioni,
1913 2803 2407 2889 [exhortationi,]
2441 2804 2784 2869 doctrinae.

613 2931 720 2990 ‘et
774 2925 1289 2990 sollicitudinem
1337 2924 1652 3006 impende
1694 2945 1853 3007 erga
1891 2924 2229 3000 lectiones,
2262 2935 2337 2989 ut
2382 2927 2634 2990 discere
2683 2926 2899 3008 possis

581 3092 610 3128 α
643 3085 782 3128 eatas
821 3076 907 3127 C*
1186 3093 1219 3138 4
1251 3077 1642 3126 adolescentiam
1665 3093 1698 3126 r
1940 3089 1967 3140 5
2005 3077 2138 3127 idem
2173 3077 2247 3139 [id
2271 3085 2345 3127 est
2361 3077 2405 3139 ?]
2440 3077 2547 3142 (bes
2575 3077 2700 3141 noli)
2740 3078 2846 3127 add
2875 3092 2906 3124 r

508 3162 517 3226 Ι
547 3177 639 3227 pro
661 3161 848 3226 pietate
873 3158 987 3223 (for
1003 3163 1210 3222 propter
1231 3157 1465 3218 aetatem)
1489 3157 1557 3205 Η
1574 3154 1582 3221 Ι
1614 3172 1798 3222 paneas
1829 3156 1942 3222 (for
1973 3159 2170 3221 caueas)
2200 3158 2401 3219 C(corr)
2721 3171 2746 3222 7
2781 3175 2901 3209 uero

482 3243 513 3292 8
546 3242 831 3306 exemplum
863 3241 879 3299 (
891 3239 987 3305 sor
1018 3238 1198 3298 forma)
1237 3255 1273 3287 r
1575 3253 1632 3288 11
1670 3247 1934 3303 oporteant
1974 3240 2018 3289 C
2040 3242 2185 3300 (corr)
2216 3238 2224 3304 Ι
2254 3257 2383 3306 quae
2421 3241 2533 3303 (for
2568 3237 2687 3305 quo)
2722 3241 2791 3290 Η
2810 3238 2819 3305 Ι
2845 3248 2901 3290 ut

480 3324 752 3375 secundum
774 3321 911 3386 quod
933 3321 1077 3371 decet
1100 3335 1248 3369 conu.
1273 3337 1306 3369 r
1558 3332 1614 3383 17
1650 3320 1749 3369 illis
1775 3320 1887 3385 (for
1906 3321 2123 3381 hisdem)
2148 3338 2180 3370 r
2203 3320 2212 3386 Ι
2242 3322 2381 3385 dign.
2405 3323 2562 3371 doctr.
2592 3338 2624 3370 r
2649 3319 2657 3385 Ι
2687 3329 2902 3371 aetatem

483 3407 534 3456 d.
579 3411 718 3454 tuam
758 3402 844 3451 C!
870 3409 1075 3466 propter
1102 3410 1199 3449 aet.
1234 3401 1324 3450 &c.
1358 3400 1404 3449 C
1434 3399 1580 3463 (corr)
1645 3410 1809 3451 aetate
1831 3401 1882 3451 d.
1910 3409 2045 3451 tuam
2068 3403 2136 3452 Η
2142 3417 2154 3449 :
2190 3410 2272 3452 txt
2291 3419 2324 3452 r
2540 3418 2595 3452 21
2634 3402 2832 3451 ueniam
2861 3403 2906 3451 C

483 3487 628 3551 (corr)
657 3483 665 3550 Ι
716 3485 910 3534 exhort.
932 3499 1028 3532 om·
1051 3482 1094 3532 C
1108 3483 1175 3531 H

483 3626 539 3660 as
571 3607 852 3674 applicable
887 3615 941 3657 to
970 3590 1043 3655 all
1081 3621 1221 3655 cases
1245 3605 1287 3654 ε’
1321 3604 1385 3655 cf.
1429 3604 1658 3670 Chrysa*
1810 3608 1859 3657 8.
1912 3608 2112 3675 forma]
2195 3610 2266 3661 So
2311 3611 2375 3660 O.
2423 3609 2507 3670 L.;
2561 3607 2733 3673 Vulg.,
2768 3612 2899 3658 “ex-

482 3687 579 3739 τῶν
602 3686 900 3753 πραγμάτων
929 3687 992 3737 τὰ
1017 3690 1105 3745 μὲν
1134 3687 1442 3736 διδασκαλίας
1465 3687 1634 3748 δεῖται,
1743 3691 2022 3756 emplum.''

484 3770 612 3821 τὰδὲ
629 3766 884 3832 ἐπιταγῆς,
907 3771 1055 3820 κ.τ.λ.
1815 3788 1891 3838 17.
1959 3774 2069 3823 noli
2106 3773 2374 3830 doctrinae,
2414 3772 2530 3835 &c.]
2625 3774 2662 3798 ‘⁸
2682 3773 2776 3823 Let
2811 3780 2901 3823 not

559 3869 602 3902 ι.
667 3850 986 3916 compellem]
1053 3850 1078 3899 1
1116 3848 1253 3915 print
1288 3848 1388 3899 this
1426 3848 1553 3898 form
1588 3849 1644 3898 in
1744 3853 1834 3918 thy
1855 3854 2009 3918 youth
2032 3854 2299 3918 disparage
2321 3854 2410 3917 thy
2436 3850 2717 3916 teaching.‘'

487 3933 763 3983 obedience
804 3939 860 3982 to
904 3932 990 3982 the
1035 3931 1214 3991 MSS„
1263 3927 1537 3979 confirmed
1581 3929 1649 3995 by
1814 3950 1896 3984 αι.
1962 3951 2116 3999 usque
2147 3934 2267 3983 dum
2295 3933 2516 3993 ueru'ens]
2569 3932 2650 3982 Sc.
2682 3948 2809 3991 sum,
2837 3947 2903 3980 an

490 4015 746 4064 Rabanus·
813 4013 916 4063 For
954 4029 985 4062 a
1020 4012 1103 4062 list
1137 4012 1197 4062 os
1221 4011 1495 4061 somewhat
1531 4026 1650 4060 ana·
1746 4016 1922 4081 ellipse
1945 4016 2262 4078 remarkably
2282 4029 2516 4064 common
2540 4014 2591 4062 in
2627 4013 2725 4062 this
2747 4008 2920 4063 trans·‘

486 4097 663 4161 logous
706 4096 1059 4160 irregularities
1102 4110 1186 4145 see
1231 4094 1450 4156 R‘dnsch,
1491 4093 1643 4155 Itala,
1747 4098 1941 4155 lation;
1975 4097 2039 4146 O.
2062 4096 2122 4144 L.
2160 4096 2260 4144 and
2285 4094 2455 4157 Vulg.,
2491 4097 2520 4121 ‘⁴
2542 4095 2661 4142 dum
2701 4092 2908 4143 uenio.'‘

486 4197 538 4246 p.
565 4179 660 4230 286
682 4195 756 4244 sq.
1749 4175 1971 4235 Intende,
2001 4174 2172 4238 Vulg..
2206 4170 2516 4233 “attende,’'
2542 4173 2643 4221 and
2676 4188 2734 4222 so
2756 4173 2904 4237 again

551 4280 602 4325 4.
667 4258 999 4320 iuuentutem]
1067 4259 1138 4310 So
1174 4258 1241 4309 Ο.
1269 4258 1332 4307 L.
1356 4257 1646 4323 generally3
1749 4255 1801 4304 in
1841 4271 1889 4304 v.
1930 4253 2005 4304 16.
2071 4254 2439 4304 Exhortationi
2469 4254 2562 4304 has
2595 4253 2647 4303 in
2681 4254 2768 4303 the
2797 4263 2906 4305 text

485 4345 658 4410 vulg„
690 4347 731 4372 ‘⁶
746 4342 1189 4394 adolescentiam.‘’
1747 4340 1894 4404 dropt
1918 4346 2005 4389 out
2029 4339 2090 4388 of
2105 4339 2190 4389 the
2214 4339 2394 4397 MSS.,
2415 4339 2664 4404 probably
2688 4339 2906 4405 through

551 4426 601 4478 6.
669 4428 727 4476 in
770 4428 1033 4476 iuuenum
1084 4423 1281 4485 electus]
1347 4423 1428 4474 Cf.
1472 4431 1644 4487 supra,
1746 4421 2146 4471 homoeoteleuton
2163 4437 2186 4481 ,·
2233 4421 2271 4471 it
2309 4436 2483 4470 occurs
2510 4420 2562 4469 in
2594 4420 2680 4470 the
2712 4436 2896 4473 comm.

487 4513 538 4575 p'.
572 4524 677 4560 ιιι.
855 4506 863 4512 ’
1747 4502 1818 4566 (ρ.
1851 4517 1957 4567 149,
1982 4503 2016 4551 l.
2044 4504 2111 4563 α).
