3221 5116
297 426 390 492 11.
430 425 509 510 1.]
1008 439 1092 490 IN
1143 439 1249 489 ΕΡ.
1295 438 1397 489 AD
1445 435 1912 488 ΤιΜοΤΗΕυΜ
1955 435 1999 486 1.
2629 394 2706 498 85

294 613 476 695 pleri,
509 612 638 676 hoc
683 622 801 690 est,
840 612 1188 677 orationes
1278 625 1346 678 et
1386 612 1687 696 inprimis
1727 612 1997 694 quidem
2040 610 2169 674 ista
2207 608 2387 686 dicit,
2416 627 2497 670 eo
2532 606 2713 690 quod

296 717 739 780 necessarium
789 716 1223 780 existimabat
1267 718 1555 800 primum
1606 716 1852 780 debere
1903 715 2142 779 docere
2194 713 2325 789 illa,
2376 731 2549 795 quae
2602 730 2717 773 eos

293 820 769 882 conuenienter
812 819 1025 882 facere
1065 820 1432 898 decebant3
1487 819 1642 882 dein
1685 819 1771 882 de
1810 818 2155 901 proposito
2196 817 2374 879 uitae
2416 814 2718 897 disputat

294 922 442 1000 inis,
476 923 800 1005 incipiens
831 923 948 986 tali
983 924 1220 986 modo:

428 1085 668 1150 obsecro
697 1083 995 1167 primum
1039 1083 1331 1147 omnium
1357 1082 1525 1167 fieri
1563 1081 1894 1159 orationes,
1937 1081 2401 1157 obsecrationes,
2425 1077 2718 1163 postula·
2793 1092 2825 1160 5

296 1187 515 1265 tiones,
550 1187 938 1269 gratiarum
983 1187 1277 1250 actiones,

434 1340 625 1396 ‘ante
678 1334 903 1396 omnia
964 1331 1231 1414 (inquit)
1296 1330 1456 1395 illud
1517 1331 1794 1394 obsecro
1846 1332 2025 1413 quod
2077 1330 2184 1394 uel
2239 1330 2538 1394 maxime
2595 1348 2718 1393 uos

299 1436 469 1498 scire
513 1436 731 1517 operis
772 1456 917 1498 esse
962 1434 1181 1508 debet,
1215 1443 1289 1497 ut
1325 1434 1800 1496 conuenienter
1847 1434 2011 1496 scire
2059 1435 2327 1515 possitis
2375 1432 2535 1515 quid
2578 1431 2717 1495 fieri

301 1540 706 1602 conueniens
737 1539 856 1602 sit.’
937 1540 1100 1602 dicit
1131 1548 1354 1602 autem
1385 1538 1718 1612 ammones,
1743 1538 2208 1614 obsecrationes,
2227 1536 2717 1620 postulationes,-

301 1643 669 1704 secundum
704 1642 1093 1705 uarietatem
1137 1641 1662 1724 postulationum
1703 1643 1903 1705 etiam
1946 1644 2293 1706 nominum
2331 1643 2578 1706 abusus
2618 1651 2721 1706 est
2756 1661 2834 1711 10

303 1746 841 1811 mutabilitatem.
938 1756 1056 1809 aut
1104 1747 1281 1811 enim
1330 1748 1509 1810 bona
1557 1747 1751 1811 nobis
1804 1767 1842 1810 a
1894 1748 2044 1811 Deo
2092 1747 2234 1811 dari
2284 1745 2720 1829 postulamuS,

303 1850 485 1932 quod
526 1850 842 1913 orationes
884 1849 1188 1927 uocauit;
1239 1859 1355 1912 aut
1396 1849 1721 1912 malorum
1765 1848 2181 1925 solutionem,
2221 1851 2400 1932 quod
2444 1849 2721 1913 obsecra·

305 1955 505 2017 tiones
544 1954 970 2035 nuncupauit.
1060 1973 1218 2016 nam
1261 1962 1328 2016 et
1369 1952 1548 2035 quod
1591 1954 1785 2027 dixit,
1811 1953 2289 2035 postulationes,
2326 1952 2524 2016 ualde
2565 1972 2722 2015 con-

304 2066 660 2138 sequenter
710 2056 886 2120 dixit
939 2075 1096 2138 prae
1142 2054 1469 2118 omnibus
1578 2056 1824 2118 etenim
1889 2055 2261 2118 adcelerare
2310 2056 2585 2119 nitimur
2635 2053 2722 2117 ad

307 2162 629 2224 uirtutum
671 2181 890 2243 opera,
924 2160 1036 2223 illa
1068 2181 1224 2223 uero
1255 2181 1429 2243 quae
1459 2161 1544 2224 ad
1584 2161 1711 2223 hoc
1743 2162 1936 2225 nobis
1966 2171 2122 2226 sunt
2151 2162 2481 2225 contraria
2513 2158 2724 2224 multa
2762 2176 2834 2244 15

309 2273 466 2327 sunt
496 2274 566 2327 et
594 2265 916 2341 adsidua;
971 2284 1178 2327 unum
1220 2264 1509 2344 quidem,
1543 2264 1950 2328 daemonum
1993 2266 2337 2349 subreptio
2378 2265 2560 2328 uarie
2601 2284 2727 2326 nos

309 2389 350 2431 a
391 2369 571 2432 bono
611 2380 908 2432 auertere
948 2371 1131 2451 cupit
1153 2392 1169 2447 ;
1227 2369 1510 2432 alterum
1551 2389 1725 2446 uer0,
1766 2369 2074 2434 molestia
2122 2371 2509 2454 passionum
2555 2390 2729 2454 quae

309 2473 503 2536 nobis
535 2472 749 2535 inesse
780 2472 1059 2535 uidetur.
1141 2492 1180 2534 a
1212 2473 1453 2554 quibus
1484 2481 1552 2535 et
1582 2493 1622 2534 a
1649 2473 1843 2536 bonis
1875 2473 2128 2536 exclusi
2160 2484 2393 2538 contra
2425 2485 2725 2538 nostrum

309 2580 725 2660 propositum
771 2599 970 2660 saepe
1016 2580 1083 2641 in
1130 2577 1259 2641 illis
1304 2599 1477 2661 quae
1524 2578 1718 2641 nobis
1765 2598 1897 2641 non
1948 2580 2356 2643 conueniunt
2392 2579 2731 2644 concludi-

312 2702 475 2747 mur.
565 2682 682 2745 sed
730 2683 1172 2745 necessarium
1219 2691 1319 2744 est
1367 2701 1488 2743 nos
1533 2683 1645 2763 qui
1690 2682 1969 2744 multam
2017 2703 2215 2765 super
2258 2682 2384 2747 hoc
2430 2704 2727 2767 pugnam
2761 2701 2846 2752 20

414 2850 444 2897 3
489 2834 697 2884 decebat
739 2834 784 2883 C
815 2835 962 2894 (corr)
999 2830 1064 2896 νΙ
1094 2832 1276 2882 deinde
1311 2833 1569 2898 proposita
1615 2832 1691 2883 C*
1730 2833 1913 2883 deinde
1947 2835 2262 2899 propositum
2302 2836 2365 2883 H
2370 2835 2398 2861 “
2438 2835 2623 2885 deinde
2666 2836 2733 2885 de

315 2915 628 2980 propositum
650 2916 717 2964 H
767 2916 917 2976 (corr)
941 2913 1124 2963 deinde
1146 2914 1210 2962 de
1243 2914 1501 2979 proposito
1523 2930 1556 2962 r
1751 2929 1778 2977 5
1826 2916 1933 2964 obs.
1960 2916 2109 2978 igitur
2130 2917 2295 2981 primo
2317 2934 2454 2967 omn.
2478 2918 2513 2967 f.
2538 2919 2732 2969 obsecr.

317 3006 444 3048 orat.
469 2998 560 3047 διο.
584 3012 618 3045 r
796 3010 923 3061 5—9
956 2994 1751 3060 postulationes...obsecrationes
1773 3012 1848 3045 om
1873 2997 1938 3045 H
1952 2998 2062 3062 (per
2078 2998 2367 3057 homoeotcl.)
2550 3001 2581 3048 8
2614 3015 2732 3049 con·

313 3082 572 3132 uenientes
617 3080 734 3143 (sor
775 3080 1146 3140 conuenienter)
1184 3094 1217 3127 r
1479 3094 1538 3129 10
1571 3079 1958 3143 postulationem
2006 3081 2120 3145 (sor
2159 3080 2572 3145 postulationum)
2612 3082 2658 3130 C
2674 3082 2743 3130 H

320 3179 339 3213 ι
356 3180 373 3213 ι
414 3162 745 3212 mutabilitate
766 3178 799 3209 r
826 3158 834 3224 Ι
861 3162 981 3210 dare
1009 3162 1052 3210 C
1071 3162 1137 3208 H
1156 3158 1164 3224 Ι
1195 3161 1474 3225 postulatus
1495 3176 1529 3209 a
1731 3176 1790 3225 ¹3
1827 3178 1943 3211 nam
1968 3164 2103 3226 quod
2128 3170 2176 3212 et
2201 3164 2250 3212 d.
2280 3180 2312 3212 r
2523 3163 2583 3214 16
2615 3165 2734 3230 quia

319 3245 423 3308 (bes
433 3240 621 3307 daem.)
647 3242 753 3291 add
769 3259 841 3290 ra
1042 3255 1100 3305 17
1135 3241 1415 3290 molestiam
1438 3241 1507 3290 H
1693 3256 1757 3290 ao
1790 3259 1937 3308 super
1958 3244 2054 3293 hoc
2077 3261 2155 3294 om
2178 3245 2246 3294 H

391 3400 431 3434 1.
514 3390 559 3432 et
612 3382 855 3447 inprimis
907 3382 1119 3447 quidem,
1180 3379 1299 3443 δια]
1366 3382 1409 3429 Ι.
1428 3397 1472 3431 e.

318 3465 403 3515 the
434 3465 533 3529 Ap.
579 3464 743 3529 began
788 3464 905 3514 with
953 3463 1291 3513 admonitions
1334 3479 1390 3511 as
1425 3473 1480 3512 to

1575 3382 1884 3446 reproduced
1907 3382 2002 3433 Th.
2014 3382 2051 3433 's
2074 3383 2392 3434 definitions:
2428 3385 2623 3444 δέησις
2642 3386 2735 3443 μέν

1576 3466 1711 3513 ἐστιν
1767 3466 1886 3528 ὑπὲρ
1941 3462 2239 3527 ἀπαλλαγῆς
2302 3468 2445 3515 mov
2509 3463 2737 3529 λυπηρῶν

321 3547 574 3612 dogmatic
635 3548 886 3611 teaching.
955 3548 1124 3597 These
1174 3545 1354 3604 ended,
1417 3547 1480 3594 he

321 3630 561 3696 proceeds
583 3637 636 3679 to
654 3637 858 3678 matters
878 3627 940 3677 of
954 3628 1157 3679 Church
1188 3628 1350 3686 order,
1378 3627 1480 3676 and

321 3712 441 3771 first,
468 3720 523 3761 to
545 3712 629 3761 the
646 3710 837 3774 subject
860 3710 919 3759 os
934 3726 1168 3759 common
1186 3728 1379 3776 prayer.

386 3807 432 3855 5.
514 3792 767 3852 orationes,
827 3793 1183 3855 obsecrationes]
1208 3814 1253 3835 =
1277 3810 1480 3853 προσευ-

320 3876 429 3938 χάς,
465 3877 647 3936 δεήσεις
681 3873 762 3939 (cf.
793 3875 927 3940 Eph.
955 3876 1021 3924 vi.
1058 3876 1154 3934 18).
1226 3875 1313 3924 No
1345 3884 1479 3924 trace

320 3958 379 4008 of
407 3957 505 4007 this
538 3958 683 4007 order
714 3973 925 4022 appears
947 3956 1111 4006 either.
1129 3957 1180 4006 in
1211 3957 1297 4006 the
1322 3958 1479 4006 MSS·

322 4055 379 4089 or
423 4038 673 4098 versions;
726 4039 790 4089 cs.
841 4038 1013 4088 Amal.
1059 4039 1118 4088 de
1158 4039 1262 4089 eccl.
1311 4039 1390 4102 offi
1440 4050 1475 4089 1.

312 4119 495 4185 μή,
524 4120 589 4168 iv·
606 4137 667 4196 ’4‘

391 4215 435 4264 7.
504 4208 624 4251 ante
648 4201 834 4260 omnia,
863 4200 982 4262 δια]
1038 4201 1087 4250 Α
1114 4200 1252 4265 large
1282 4200 1483 4266 portion

321 4285 379 4335 of
408 4284 508 4334 this
539 4282 821 4347 exposition
861 4281 919 4332 of
951 4298 992 4332 c.
1028 4281 1077 4331 ii.
1114 4296 1134 4331 1
1171 4282 1212 4331 is
1246 4281 1378 4332 cited
1416 4281 1485 4345 by

324 4364 612 4414 Amalarius
637 4362 847 4427 (Migne‚
872 4364 931 4412 P.
957 4363 1018 4411 L.
1043 4375 1151 4423 105,
1187 4363 1347 4425 ¹175)·
1385 4361 1482 4411 See

324 4448 411 4496 the
429 4446 701 4511 Appendix
726 4451 779 4493 to
801 4444 903 4494 this
926 4444 1026 4494 vol.

395 4541 466 4576 11.
539 4532 633 4576 aut
668 4525 803 4574 enim
841 4525 983 4582 bona.
1028 4523 1145 4585 aa]
1191 4523 1342 4574 'rhdt.
1395 4522 1484 4572 has

1578 3547 1759 3594 ἱκετεία
1782 3549 2164 3610 προσφερομένη·
2190 3546 2495 3612 προσευχὴ
2514 3549 2579 3608 δέ,
2600 3550 2732 3607 αἴτη-

1579 3643 1653 3676 σις
1687 3626 1905 3686 ἀγαθῶν·
1938 3628 2192 3687 ἔντευξις
2226 3629 2294 3688 δέ,
2336 3630 2601 3691 κατηγορία
2641 3631 2738 3676 τῶν

1579 3707 1883 3754 ἀδικούντων.
1932 3707 2055 3756 Oec.
2079 3715 2272 3771 repeats
2295 3707 2393 3755 this
2411 3707 2537 3756 from
2552 3707 2734 3764 Thdt.;

1581 3783 1772 3848 Thpht.
1817 3782 1992 3846 rejects
2037 3784 2158 3833 such
2201 3783 2513 3833 distinctions
2556 3799 2611 3832 as
2650 3791 2737 3833 too

1581 3865 1715 3913 nice:
1753 3867 1909 3923 δέησις
1943 3867 1995 3914 δὲ
2029 3867 2108 3913 καὶ
2140 3869 2391 3928 προσευχὴ
2424 3867 2505 3913 καὶ
2535 3865 2738 3925 ἔντευξις

1581 3947 1643 3997 ὡς
1668 3949 1724 3997 τὸ
1758 3949 1876 3997 αὐτὸ
1908 3950 2200 4007 σημαίνοντα
2236 3950 2640 4011 παρειλήφθησαν
2672 3945 2747 4010 τῷ

1582 4029 1843 4090 ἀποστόλῳ
1880 4027 1939 4077 δι’
1976 4029 2228 4089 ἐνάργειαν
2263 4029 2329 4091 [v.
2373 4030 2409 4077 l.
2449 4030 2729 4091 ἐνέργειαν],

1581 4108 1646 4172 τῇ
1667 4111 1873 4171 ἐπιμονῇ
1893 4113 1993 4159 τῶν
2015 4113 2191 4172 λέξεων
2224 4107 2506 4160 ἀπαιτοῦντι
2531 4108 2736 4174 ἀπαραι-

1580 4194 1737 4252 τήτως
1769 4195 1923 4241 ποιεῖν
1956 4195 2100 4242 τοῦτο
2133 4193 2161 4244 ὃ
2186 4195 2422 4256 παραινεῖ.
2489 4194 2643 4243 τινες
2679 4194 2739 4242 δὲ

1584 4275 1872 4338 διαφορὰν
1947 4271 2133 4324 αὐτῶν
2219 4274 2735 4337 περιειργάσαντο.

1584 4358 1764 4422 Comp.
1801 4358 1879 4422 Bp
1911 4358 2114 4407 Ellieott
2146 4358 2220 4406 ad
2243 4358 2293 4406 h.
2317 4358 2374 4415 1.,
2397 4357 2498 4407 and
2521 4357 2737 4412 Treueb,

1583 4441 1707 4502 Syn.
1731 4438 1804 4487 Ν.
1838 4438 1915 4496 Τ.,
1942 4450 2003 4488 11.
2027 4441 2054 4499 5
2078 4438 2110 4487 i.

1656 4518 1726 4570 16.
1798 4520 2058 4585 subreptio]
2112 4520 2158 4569 A
2180 4520 2279 4570 late
2303 4521 2468 4580 word3
2503 4535 2584 4569 see
2608 4521 2737 4569 lexx.
