3221 5116
534 378 661 457 276

1209 390 1667 444 THEODORUS
1714 391 2201 446 MOPSUESTEN
2211 391 2300 445 Us

2730 380 2817 465 [9‚
2854 396 2950 445 1o.

532 560 862 627 conuenit.
950 580 1078 645 ego
1131 581 1292 627 uero
1338 562 1467 627 hoc
1516 582 1650 626 non
1695 562 1882 641 facio,
1917 564 2034 628 sed
2082 562 2322 629 obsecro
2368 563 2617 649 magis?
2706 562 2951 629 deinde

530 673 602 729 et
631 666 717 730 ad
750 665 1218 730 uerecundiam
1250 686 1403 731 eum
1438 668 1767 732 inuitans:

661 820 818 884 talis
844 842 989 885 cum
1017 821 1146 886 sim
1176 822 1395 905 qualis
1421 823 1592 887 sicut
1618 823 1883 888 Paulus
1909 822 2136 888 senior.

661 955 923 1013 tantam
956 950 1092 1015 uim
1124 949 1419 1017 habebat
1462 951 1603 1017 sola
1649 951 1835 1015 Pauli
1882 950 2309 1033 nuncupatio,
2401 949 2561 1033 quid
2605 947 2782 1013 enim
2816 967 2951 1011 non

469 1053 865 1134 §expressit
924 1073 1243 1136 magnum
1305 1062 1373 1117 et
1433 1054 1872 1118 demiratione
1925 1054 2205 1136 dignum
2268 1053 2336 1117 in
2398 1073 2567 1117 uoce
2624 1051 2752 1115 hac
2812 1071 2949 1133 qua

534 1153 710 1218 dixit
770 1154 1175 1219 ‘Paulum’?
1264 1176 1420 1220 nam
1482 1176 1683 1220 omne
1742 1155 2216 1239 quodcumque
2284 1176 2624 1219 summum
2699 1154 2950 1218 bonum

533 1256 831 1341 intellegi
862 1268 1143 1341 poterat,
1177 1260 1304 1324 hoc
1336 1270 1478 1325 erat
1509 1261 1576 1324 in
1620 1259 1845 1324 Paulo,
1936 1270 2005 1324 et
2046 1258 2228 1342 quod
2272 1259 2518 1324 adiecit
2549 1266 2566 1292 ‘
2586 1256 2953 1334 seniorem,'

533 1380 667 1424 non
714 1353 1019 1426 absolute
1071 1384 1224 1427 eum
1273 1364 1358 1427 ad
1412 1364 1856 1427 reuerentiam
1919 1363 2249 1439 inuitauit,
2303 1363 2544 1427 aetatis
2604 1381 2764 1425 suae
2814 1381 2951 1425 me-

534 1483 800 1529 morans
878 1464 1420 1549 longaeuitatem‚
1478 1467 1597 1530 sed
1659 1486 1826 1530 uoce
1902 1464 2161 1529 ‘Pauli'
2236 1466 2439 1529 etiam
2516 1464 2676 1528 illud
2754 1464 2948 1546 ipsud

428 1581 508 1631 10
534 1567 781 1632 faciens
834 1567 1256 1647 uenerabile;
1324 1570 1439 1652 qui
1502 1569 1683 1632 enim
1760 1568 2135 1633 ‘seniorem'
2190 1570 2397 1644 audit,
2447 1567 2724 1631 Paulum
2785 1567 2952 1630 scire

532 1679 797 1753 poterat
842 1691 924 1735 eo
975 1673 1156 1754 quod
1210 1671 1416 1756 longo
1468 1682 1771 1755 tempore
1839 1673 2106 1755 pietatis
2169 1673 2394 1738 studio
2453 1671 2820 1748 inoleuerit,
2882 1680 2954 1735 et-

533 1773 745 1837 multa
793 1774 989 1838 suerit
1028 1772 1154 1838 hac
1207 1776 1293 1838 de
1339 1795 1541 1838 causa
1592 1793 1847 1857 passuS.
1938 1773 2281 1839 inchoauit
2333 1776 2513 1838 enim
2567 1775 2951 1857 praedicare

530 1877 951 1960 euangelium
983 1898 1136 1942 curn
1169 1877 1387 1942 adhuc
1419 1888 1594 1943 esset
1625 1877 2011 1943 adolescens
2035 1900 2051 1958 ;
2099 1879 2382 1943 occurrit
2422 1899 2584 1943 uero
2625 1880 2691 1941 in
2723 1898 2952 1942 senec·

530 1982 694 2045 tutis
742 1991 1033 2047 aetatem
1087 2004 1353 2067 semper
1400 1982 1670 2049 Christo
1719 1984 1785 2047 in
1835 1984 2256 2066 passionibus
2304 1984 2679 2067 persistens
2770 1980 2953 2044 unde

424 2095 497 2161 15
532 2105 615 2148 ne
645 2106 764 2168 per
792 2097 1084 2151 aetatem
1117 2108 1270 2154 eum
1303 2086 1607 2152 absolute
1639 2088 1976 2152 uideretur
2003 2088 2302 2166 suadere,
2336 2087 2590 2170 optime
2621 2085 2907 2150 adiecit:

660 2255 832 2298 nunc
857 2246 1071 2300 autem
1101 2247 1165 2301 et
1191 2236 1449 2302 uinctus
1489 2238 1639 2302 Iesu
1674 2236 1940 2304 Christi.

659 2362 876 2426 solum
937 2361 1065 2428 hoc
1124 2384 1259 2428 non
1320 2365 1591 2428 dicens:
1658 2365 2009 2429 ‘erubesce
2057 2372 2471 2429 senectutem
2520 2373 2589 2428 et
2635 2363 2952 2428 canitiem

531 2466 599 2527 in
646 2465 927 2529 uinculis
972 2468 1440 2543 connutritam,
1497 2475 1566 2530 et
1614 2476 1907 2530 aetatem
1956 2468 2050 2529 sic
2096 2465 2368 2549 longam
2420 2467 2487 2529 in
2532 2465 2954 2549 passionibus

529 2568 659 2632 illis
690 2589 861 2652 quae
892 2589 1013 2652 pro
1057 2569 1322 2634 Christo
1360 2579 1517 2633 sunt
1557 2569 1949 2634 educatam.'

420 2688 505 2737 20
529 2673 817 2737 eundem
848 2673 935 2737 ad
968 2674 1404 2738 reuerentiam
1437 2673 1764 2752 inuitauit,
1799 2673 1886 2738 ad
1918 2674 2335 2756 propositum
2366 2674 2670 2738 recurrit:

660 2825 902 2890 obsecro
931 2835 990 2889 te
1002 2836 1129 2910 pro
1159 2847 1291 2890 meo
1301 2825 1472 2909 filio.

634 3028 664 3077 3
696 3012 765 3063 sis
789 3011 907 3078 (sor
926 3011 1041 3077 sim)
1067 3030 1100 3062 r

533 3093 717 3145 Paulus
739 3109 772 3143 r

532 3189 625 3225 nec
652 3174 770 3239 (sor
787 3171 871 3239 ne)
899 3173 979 3224 C·
1004 3191 1037 3223 r

534 3260 570 3308 l.
597 3256 644 3323 5)
668 3273 747 3308 om
772 3274 804 3306 r

601 3436 648 3485 3.
715 3421 832 3471 talis
864 3437 979 3471 cum
1015 3421 1109 3471 sim
1141 3422 1319 3486 qualis,
1356 3419 1690 3484 &c.]=·rotoi>·

535 3521 614 3554 τος
638 3501 701 3554 ὢν
724 3503 802 3553 ὡς.
864 3503 1014 3553 Latin
1034 3504 1273 3563 vei-siens,
1302 3507 1334 3531 ⁸⁸
1349 3519 1464 3553 cum
1486 3503 1555 3553 sis
1577 3502 1693 3553 talis

534 3584 641 3637 ut.”
708 3586 811 3635 For
846 3585 1011 3636 senior
1047 3581 1362 3649 (πρεσβύτης)
1406 3585 1525 3650 they
1564 3585 1693 3635 have

541 3664 800 3718 “senex-’⁹

601 3768 650 3810 4.
741 3748 842 3798 sola
895 3746 1053 3796 Pauli
1102 3746 1427 3811 nuncupatio]
1504 3747 1693 3797 Thdt.=

535 3830 696 3893 βλέπε
715 3828 787 3880 τίς
809 3826 834 3878 ὁ
858 3825 1022 3877 αίτῶν·
1055 3825 1195 3889 ἀρκεῖ
1213 3828 1267 3876 δὲ
1290 3828 1321 3888 ᾗ
1342 3828 1429 3877 τοῦ
1460 3826 1693 3888 ὀνόματος

535 3911 700 3973 μνήμη
726 3911 1008 3960 καταιδέσαι
1040 3912 1119 3960 καὶ
1150 3912 1235 3960 τὸν
1268 3912 1378 3961 λίαν
1409 3909 1684 3962 ἀντίτυπον.

538 3994 690 4045 Oce.:
733 3988 866 4055 ἤρκει
900 3993 952 4041 δὲ
988 3987 1106 4041 αὐτὸ
1138 3989 1281 4040 τοῦτο
1312 3991 1455 4051 μόνον
1490 3994 1606 4056 πρὸς
1637 3995 1695 4043 τὸ

539 4076 720 4124 πεῖσαι.
793 4073 878 4123 On
901 4072 1043 4123 Th.’s
1075 4072 1374 4122 admiration
1402 4074 1460 4123 os
1488 4074 1541 4125 S.
1570 4073 1696 4123 Paul

537 4172 620 4206 see
643 4166 679 4204 1.
704 4170 753 4219 p.
777 4152 915 4203 lxvii.

602 4234 649 4285 6.
726 4249 847 4283 nam
895 4234 1370 4296 omne...inuitauit]
1446 4236 1593 4287 Cited
1628 4237 1696 4301 by

540 4313 807 4372 Lansrane,
831 4314 999 4378 freely.

610 4410 684 4446 ιο.
743 4395 838 4460 qui
853 4395 987 4445 enim
1010 4394 1294 4445 ‘smiorem'
1311 4395 1468 4453 audit,
1484 4397 1563 4454 P„
1581 4395 1696 4456 δια]

545 4479 561 4504 ⁴
577 4478 636 4526 In
668 4475 788 4526 such
817 4492 845 4525 a
869 4491 985 4525 man
1008 4475 1091 4525 old
1117 4492 1210 4540 age
1234 4476 1274 4526 is
1297 4476 1576 4538 venerable,
1606 4486 1692 4526 not

1335 3028 1367 3080 9
1401 3013 1515 3064 uoci
1544 3012 1615 3064 C*
1644 3011 1656 3078 Ι
1686 3013 1852 3078 ipsum
1878 3013 1922 3064 C
1943 3013 2093 3074 (corr)
2119 3027 2152 3061 r

970 3108 1029 3157 13
1061 3093 1256 3143 adesset
1281 3094 1398 3159 (sor
1417 3094 1533 3146 adh.
1562 3094 1715 3155 esset)
1744 3093 1822 3144 C’

1291 3189 1346 3239 ¹7
1381 3190 1484 3227 non
1506 3192 1586 3227 om
1615 3177 1660 3226 C
1680 3178 1828 3237 (corr)

2040 2577 2108 2633 et
2150 2571 2308 2652 quia
2351 2570 2577 2633 multis
2608 2590 2699 2634 ex
2729 2569 2952 2635 causis

2388 3027 2449 3065 xo
2480 3014 2819 3066 uenerabilem
2846 3016 2892 3066 C
2913 3015 2924 3080 1

2027 3110 2087 3154 14
2119 3094 2174 3144 in
2200 3093 2309 3159 (bes
2319 3094 2540 3156 Christo)
2561 3095 2670 3144 add
2683 3112 2717 3145 r
2894 3111 2954 3161 15

2082 3192 2140 3244 ¹9
2161 3192 2234 3241 sq.
2257 3183 2308 3227 et
2332 3176 2702 3241 quia...faeiens
2727 3175 2806 3243 (p.
2836 3181 2948 3240 281,

1791 3421 1978 3486 simply
2010 3419 2087 3470 for
2118 3420 2184 3470 its
2222 3435 2337 3470 own
2370 3419 2508 3481 sake,
2546 3421 2636 3473 but
2669 3423 2772 3474 still
2815 3440 2956 3477 more

1791 3515 1859 3550 on
1882 3507 2093 3551 account
2111 3499 2171 3551 of
2185 3500 2271 3550 the
2287 3501 2411 3566 long
2425 3516 2601 3551 course
2617 3501 2678 3552 of
2699 3502 2956 3554 Christian

1792 3582 1980 3632 service
2013 3583 2116 3632 and
2150 3582 2391 3648 suffering
2426 3583 2593 3634 which
2631 3584 2671 3634 it
2716 3584 2956 3650 implies.’

1793 3662 1905 3712 The
1940 3664 2084 3713 other
2123 3669 2512 3715 commentators
2551 3664 2700 3716 think
2738 3668 2859 3731 only
2903 3667 2964 3718 os

1795 3743 1881 3793 the
1903 3759 1997 3807 age
2018 3743 2076 3794 of
2099 3744 2185 3795 the
2210 3745 2423 3810 Apostle
2444 3761 2501 3795 as
2523 3744 2574 3794 in
2601 3745 2741 3796 itself
2765 3748 2958 3814 adding

1795 3826 2018 3890 strength
2041 3831 2096 3875 to
2118 3825 2195 3875 his
2218 3826 2398 3891 appeal
2417 3843 2434 3885 ς
2468 3841 2514 3875 e.
2525 3841 2577 3890 g.
2608 3826 2794 3879 det.:
2828 3831 2955 3880 αἱδέ·

1795 3908 1948 3964 σθητε
1992 3904 2209 3968 Παῦλον,
2245 3908 2502 3967 αἰδέσθητέ
2544 3924 2637 3964 μου
2679 3910 2737 3958 τὸ
2779 3907 2954 3971 γῆρας.

1797 3988 2052 4047 αἰδέσθητε
2097 3989 2162 4037 τὰ
2205 3987 2358 4047 δεσμὰ
2396 3986 2520 4050 ὅπερ
2565 3989 2627 4039 ὥς
2670 3987 2816 4054 κῆρυξ
2869 3989 2958 4053 τῆς

1794 4065 2018 4128 ἀληθείας
2042 4070 2328 4132 περίκειμαι.

1869 4165 1887 4199 1
1897 4151 1942 4202 8.
1996 4151 2282 4201 connutrita
2287 4151 2358 4213 m]
2369 4170 2412 4193 =
2423 4154 2824 4216 συντρεφομέιην.

1864 4249 1943 4282 21.
1993 4242 2092 4298 pro
2122 4250 2222 4284 meo
2236 4233 2431 4300 filio1=
2445 4236 2555 4298 περὶ
2585 4234 2673 4285 τοῦ
2701 4235 2823 4294 ἐμοῦ
2851 4237 2956 4286 τέκ·

1798 4330 1897 4363 νου.
1973 4314 2044 4365 So
2080 4314 2147 4365 O.
2162 4314 2224 4363 L.
2262 4314 2362 4363 and
2403 4312 2688 4380 Vulg.⁶¹⁶¹¹²·;
2721 4316 2957 4376 Hieron..

1795 4397 1937 4455 Am„
1975 4396 2147 4456 Fuld..
2194 4412 2332 4448 more
2377 4397 2635 4462 precisely,
2681 4398 2795 4451 “de
2840 4415 2958 4450 meo

1797 4476 1952 4527 filio.’‘
