3221 5116
558 386 680 449 114
1204 353 1665 431 Tnsso'nonus
1712 378 2301 431 MoPsUESTENus
2433 345 2441 356 ’
2720 363 2878 448 [ΙΙΙ.
2923 379 2961 446 7

541 555 668 619 hoc
719 556 1149 639 pronuntiare
1209 557 1296 621 sit
1354 555 2030 620 cautum—uirtutem
2091 574 2250 618 uero
2310 573 2443 616 non
2503 560 2766 636 gestam
2827 573 2962 617 non

542 663 940 748 inoperatur.
1031 660 1276 725 deinde
1321 670 1388 724 et
1432 659 1633 723 aliam
1671 658 1836 722 dicit
1873 678 2144 722 causam
2192 657 2371 740 quod
2418 665 2726 739 oporteat
2756 655 2962 720 uirtu-

541 770 720 835 tibus
780 764 1221 831 exercitatum
1282 770 1435 826 eum
1484 782 1632 825 esse
1682 780 1802 844 per
1851 760 2078 825 omnia
2138 780 2298 843 erga
2357 761 2678 843 pietatem
2726 760 2839 844 qui
2894 760 2960 822 in

543 873 1002 954 episcopatum
1037 879 1138 932 est
1167 866 1679 951 producendus:

479 1026 513 1095 5
675 1029 910 1102 oportet
964 1030 1179 1083 autem
1237 1039 1383 1082 eum
1441 1028 1503 1082 et
1560 1018 1794 1082 bonum
1844 1015 2278 1081 testimonium
2317 1014 2546 1080 habere
2583 1015 2668 1080 ab
2706 1016 2812 1080 lus
2847 1016 2967 1100 qui

525 1125 713 1212 foris
738 1133 909 1201 sunt,
939 1133 1016 1188 ut
1042 1144 1167 1187 non
1201 1121 1269 1186 in
1302 1121 1706 1205 obprobrium
1740 1119 1990 1184 incidat
2014 1129 2078 1184 et
2104 1117 2404 1202 laqueum
2438 1119 2698 1185 diaboli.

673 1246 757 1310 ab
785 1244 892 1309 lzz's
926 1244 1047 1327 qui
1068 1243 1257 1326 foris
1289 1251 1448 1306 sunt
1481 1243 1767 1319 edicens,
1809 1239 1959 1304 illos
2000 1250 2194 1324 putat
2234 1240 2349 1324 qui
2381 1251 2576 1304 extra
2613 1239 2959 1304 ecclesiam

544 1359 717 1427 sunt,
777 1349 958 1433 apud
1018 1369 1188 1432 quos
1264 1348 1632 1411 necessarie
1714 1347 2028 1410 conuenit
2102 1347 2427 1428 integram
2504 1366 2656 1409 eum
2718 1344 2961 1409 debere

544 1455 929 1537 opinionem
960 1451 1207 1517 habere
1236 1462 1437 1535 prout
1465 1435 1726 1534 potest3
1770 1452 2016 1515 docens
2047 1451 2296 1533 pariter
2323 1459 2399 1515 ut
2434 1450 2766 1533 opinionis
2803 1468 2964 1512 suae

442 1573 524 1623 10
546 1558 962 1641 diligentiam
1023 1556 1284 1621 habeat.
1376 1575 1534 1618 nam
1597 1555 1780 1639 quod
1842 1555 2008 1618 dicit
2065 1553 2200 1619 tale
2259 1564 2379 1618 est.
2483 1564 2638 1619 sunt
2696 1555 2962 1639 aliquae
3067 1611 3072 1616 .

544 1661 989 1745 professiones
1029 1681 1201 1745 quae
1240 1660 1608 1723 secundum
1652 1679 1725 1723 se
1769 1658 1955 1723 illum
2004 1660 2116 1741 qui
2163 1679 2311 1722 eam
2362 1657 2710 1741 profitetur
2746 1662 2965 1741 repre·
3008 1733 3013 1737 .

543 1767 848 1831 hensioni
890 1766 1087 1830 subdi
1129 1766 1440 1841 efficiunt,
1471 1774 1547 1829 ut
1576 1773 1743 1846 puta
1791 1764 2187 1848 publicanus
2227 1771 2344 1827 aut
2384 1784 2600 1846 caupo
2641 1771 2758 1829 aut
2788 1763 2959 1841 len0,

543 1881 663 1936 aut
701 1881 771 1935 et
810 1869 989 1934 aliud
1029 1869 1280 1952 aliquid
1313 1870 1494 1952 quod
1548 1890 1591 1933 a
1637 1869 1940 1952 plurimis
1985 1868 2093 1933 uel
2140 1867 2531 1952 reprehendi
2578 1878 2806 1950 posset
2850 1867 2958 1931 uel

543 1975 919 2058 uituperari.
985 1975 1293 2038 uidemus
1323 1973 1570 2037 etenim
1603 1973 1982 2057 frequenter
2009 1972 2315 2037 homines
2346 1974 2431 2037 de
2462 1970 2793 2056 aliquibus
2824 1993 2960 2036 non

441 2091 513 2159 15
545 2079 797 2143 bonum
828 2077 1072 2143 habere
1103 2079 1510 2156 existimare,
1545 2099 1625 2143 ea
1657 2080 1914 2143 ratione
1957 2077 2139 2162 [qua]
2174 2078 2356 2142 uitae
2385 2097 2547 2142 suae
2576 2076 2959 2160 opinionem
3011 2121 3019 2128 -

546 2184 821 2247 maculis
852 2183 1248 2259 inusserunt,
1278 2193 1346 2248 et
1377 2183 1465 2248 ad
1497 2183 1937 2268 plurimorum
1972 2183 2274 2265 peruenit
2308 2182 2617 2247 notitiam
2657 2181 2814 2264 quia
2845 2189 2962 2244 aut

544 2288 885 2353 luxuriose
956 2289 1273 2353 uixerunt
1332 2297 1449 2352 aut
1526 2308 1687 2372 erga
1746 2289 2063 2371 pecunias
2135 2288 2321 2352 auari
2397 2286 2781 2362 extiterunt,
2842 2293 2962 2348 aut

544 2402 911 2457 mercatum
944 2413 1255 2457 exercere
1295 2394 1651 2458 uoluerunt
1697 2393 1786 2457 ob
1822 2393 2104 2458 iniustos
2145 2401 2212 2456 et
2250 2401 2478 2474 turpes
2508 2390 2743 2455 lucros
2831 2387 2960 2451 hoc

543 2516 701 2580 ergo
732 2497 876 2562 uult
906 2496 1170 2561 dicere:
1214 2497 1303 2560 ‘si
1349 2496 1552 2581 aliqui
1597 2496 1840 2561 fuerint
1885 2495 2072 2575 tales,
2106 2495 2350 2579 quiex
2393 2495 2671 2580 antiqua
2706 2494 2848 2558 uita
2894 2503 2962 2558 et

433 2613 520 2661 20
541 2601 949 2684 professione
999 2601 1181 2684 apud
1229 2600 1533 2666 homines
1584 2602 1954 2666 existimati
2016 2610 2170 2665 sunt
2219 2599 2597 2683 prauissimi
2657 2600 2962 2664 extitisse

541 2705 812 2780 arbitrii,
854 2705 1178 2770 eiusmodi
1219 2704 1525 2769 homines
1566 2706 1882 2770 conuenit
1922 2705 2254 2769 deiectare
2286 2724 2371 2768 ne
2401 2705 2465 2768 in
2498 2705 2959 2790 episcopatum

544 2809 1008 2891 producantur,
1059 2808 1215 2873 licet
1271 2811 1325 2872 si
1373 2821 1441 2874 et
1484 2810 1839 2874 uideantur
1883 2810 2167 2874 fideliter
2211 2811 2568 2874 accessisse
2622 2820 2692 2875 et
2749 2812 2958 2874 uitam

540 2932 732 2977 suam
780 2912 1004 2976 studio
1059 2912 1403 2976 meliorum
1456 2910 1861 2985 inlustrasse,
1924 2912 2142 2976 donec
2193 2933 2312 2997 per
2363 2912 2642 2995 longum
2694 2923 2962 2996 tempus

640 3044 672 3093 8
706 3045 984 3095 necessario
1006 3062 1038 3093 r
1198 3060 1216 3094 1
1232 3060 1250 3094 1
1289 3045 1493 3110 quidem
1509 3044 1608 3109 (ast
1631 3044 1789 3110 illum)
1814 3046 1921 3096 add
1936 3064 1968 3095 r
2122 3063 2180 3099 12
2214 3054 2390 3113 utpote
2411 3047 2480 3097 Η
2669 3062 2727 3110 ¹3
2761 3054 2810 3097 et
2832 3064 2909 3096 om
2935 3063 2967 3097 r

566 3125 579 3191 1
607 3126 764 3191 possit
787 3144 819 3175 r
969 3142 1024 3190 ¹5
1060 3127 1245 3175 bonam
1268 3126 1321 3175 h.
1340 3127 1625 3176 existimare
1649 3128 1713 3176 H
1761 3129 1945 3177 bonam
1969 3128 2021 3179 h.
2059 3129 2476 3179 existImationem
2499 3144 2531 3178 r
2560 3126 2569 3192 Ι
2595 3144 2696 3193 qua
2715 3145 2793 3178 om
2822 3128 2930 3178 CH
2937 3145 2968 3176 r

546 3204 607 3255 16
628 3205 837 3254 maculis
859 3205 1155 3254 iniusserunt
1184 3205 1226 3254 C
1238 3204 1265 3230 ⁴*
1289 3205 1530 3267 [inserunt
1558 3208 1601 3255 C
1623 3207 1796 3269 (corr)]
1831 3224 1976 3258 macu
1993 3208 2267 3258 inuiserunt
2283 3208 2388 3270 (sic)
2405 3209 2472 3257 H
2489 3207 2496 3272 Ι
2527 3208 2611 3274 qui
2630 3208 2744 3272 (fir
2755 3210 2892 3272 quia)
2909 3209 2976 3257 H

552 3289 612 3338 18
646 3287 812 3350 turpia
833 3287 971 3336 lucra
994 3302 1026 3334 r
1270 3302 1322 3336 ἰι
1365 3287 1589 3337 deuitare
1613 3288 1727 3353 (jor
1747 3289 1949 3350 deiect.)
1973 3291 2075 3339 Ην
2288 3304 2350 3341 22
2375 3290 2490 3340 licet
2511 3292 2604 3340 etsi
2626 3290 2693 3338 H
2733 3289 2847 3338 licet
2872 3306 2904 3337 t·
2927 3288 2936 3353 1

545 3369 804 3419 arcessisse
832 3368 876 3418 C
886 3368 952 3417 H

542 3485 750 3544 Donat„
774 3483 975 3548 passim,
991 3498 1097 3547 esp.
1116 3485 1143 3543 5
1160 3484 1240 3546 87,
1269 3484 1434 3535 where
1456 3485 1521 3539 he
1542 3486 1702 3536 main·
1810 3504 1884 3551 14,
1912 3496 2058 3548 note3
2090 3487 2192 3538 and
2216 3487 2375 3552 infra,
2398 3503 2450 3552 p.
2482 3500 2530 3534 11
2542 3499 2587 3549 5,
2615 3485 2652 3535 1.
2677 3501 2759 3535 21.

541 3566 672 3616 taius
694 3564 802 3614 that
824 3565 1036 3614 heretics
1052 3565 1153 3614 and
1177 3565 1277 3616 bad
1296 3567 1553 3618 Catholics
1567 3569 1704 3620 alike
1866 3570 2143 3633 opinionem
2198 3568 2409 3618 maculis
2473 3567 2654 3628 inuss.]
2675 3587 2720 3609 =
2737 3565 2965 3632 opinioni

541 3647 734 3697 receive
759 3646 986 3711 Baptism
1007 3646 1219 3697 without
1250 3663 1315 3696 an
1338 3649 1501 3699 actual
1531 3651 1703 3700 remis·
1804 3653 2041 3702 maculas·
2109 3652 2211 3701 For
2233 3646 2593 3715 ορίητόεάκοή
2620 3665 2704 3699 see
2739 3649 2962 3707 Rbnsch,

540 3728 651 3778 sion
673 3727 731 3777 os
739 3728 860 3777 sins-
1802 3736 1958 3792 Itala,
1996 3751 2046 3799 p.
2089 3736 2212 3798 3183
2244 3733 2364 3783 here
2397 3732 2497 3781 and
2532 3732 2708 3792 above,
2748 3731 2783 3782 l.
2828 3747 2874 3797 9,
2924 3732 2964 3782 it

611 3826 656 3876 7.
722 3812 817 3876 qui
844 3818 985 3861 extra
1013 3811 1280 3874 ecclesiam]
1350 3812 1448 3863 See
1483 3829 1551 3863 on
1586 3814 1701 3863 Col.
1803 3831 1963 3866 seems
1981 3824 2039 3866 to
2062 3832 2209 3865 mean
2233 3812 2548 3871 ‘character,’
2569 3813 2913 3878 ‘reputatiom’

541 3893 608 3942 iv.
632 3907 682 3958 5,
712 3909 732 3943 1
760 3894 938 3944 Thess.
961 3892 1030 3943 iv.
1060 3908 1138 3943 12.
1875 3899 1947 3947 18.
2020 3903 2187 3961 turpes
2208 3896 2387 3960 Iucrvs]
2453 3896 2550 3947 See
2572 3912 2655 3946 vv.
2678 3896 2754 3956 11„
2775 3896 2875 3945 and
2899 3897 2964 3947 cs.

613 3990 689 4025 11.
754 3975 972 4039 quicum
984 3975 1268 4039 profitetur]
1337 3975 1436 4046 ξε.
1466 3976 1551 4026 the
1584 3991 1703 4026 man
1810 3990 1848 4027 1.
1872 3994 1923 4043 p.
1951 3993 2032 4043 93,
2056 3977 2092 4027 1.
2116 3992 2162 4042 9,
2189 3987 2328 4028 note.

541 4057 658 4107 who
680 4056 861 4106 carries
883 4073 952 4106 on
983 4073 1082 4121 any
1107 4057 1166 4106 of
1191 4058 1332 4108 these
1357 4061 1697 4122 occupationS.
1880 4075 1958 4109 υ.
2009 4059 2237 4123 fideliter
2257 4059 2526 4121 accessisse]
2571 4060 2621 4109 A
2626 4059 2854 4121 mersisse,
2883 4061 2967 4110 the

540 4140 653 4189 The
669 4140 881 4189 Gk-was
900 4139 1143 4204 probably
1153 4142 1237 4190 τὸν
1250 4139 1697 4202 ἐπαγγελλόμενον,
1812 4142 2018 4206 reading
2039 4142 2098 4191 os
2115 4142 2199 4192 the
2222 4142 2397 4201 MSS„
2425 4141 2467 4191 is
2488 4142 2608 4191 here
2630 4142 2768 4207 quite
2790 4151 2967 4191 unten-

540 4223 643 4273 and
687 4222 773 4271 the
812 4222 1078 4272 translator
1117 4222 1279 4288 sorgot
1319 4224 1427 4274 that
1464 4241 1496 4274 a
1539 4224 1705 4290 plural
1811 4225 1944 4275 able.
1969 4225 2080 4275 The
2098 4223 2374 4275 correction
2391 4223 2554 4273 which
2567 4223 2963 4290 Ihaveadopted

541 4321 681 4357 noun
699 4304 799 4354 had
819 4304 923 4369 just
947 4307 1212 4370 preceded.
1809 4304 1937 4356 from
1980 4305 2108 4355 Rab.
2144 4322 2306 4356 seems
2333 4313 2388 4356 to
2426 4321 2574 4356 mean
2614 4306 2693 4355 ‘to
2729 4304 2856 4354 have
2892 4321 2966 4355 re-

610 4405 684 4440 n.
759 4388 983 4453 utputa]
1017 4388 1098 4438 Cs.
1117 4400 1152 4437 1.
1184 4405 1235 4454 p.
1263 4388 1373 4452 276,
1400 4390 1436 4440 1.
1468 4406 1540 4452 14,
1567 4398 1708 4441 note.
1809 4388 1982 4439 ceived
2020 4386 2295 4453 baptism’;
2338 4403 2406 4438 on
2453 4387 2539 4438 the
2576 4386 2967 4451 corresponding

612 4485 686 4533 15·
752 4469 926 4519 habere
953 4469 1251 4531 exekte'mare]
1319 4470 1397 4521 Cf.
1442 4484 1478 4521 1.
1515 4488 1564 4535 p.
1593 4487 1642 4537 9,
1669 4474 1703 4522 1.
1807 4486 1948 4520 sense
1963 4470 2022 4520 os
2029 4469 2197 4522 πιστός
2213 4486 2295 4521 see
2310 4472 2486 4531 above,
2502 4485 2553 4536 p.
2576 4486 2594 4520 1
2610 4484 2683 4529 12,
2703 4470 2735 4521 l,
2757 4471 2803 4529 8,
2827 4478 2961 4520 note.
