3221 5116
328 413 788 465 FRAGMENTS
834 412 929 463 OF
975 411 1130 461 THE
1178 410 1566 462 DOGMATIC
1614 409 1881 460 WORKS
1927 410 2021 460 OF
2065 407 2491 460 THEODORE.
2564 409 2680 473 311

269 558 355 679 3..
412 600 649 684 [Leont.
696 604 732 661 l.
778 623 819 662 c.
863 604 951 681 (ἐκ
977 606 1079 662 τοῦ
1105 600 1278 661 αὐτοῦ
1307 598 1523 681 λόγου).
1614 602 1745 658 Act.
1781 599 1968 660 Cone.
2001 599 2121 660 CP.
2154 596 2212 657 ii.
2248 615 2330 657 ιν.
2364 613 2435 672 ²7
2470 594 2690 676 (“eius-

355 748 359 755 .
431 703 572 763 dem
613 701 920 763 Theodori
962 722 1035 762 ex
1074 699 1237 762 libris
1279 699 1356 760 de
1400 695 1922 777 Incarnatione’').
2008 695 2138 774 Vig.
2198 699 2290 756 28.
2377 697 2574 773 Pelag.
2628 692 2685 755 ii.

430 802 470 859 l.
489 821 529 860 c.
619 802 708 861 Cf,
746 800 1035 878 Lagarde,
1065 819 1121 878 p.
1162 795 1319 880 101].

352 938 549 999 Πλέον
586 937 699 1021 γὰρ
740 938 982 1017 ὥχλεῖτο
1021 935 1055 998 ό
1104 935 1291 1015 κύριος
1339 935 1432 995 καὶ
1616 937 1760 996 Plus
1818 932 2261 1012 inquietabatur
2308 931 2587 993 dominus
2629 945 2691 995 et

268 1031 570 1114 ἠγωνίζετο
605 1031 749 1109 πρός
774 1035 847 1093 τὰ
874 1031 1086 1113 ψυχικιὶ
1109 1031 1266 1109 πάθη
1294 1030 1433 1108 ὑπὲρ
1532 1045 1835 1094 certamen
1874 1031 2135 1093 habebat
2173 1031 2251 1091 ad
2288 1030 2521 1091 animae
2559 1050 2691 1107 pas·

269 1130 345 1193 τοὶ
390 1136 493 1192 τοῦ
536 1131 819 1207 σώματος,
879 1131 972 1190 καὶ
1024 1135 1105 1211 τῷ
1159 1131 1433 1207 κρείττονι
1533 1130 1734 1192 siones
1774 1150 1954 1208 quam
1999 1127 2283 1206 corporis,
2329 1140 2389 1188 et
2444 1127 2691 1189 meliore

164 1308 177 1315 ·
271 1233 536 1312 λογισμῷ
582 1230 684 1294 τοῖς
728 1228 938 1306 ἡδονὰς
981 1231 1284 1310 ἐχειροῦτο,
1329 1234 1433 1305 τῆς
1530 1227 1735 1288 animo
1763 1226 2040 1287 libidines
2067 1225 2365 1300 uincebat,
2389 1224 2690 1287 mediante

271 1326 537 1404 θεότητος
590 1327 809 1405 δηλαδὴ
862 1325 1275 1406 μεσιτευούσης
1339 1326 1433 1388 καὶ
1533 1324 1588 1387 ei
1619 1326 1840 1388 deitate
1868 1326 1948 1386 ad
1975 1323 2422 1403 perfectionem,
2759 1340 2791 1399 5

273 1423 607 1503 βοηθοῦσ-ης
626 1423 772 1505 αὐτῷ
788 1423 929 1504 πρός
945 1425 1050 1502 τήν
1065 1422 1427 1503 κατόρθωιν.

274 1568 437 1628 unde
465 1579 527 1629 et
555 1567 834 1629 dominus
861 1568 939 1629 ad
969 1569 1117 1631 haec
1146 1568 1406 1631 maxime
1440 1568 1756 1630 instituens
1793 1566 2032 1627 uidetur
2061 1574 2382 1627 certamen.
2466 1561 2693 1642 cupidi-

271 1675 395 1726 tate
451 1665 611 1727 enim
655 1665 1041 1745 pecuniarum
1088 1686 1214 1728 non
1264 1667 1554 1744 deceptus
1598 1677 1659 1727 et
1705 1663 1928 1743 gloriae
1974 1662 2273 1725 desiderio
2321 1682 2444 1723 non
2492 1674 2692 1723 tentus

274 1761 438 1823 carni
474 1763 722 1840 quidem
750 1763 1024 1841 praebuit
1061 1763 1227 1836 nihil,
1257 1783 1373 1825 nec
1401 1764 1562 1825 enim
1590 1761 1748 1823 illius
1776 1773 1902 1823 erat
1929 1761 2147 1823 talibus
2175 1759 2350 1822 uinci.
2427 1759 2691 1821 animam

271 1868 475 1920 autem
514 1858 564 1919 si
602 1878 727 1920 non
754 1859 1093 1938 recepisset,
1124 1861 1232 1920 sed
1261 1859 1452 1921 deitas
1489 1870 1580 1920 est
1607 1878 1766 1936 quae
1802 1857 2078 1930 euicerat,
2109 1858 2447 1918 nullatenus
2483 1876 2690 1918 eorum
2725 1881 2797 1919 10

273 1974 429 2032 quae
469 1957 626 2017 sacta
667 1968 806 2018 sunt
847 1956 927 2017 ad
969 1977 1081 2018 nos
1118 1956 1358 2035 respicit
1394 1959 1867 2033 lucrum—quae
1902 1954 2064 2016 enim
2101 1957 2182 2016 ad
2218 1953 2692 2016 conuersationis

273 2052 700 2130 perfectionem
756 2053 1086 2117 similitudo
1141 2052 1379 2116 deitatis
1422 2065 1483 2115 et
1530 2054 1768 2115 animae
1821 2054 2119 2114 humanae
2135 2054 2307 2114 ?—et
2347 2052 2694 2114 uiderentur

275 2149 523 2210 Domini
545 2150 869 2212 certamina
896 2171 1020 2212 non
1049 2152 1129 2212 ad
1155 2171 1267 2213 nos
1287 2150 1612 2229 respiciens
1633 2152 1852 2213 habere
1872 2151 2124 2223 lucrum,
2144 2150 2252 2211 sed
2274 2147 2692 2212 ostentationis

272 2245 585 2306 cuiusdam
626 2246 815 2324 gratia
852 2246 1049 2308 fuisse.
1135 2248 1304 2325 quod
1344 2246 1394 2307 si
1436 2248 1554 2307 hoc
1588 2247 1790 2308 dicere
1830 2265 1956 2307 non
1994 2257 2086 2306 est
2117 2245 2420 2323 possibile,
2461 2256 2691 2305 certum

272 2341 497 2401 etenim
535 2354 626 2403 est
662 2343 831 2419 quod
864 2342 968 2402 illa
994 2354 1238 2421 propter
1275 2362 1385 2402 nos
1419 2343 1577 2402 sacta
1610 2353 1768 2414 sunt,
1802 2352 1861 2402 et
1888 2340 2080 2401 maius
2107 2353 2411 2402 certamen
2439 2339 2695 2401 instituit
2726 2362 2795 2422 15

271 2440 351 2499 ad
371 2438 606 2501 animae
634 2440 960 2518 passiones,
985 2440 1184 2501 minus
1211 2451 1413 2501 autem
1441 2442 1517 2501 ad
1537 2440 1731 2499 carnis
1745 2460 1764 2514 3
1801 2449 2028 2516 quanto
2057 2450 2118 2499 et
2145 2438 2400 2516 amplius
2417 2451 2478 2500 et
2504 2439 2692 2519 magis

270 2533 600 2611 inquietare
626 2536 755 2597 illas
782 2536 1170 2615 contingebat
1197 2548 1257 2598 et
1284 2535 1474 2615 magis
1502 2536 1604 2597 illa
1632 2546 1756 2598 erat
1784 2555 1941 2614 quae
1969 2547 2030 2597 et
2057 2534 2360 2614 amplioris
2386 2534 2694 2615 indigebat

272 2627 628 2705 medicinae,
673 2629 955 2691 uidelicet
997 2631 1164 2708 quod
1197 2642 1259 2691 et
1296 2649 1537 2691 carnem
1572 2641 1634 2691 et
1661 2629 1926 2690 animam
1954 2630 2278 2690 adsumens
2306 2648 2417 2707 per
2443 2641 2693 2708 utraque

272 2744 381 2802 pro
407 2724 673 2804 utrisque
710 2729 975 2789 certabat
993 2750 1010 2803 3
1055 2727 1422 2790 mortificans
1463 2728 1711 2805 quidem
1750 2725 1814 2786 in
1852 2745 2032 2787 carne
2067 2736 2403 2804 peccatum,
2435 2736 2497 2787 et
2529 2746 2696 2787 man-

271 2837 515 2887 suetans
542 2825 669 2887 eius
698 2824 978 2886 libidines
1007 2837 1067 2887 et
1093 2826 1267 2888 facile
1294 2826 1622 2904 capiendas
1642 2824 1888 2886 meliore
1914 2824 2147 2885 ratione
2173 2824 2411 2884 animae
2430 2822 2694 2899 faciens;
2725 2848 2800 2887 20

273 2923 554 2983 erudiens
606 2933 807 2984 autem
862 2922 1144 2997 animam,
1194 2934 1256 2985 et
1312 2923 1644 2985 exercitans
1692 2934 1753 2984 et
1799 2941 1937 2983 suas
1983 2922 2294 3000 passiones
2338 2921 2578 2983 uincere
2632 2935 2693 2984 et

272 3019 466 3080 carnis
525 3020 820 3082 refrenare
876 3019 1172 3082 libidines.
1267 3022 1417 3082 haec
1465 3021 1629 3082 enim
1685 3018 1878 3082 deitas
1931 3018 2275 3080 inhabitans
2315 3019 2691 3097 operabatur,

272 3117 422 3176 haec
450 3115 790 3178 inhabitans
817 3118 1171 3179 medebatur
1194 3117 1428 3195 utrique
1456 3137 1681 3179 eorum.

364 3411 525 3497 [Act.
562 3418 749 3477 Cone.
783 3419 976 3479 Later.
1007 3438 1060 3478 a.
1096 3421 1213 3496 649
1241 3438 1374 3479 secr.
1404 3440 1457 3478 v.
1491 3418 1553 3497 (“
1570 3418 1842 3480 eiusdem
1886 3419 1964 3481 de
2010 3437 2286 3479 sermone
2332 3419 2612 3478 Incarna-

843 3513 1065 3576 tionis-’⁹
1109 3513 1198 3597 [ἐκ
1235 3518 1339 3575 τοῦ
1376 3517 1506 3593 περὶ
1546 3512 2113 3596 ἑνανθρωπήσεωςυ]

354 3664 520 3725 Κατὰ
570 3665 676 3743 τήν
727 3665 1051 3748 πρόγνωσιν
1099 3671 1202 3728 τοῦ
1253 3667 1431 3749 λόγου
1615 3670 1961 3730 Secundum
2002 3667 2456 3746 praescientiam
2504 3670 2692 3732 Verbi

272 3760 787 3844 ὃειχθεὶςότεχθεὶς
805 3768 865 3823 ἐκ
884 3767 986 3840 τῆς
1002 3764 1282 3840 παρθένου
1301 3764 1431 3846 δίχα
1533 3779 1810 3828 ostensus
1852 3765 1956 3844 qui
1998 3778 2172 3827 natus
2213 3776 2306 3826 est
2346 3787 2422 3826 ex
2460 3766 2691 3845 uirgine
2722 3789 2792 3849 25

271 3862 491 3935 σπορᾶς
543 3858 847 3938 ἅνθρωπος,
904 3860 971 3922 οὗ
1033 3863 1280 3939 διεκρίθη
1330 3867 1432 3924 τοῦ
1530 3863 1662 3926 sine
1699 3863 1928 3925 semine
1961 3864 2165 3938 homo,
2206 3882 2331 3925 non
2365 3865 2693 3924 secernitur

271 3957 468 4039 λόγου,
487 3959 781 4035 ταυτότητι
799 3959 1023 4043 γνώμης
1047 3958 1196 4041 αὑτῷ
1221 3985 1430 4037 συνημ-
1530 3984 1569 4024 a
1594 3963 1816 4036 Verbo,
1845 3981 1954 4040 per
1984 3960 2434 4022 similitudinem
2470 3962 2691 4024 mentis

268 4057 452 4133 μένος,
520 4055 643 4118 καθ’
706 4055 779 4134 ἣν
847 4057 1155 4134 εὐδοκήσας
1215 4059 1432 4136 ἥνωσεν
1530 4060 1732 4122 eidem
1772 4061 2103 4138 copulatus,
2142 4078 2251 4137 per
2275 4079 2453 4138 quam
2483 4060 2689 4139 digna-

270 4150 440 4215 αὖτόν
479 4156 669 4234 ἑαυτῷ,
712 4155 807 4216 καὶ
847 4156 1106 4228 διέδειξεν
1138 4154 1311 4218 αὐτὰν
1337 4158 1431 4218 καὶ
1529 4159 1695 4221 tione
1723 4157 1916 4219 uniuit
1944 4177 2082 4220 eum
2104 4157 2237 4235 sibi,
2254 4170 2316 4221 et
2337 4160 2692 4222 monstrauit

370 4356 398 4406 5
433 4341 479 4392 ei
512 4358 590 4392 om
618 4342 662 4393 C
679 4344 734 4394 Ρ
881 4356 907 4408 7
944 4344 1200 4397 instituere
1220 4349 1275 4398 P
1437 4362 1496 4398 10
1527 4363 1589 4398 ea
1620 4346 1808 4397 uicerat
1836 4348 1881 4397 C
1955 4363 2016 4398 ea
2048 4347 2269 4399 uinceret
2305 4349 2356 4397 V
2546 4364 2601 4399 12
2638 4358 2687 4400 et

267 4424 521 4475 uideretur
552 4425 597 4474 C
657 4424 811 4475 etiam
833 4425 1067 4478 uidentur
1097 4428 1146 4477 V
1336 4443 1391 4493 17
1426 4430 1542 4480 illos
1576 4430 1628 4480 V
1644 4429 1653 4493 Ι
1682 4429 2229 4495 ampliori...medicina
2264 4429 2315 4480 V
2508 4432 2564 4480 18
2598 4446 2690 4495 pro

269 4514 478 4570 utraque
501 4504 621 4568 (sor
639 4521 729 4571 per
751 4522 799 4557 ιι.
829 4523 921 4573 pro
942 4510 1014 4570 ιι.)
1051 4509 1098 4558 V
1256 4507 1316 4560 26
1351 4519 1424 4562 est
1447 4512 1718 4563 recernitus
1739 4511 1873 4562 codd.
