3221 5116
304 2213 384 2314 ‚15

423 401 551 468 270

1068 404 1524 455 ’rimoDoRUs
1572 403 2158 455 mopsusssrssxus
2761 390 2841 472 [2.

551 584 615 637 et
641 573 701 637 A
714 575 968 658 rcltippo
996 575 1422 639 commilitoni
1448 585 1680 639 nostro,

553 692 824 774 †filium
895 695 1145 758 indicat
1221 693 1630 757 Philemonis
1705 713 1972 776 quoque
2033 703 2100 758 et
2160 693 2443 769 Affiae,*
2506 716 2707 778 quem
2771 704 2841 760 et

421 797 1017 861 ‘commilitonem'
1072 797 1339 862 uocauit
1388 818 1468 860 ea
1518 797 1775 861 ratione
1835 818 1970 879 qua
2019 799 2084 861 in
2142 797 2274 861 fide
2338 808 2481 863 erat
2549 801 2608 863 ei
2658 820 2842 864 com-

420 901 657 964 munis,

747 902 1111 965 ostendunt
1143 922 1301 964 uero
1333 901 1579 982 scripta
1614 902 2063 982 antepositum
2104 921 2249 965 esse
2283 901 2595 965 maritum
2623 904 2840 980 uxori,

356 1016 387 1084 5
423 1023 553 1065 non
586 1006 878 1068 secundo
922 1005 986 1068 in
1035 1004 1181 1067 loco
1226 1026 1473 1068 uxores
1513 1025 1661 1068 esse
1705 1025 1745 1067 a
1794 1004 2045 1067 maritis
2093 1005 2506 1079 existimanS,
2542 1007 2841 1070 maxime

420 1109 474 1170 si
508 1128 664 1191 erga
696 1110 1015 1190 pietatem
1050 1108 1199 1191 plus
1246 1108 1487 1173 fuerint
1531 1109 1843 1172 mulieres
1880 1108 2206 1172 sollicitae
2235 1129 2250 1185 ;
2298 1111 2414 1173 sed
2454 1119 2528 1173 ut
2563 1119 2841 1174 naturae

420 1212 720 1276 ordinem
774 1214 1178 1277 custodierit.

1269 1234 1358 1277 ex
1400 1213 1643 1296 quibus
1695 1222 2103 1276 memoratus
2145 1222 2246 1275 est
2293 1223 2446 1294 post
2494 1212 2836 1276 mulierem

421 1316 621 1378 etiam
679 1316 1120 1400 Archippum,
1172 1318 1285 1400 qui
1340 1319 1572 1399 utique
1616 1317 1716 1380 uir
1761 1326 1903 1379 erat
1940 1326 2008 1380 et
2051 1337 2186 1381 non
2231 1318 2484 1392 mulier,
2515 1316 2836 1380 honorem

421 1428 488 1482 et
535 1431 761 1483 autem
812 1439 1099 1503 aequum
1154 1420 1282 1483 illis
1332 1420 1562 1483 tribuit
1617 1419 1704 1482 ob
1758 1420 2026 1500 pietatis
2085 1422 2645 1496 communionem,
2703 1440 2838 1482 me-

317 1540 395 1587 10
422 1522 700 1586 moriam
749 1544 976 1587 eorum
1031 1523 1332 1587 similiter
1385 1523 1672 1601 faciens;
1723 1523 2024 1587 ordinem
2076 1544 2235 1587 uero
2282 1535 2559 1588 naturae
2601 1525 2838 1586 immo-

416 1625 619 1689 bilem
665 1626 944 1708 reliquit,
988 1627 1275 1708 primum
1325 1647 1704 1689 memorans
1753 1626 2085 1704 maritum,
2127 1626 2372 1690 deinde
2419 1647 2719 1703 uxorem,
2768 1635 2835 1690 et

417 1738 579 1793 tunc
609 1729 837 1792 filium.

929 1738 995 1792 et
1028 1740 1181 1811 post
1213 1728 1339 1792 hoc
1372 1729 1574 1791 adicit
1601 1750 1617 1791 ε

548 1891 611 1946 et
635 1881 698 1946 ei
722 1902 886 1964 quae
915 1881 985 1945 in
1014 1880 1199 1944 domo
1230 1890 1344 1944 tua
1373 1888 1470 1943 est
1496 1880 1764 1943 ecclesia.

548 2030 670 2074 nec
700 2019 955 2073 ceteros
986 2009 1100 2092 qui
1144 2008 1572 2091 pertinebant
1609 2010 1696 2073 ad
1739 2030 1854 2073 eos
1896 2009 2231 2073 fraudauit
2261 2009 2682 2085 salutatione,
2714 2008 2832 2072 sed

548 2221 667 2310 υἱῲ
709 2223 912 2289 αὐτοῦ
952 2221 1152 2308 λέγει,
1199 2227 1315 2290 τοῦ
1359 2251 1431 2291 τε
1475 2223 1849 2308 Φιλήμονος
1892 2223 2003 2290 καὶ
2046 2227 2166 2306 τῆς
2208 2220 2520 2311 Ἀπφίας.

513 2388 544 2437 8
577 2386 663 2452 qui
686 2385 1124 2451 utique...effectus
1149 2385 1228 2451 (p.
1257 2389 1367 2447 281,
1396 2387 1431 2435 I.
1462 2386 1539 2448 16)
1563 2388 1608 2436 is
1629 2387 1860 2451 wanting
1883 2388 1940 2435 in
1961 2387 2031 2435 H
2039 2403 2052 2435 ε
2086 2402 2156 2435 see
2173 2392 2362 2436 noteon
2383 2387 2418 2435 l.
2452 2399 2478 2449 7
2508 2383 2517 2446 Ι
2546 2385 2623 2434 uir
2643 2401 2721 2435 om
2750 2385 2795 2433 C
2802 2382 2830 2408 ⁴*

413 2481 447 2533 9
480 2476 530 2519 et
562 2485 641 2517 om
678 2468 722 2517 C
755 2466 899 2532 (corr)

415 2552 585 2614 φησίν·
622 2547 720 2613 ulfi,
748 2554 898 2602 κ.τ.λ.
929 2548 938 2617 Ι
968 2549 1175 2614 ’Δμφίας
1196 2552 1311 2604 edd.

484 2724 530 2759 α.
596 2708 774 2771 filium
819 2707 1009 2756 indica!
1048 2707 1171 2769 Plu]
1250 2707 1311 2756 In
1353 2706 1452 2757 this
1486 2714 1574 2756 not

415 2788 777 2839 unreasonable
811 2789 1096 2853 conjecture
1135 2787 1235 2836 Th.
1272 2803 1482 2853 appears
1521 2795 1576 2835 to

415 2868 561 2918 stand
599 2868 780 2928 alone3
827 2868 1005 2931 Chrys.
1043 2866 1085 2915 is
1124 2875 1325 2916 content
1363 2875 1416 2916 to
1459 2867 1575 2916 cha-

417 2951 652 3000 racterize
676 2950 963 3015 Archippus
985 2966 1040 3000 as
1063 2952 1175 3000 ἴσως
1198 2952 1356 3011 φίλον.

486 3050 533 3097 3.
602 3034 979 3084 commditonem
1048 3033 1259 3092 uocauit,
1332 3030 1447 3094 δια]
1524 3032 1574 3082 1t

416 3116 461 3165 is
490 3116 709 3179 singular
741 3114 849 3164 that
879 3115 997 3171 Th„
1021 3114 1066 3163 if
1094 3114 1158 3163 he
1194 3113 1451 3163 identified
1475 3115 1572 3162 Ar-

417 3199 630 3263 chippus
675 3198 761 3246 the
796 3213 885 3246 son
927 3197 985 3246 os
1028 3196 1287 3245 Philemon
1328 3197 1447 3247 with
1489 3197 1574 3246 the

419 3281 707 3346 Archippus
729 3279 788 3328 of
807 3279 893 3329 the
928 3280 1025 3343 Ep.
1060 3287 1114 3328 to
1147 3279 1233 3328 the
1268 3278 1574 3337 Colossians‚

418 3361 599 3411 should
638 3369 723 3410 not
762 3361 889 3410 have
923 3360 1188 3424 explained
1215 3363 1577 3423 συστρατιώτης

419 3442 470 3489 in
530 3440 777 3490 reference
830 3448 885 3489 to
945 3439 1234 3488 ministerial
1293 3439 1430 3488 work
1490 3440 1572 3499 (cs.

421 3521 550 3571 Phil.
593 3520 643 3570 ii.
685 3521 787 3582 25).
864 3518 976 3568 The
1014 3519 1375 3568 identification
1415 3519 1455 3567 is
1490 3534 1571 3567 ex-

418 3603 608 3669 pressly
632 3603 778 3653 made
802 3602 868 3666 by
892 3603 1086 3664 Chrys..
1110 3603 1226 3650 who
1258 3602 1413 3650 adds:
1449 3602 1578 3649 δοκεῖ

417 3705 499 3744 μοι
522 3684 655 3736 οὗτος
680 3688 757 3735 καὶ
781 3687 900 3735 εἶναι
924 3683 1019 3735 τῶν
1042 3687 1093 3734 ἐν
1128 3684 1292 3745 κλήρῳ
1324 3687 1572 3746 κατειλεγ-

416 3772 590 3830 μένων,
632 3771 731 3820 and
764 3771 827 3835 by
859 3770 1037 3820 'I'hdt-:
1072 3766 1098 3817 ὀ
1133 3771 1185 3817 δὲ
1211 3767 1284 3817 ’A.
1325 3771 1413 3829 τὴν
1445 3769 1571 3816 διδα-

418 3853 628 3901 σκαλίαν
674 3853 829 3900 αὐτῶν
865 3853 1203 3901 ἐπεπίστευτο·
1256 3851 1366 3912 περὶ
1406 3852 1574 3899 τούτου

417 3934 516 3996 ’γὰρ
538 3935 912 3983 Κολασσαεῦσιν
934 3935 1166 3996 ἔγραψεν.
1222 3930 1304 3981 Cf.
1324 3943 1360 3979 Ι.
1384 3947 1433 3996 p.
1453 3945 1566 3993 311,

417 4016 452 4065 l.
497 4027 568 4078 17,
604 4023 738 4064 note.

483 4114 531 4162 5.
601 4098 914 4159 existimans]
964 4099 1045 4148 Sc.
1070 4097 1325 4161 apostolus.

481 4180 530 4229 6.
598 4186 658 4227 ul
680 4186 893 4228 'mlurac
912 4178 1153 4236 ordinem,
1184 4177 1257 4227 &c
1278 4178 1297 4238 ]
1364 4177 1463 4225 For
1485 4193 1570 4225 an-

415 4259 562 4309 other
582 4257 903 4321 explanation
926 4272 1008 4306 see
1032 4273 1081 4320 p.
1112 4260 1221 4321 209,
1252 4256 1286 4304 1.
1312 4271 1360 4318 3,
1383 4264 1516 4304 note.

485 4354 531 4403 7.
591 4345 705 4403 pos!
738 4354 805 4385 m.
839 4338 990 4385 etiam
1015 4336 1356 4400 Archippum]
1402 4335 1462 4384 In
1486 4336 1572 4387 the

418 4421 548 4472 Cod.
592 4419 738 4470 Harl.
783 4419 868 4468 sol.
900 4435 996 4486 190
1029 4419 1057 4467 h
1096 4419 1220 4468 ends
1264 4417 1386 4467 with
1433 4418 1572 4467 these

415 4499 595 4558 πνοιᾶς,
625 4498 713 4548 sol.
746 4510 830 4562 191
858 4514 891 4546 a
913 4496 1189 4560 beginning
1217 4502 1355 4545 ...lus
1383 4503 1441 4544 ut
1470 4512 1570 4544 mm

1147 2484 1203 2532 13
1237 2485 1350 2519 eam
1375 2468 1492 2533 (sor
1517 2469 1583 2531 ei)
1612 2470 1657 2519 C

1875 2482 1932 2530 15
1970 2467 2126 2519 Coisl.
2156 2484 2268 2531 204,
2292 2468 2328 2517 l.
2346 2484 2385 2516 c.
2412 2468 2653 2530 θεόδωρος·
2687 2464 2835 2516 ἄλλος

1674 2705 1849 2764 solum,
1877 2703 1967 2754 διο.
1999 2702 2179 2768 (infra,
2207 2720 2255 2769 p.
2284 2705 2396 2763 281,
2425 2703 2458 2753 l.
2505 2701 2596 2759 16).
2669 2701 2836 2751 Three

1676 2785 1844 2834 leaves
1865 2783 1994 2833 have
2016 2784 2311 2849 apparently
2333 2784 2461 2833 been
2485 2783 2582 2833 lost
2607 2784 2832 2832 between

1676 2864 1782 2914 foll.
1824 2878 1933 2928 190,
1966 2878 2075 2927 191.
2143 2863 2240 2913 See
2270 2863 2447 2921 above,
2481 2879 2527 2927 p.
2557 2861 2669 2918 266.
2705 2861 2738 2911 1.
2784 2876 2827 2921 1,

1674 2954 1811 2995 note.

1746 3044 1818 3091 13.
1875 3033 1925 3076 a
1963 3025 2283 3086 ee‘...ecclesia]
2358 3025 2429 3075 So
2471 3026 2557 3076 the
2597 3024 2698 3075 Gk.
2750 3022 2835 3086 (τῇ

1675 3107 1781 3157 κατ’
1824 3106 1952 3157 clxiv
1982 3125 2071 3156 σου
2106 3108 2388 3167 ἐκκλησίᾳ);
2425 3106 2511 3155 the
2548 3107 2696 3155 Latin
2723 3122 2832 3155 ver·

1673 3189 1808 3238 sions
1829 3189 1956 3238 have
1980 3192 2072 3238 “et
2098 3188 2387 3248 ecclesiae,”
2410 3189 2525 3248 &eq
2560 3188 2622 3237 cs.
2644 3205 2692 3252 p.
2719 3202 2830 3251 271,

1675 3270 1709 3317 l.
1744 3284 1817 3331 13.
1886 3269 2023 3316 Eam
2070 3265 2172 3331 (see
2214 3284 2294 3317 vv.
2331 3266 2409 3331 ll.)
2456 3268 2498 3316 is
2542 3269 2758 3332 perhaps
2789 3282 2833 3315 -a

1675 3350 1981 3400 translator's
2008 3366 2157 3406 error,
2188 3350 2375 3414 arising
2403 3348 2531 3398 from
2565 3350 2650 3399 the
2683 3365 2829 3414 prox·

1676 3433 1818 3497 imity
1837 3433 1898 3482 os
1921 3433 2008 3482 the
2041 3433 2344 3482 accusatives
2365 3431 2416 3480 in
2441 3431 2473 3481 L
2508 3447 2560 3482 11
2583 3447 2659 3496 sq.

1748 3532 1821 3578 ¹4·
1877 3521 2048 3563 ceteros
2080 3514 2174 3579 qui
2196 3513 2526 3579 pertinebant,
2561 3511 2681 3574 δια]
2743 3512 2830 3562 All

1674 3597 1758 3646 the
1782 3596 1883 3647 Gk.
1898 3604 2286 3645 commentators
2302 3595 2604 3644 understand
2629 3595 2697 3657 by
2719 3593 2829 3643 ‘the

1674 3678 1874 3728 Church
1899 3678 1950 3726 in
1973 3677 2061 3740 thy
2083 3677 2239 3725 house
2255 3674 2268 3697 '
2293 3675 2596 3725 Philemon's
2612 3675 2829 3739 fizmilia

1672 3761 1730 3809 of
1760 3760 1988 3823 baptized
2013 3759 2206 3818 slaves3
2241 3757 2303 3807 cs.
2332 3773 2427 3820 ag.
2459 3757 2635 3806 Thdt.:
2666 3758 2832 3805 πᾶσαν

1673 3845 1762 3901 τὴν
1786 3841 2266 3899 οίιίυ...ἐκκλησίαν
2289 3840 2349 3889 ὡς
2371 3840 2592 3901 εὐσεβείᾳ
2610 3842 2828 3901 λαμπρυ-

1673 3925 1887 3984 νομένην
1927 3924 2006 3971 ἵνα
2036 3923 2113 3971 καὶ
2135 3922 2179 3970 01
2200 3922 2380 3971 οἰκέται
2402 3923 2487 3980 τῆς
2506 3915 2831 3979 ἀποστολικῆς

1670 4003 1947 4064 ἀξιωθέντες
1980 3999 2133 4063 τιμῆς,
2183 4002 2409 4064 συνεργοὶ
2450 3998 2537 4061 τῆς
2581 4002 2827 4063 παρακλή·

1673 4103 1792 4135 meus
1814 4087 2062 4147 γίνωνται.
2127 4085 2315 4149 Comp.
2340 4083 2437 4132 Th.
2447 4081 2486 4132 's
2508 4082 2828 4147 explanation

1672 4169 1730 4218 os
1778 4168 1863 4218 the
1906 4184 2042 4217 same
2087 4165 2267 4232 phrase
2306 4167 2358 4216 in
2403 4166 2518 4216 Col.
2556 4165 2620 4215 iv.
2672 4179 2728 4225 ¹5
2769 4166 2830 4224 (1.

1673 4266 1723 4314 p.
1768 4260 1912 4311 310›;
1951 4249 2050 4297 and
2090 4264 2172 4298 see
2212 4247 2401 4305 Suicer,
2440 4263 2479 4297 s.
2499 4262 2548 4296 v.
2596 4246 2832 4304 ἐκκλησία

1674 4335 1733 4393 (1.
1759 4333 1921 4394 1051).
1986 4331 2254 4390 Ambrstr.,
2274 4329 2404 4388 wh0,
2428 4328 2551 4378 both
2576 4328 2626 4377 in
2652 4327 2827 4377 Colos-

1671 4413 1804 4463 sians
1826 4411 1924 4460 and
1948 4410 2000 4459 in
2024 4410 2305 4466 Philemon,
2328 4410 2419 4459 has
2447 4409 2530 4459 the
2565 4408 2830 4471 rendering

1676 4497 1706 4520 ‘⁴
1726 4491 1999 4543 domestica
2020 4492 2127 4542 eius
2148 4488 2410 4549 ecclesia,”
2437 4489 2659 4540 remarks
2693 4504 2828 4552 upon
