3221 5116
521 418 642 488 182
1193 429 1653 486 THEononus
1698 429 2288 486 MOPSUESTENUS

2640 420 2794 507 [Ἦ.
2836 438 2937 488 12.

629 605 647 634 ‘
665 621 823 686 erga
842 599 971 669 ista
998 587 1514 670 sollicitudinem
1548 593 1824 689 (inquit)
1848 603 2273 689 expendere!
2300 614 2369 671 et
2398 607 2715 690 quoniam
2747 606 2941 673 labor

513 707 615 772 est
647 707 1053 773 necessarius
1090 707 1222 772 illis
1251 709 1365 792 qui
1396 710 1716 774 uirtutem
1747 710 1992 793 exequi
2024 710 2429 786 adnituntur,
2464 712 2744 776 adiecit:

643 892 812 949 certa
841 884 1073 977 bonum
1102 894 1418 963 certamen
1428 885 1619 971 fidei.

645 1013 1012 1078 necessarie
1063 1013 1269 1079 adicit
1321 1016 1554 1080 bonum
1601 1025 1919 1081 certamen
1965 1014 2073 1081 uel
2128 1036 2435 1100 agonem,
2490 1025 2566 1080 ut
2606 1014 2735 1080 hoc
2779 1014 2930 1079 loco

450 1123 481 1193 5
512 1114 620 1181 uel
652 1115 950 1180 maxime
990 1118 1305 1183 ostendat
1341 1120 1524 1202 quod
1567 1121 1973 1184 necessarius
2011 1121 2098 1184 sit
2143 1119 2335 1183 labor
2371 1120 2619 1184 talibus
2660 1120 2773 1202 qui
2806 1139 2929 1202 pro

513 1219 742 1288 multis
796 1220 1202 1305 expenditur
1240 1221 1451 1289 bonis,
1541 1224 1787 1289 deinde
1833 1224 2084 1304 laboris
2133 1226 2341 1308 ipsius
2389 1225 2571 1290 lucra
2621 1225 2928 1309 pandens

512 1323 791 1390 adiecit:

640 1493 1033 1594 adprehende
1063 1495 1332 1580 (inquit)
1366 1496 1579 1560 uitam
1608 1504 1952 1561 aeternam.

642 1619 1118 1689 ‘certaminum
1157 1632 1383 1688 autem
1425 1624 1531 1689 uel
1578 1646 1871 1708 agonum
1903 1623 2145 1689 horum
2189 1645 2439 1690 merces
2480 1624 2622 1690 uita
2652 1632 2931 1689 aeterna

407 1742 487 1790 10
510 1724 651 1792 est!
716 1726 958 1810 quibus
986 1727 1234 1810 poterit
1264 1746 1415 1791 eam
1449 1728 1728 1811 adsequi
1760 1737 1828 1793 et
1858 1728 2150 1794 suadens
2179 1730 2241 1793 ei
2270 1737 2345 1794 ut
2375 1730 2462 1793 de
2491 1728 2595 1794 his
2625 1729 2946 1795 studiose·

509 1839 711 1916 agat:

641 1993 712 2061 in
741 2013 873 2077 qua
907 1992 1052 2077 (ait)
1085 2002 1347 2062 uocatus
1371 2016 1439 2060 es
1463 2004 1529 2060 et
1551 1995 1694 2081 c0n[
1703 1996 1931 2079 fissus
1956 2018 2023 2060 es
2051 1995 2282 2062 bonam
2311 1994 2448 2079 con]
2453 1993 2824 2079 fhssz‘onem.

644 2122 770 2188 ‘ob
814 2123 988 2189 hanc
1035 2124 1213 2189 enim
1263 2133 1332 2189 et
1380 2127 1719 2191 credidisti
1774 2126 1929 2212 (hoc
1982 2128 2160 2192 enim
2209 2126 2372 2191 dicit
2418 2126 2751 2209 uocatus);
2832 2124 2928 2190 ob

506 2225 683 2293 hanc
712 2227 1132 2292 uocationem
1165 2227 1506 2296 confessus
1537 2250 1612 2294 es
1640 2231 2066 2314 pietatem—⁹
2097 2240 2172 2295 ut
2202 2232 2384 2296 dicat
2413 2232 2729 2314 quoniam
2764 2234 2782 2263 ‘
2799 2219 2932 2312 pro*

404 2332 633 2419 15hac
681 2351 915 2415 passus
970 2329 1076 2395 es!
1168 2351 1325 2395 nam
1374 2332 1556 2415 quod
1588 2333 1787 2397 'dixit
1831 2334 2156 2415 confessus
2202 2355 2286 2413 es,
2324 2333 2452 2397 hoc
2499 2341 2617 2410 est,
2652 2339 2926 2415 ‘passus

507 2438 616 2502 es'
665 2436 843 2501 dicit.
932 2435 1111 2499 unde
1151 2442 1221 2498 et
1257 2434 1410 2518 plus
1452 2456 1605 2501 eum
1648 2435 2012 2501 adhortans
2052 2445 2128 2501 ut
2168 2456 2289 2520 pro
2326 2436 2507 2501 hisce
2548 2436 2743 2501 rebus
2779 2455 2924 2500 sus-

505 2543 718 2607 tineat
748 2540 1069 2619 laborem,
1098 2540 1343 2606 adiecit
1375 2565 1389 2607 z

609 2744 629 2780 1
668 2727 815 2779 istam
835 2727 904 2781 H
920 2726 931 2794 Ι
959 2728 1191 2796 expende
1216 2727 1260 2777 C
1282 2729 1426 2790 (εονν)
1452 2742 1485 2777 r
1774 2743 1803 2778 α
1838 2728 2046 2780 uirtutes
2069 2729 2137 2778 H
2150 2725 2294 2794 (corr)
2324 2727 2334 2788 Ι
2362 2729 2513 2781 adicit
2543 2730 2590 2780 C
2890 2749 2924 2794 4

503 2808 781 2861 necessario
808 2809 855 2859 C
1111 2820 1140 2871 5
1176 2807 1393 2858 ostendit
1415 2823 1449 2857 r
1718 2807 1750 2858 6
1783 2809 1928 2859 labiis
1953 2808 2066 2872 (sor
2085 2809 2287 2870 laboris)
2311 2809 2380 2858 H
2642 2823 2669 2874 7
2702 2808 2857 2859 adicit
2883 2810 2932 2860 C

508 2906 569 2943 ιο
602 2907 714 2942 eam
736 2888 944 2955 adsequi
963 2905 1043 2940 om
1071 2889 1202 2939 CH
1464 2901 1520 2938 ια
1555 2888 1663 2953 agit
1691 2889 1806 2954 (sor
1823 2890 1913 2950 ait)
1942 2888 2020 2939 C·
2047 2888 2058 2954 Ι
2088 2890 2339 2941 confessus
2360 2907 2417 2942 es
2437 2890 2622 2941 bonam
2643 2907 2722 2940 om
2749 2892 2793 2940 C
2814 2892 2930 2940 Ην

510 2988 568 3036 13
603 2973 656 3022 in
678 2987 778 3037 qua
799 2988 846 3023 u.
877 2987 931 3021 es
953 2978 1003 3022 et
1024 2969 1280 3021 consessus
1300 2969 1354 3019 b.
1379 2969 1742 3023 consessionem
1767 2969 1864 3034 (ast
1891 2972 2117 3032 uocatus)
2146 2971 2251 3020 add
2273 2986 2307 3020 r
2583 2987 2639 3035 15
2674 2979 2928 3038 quotquot

507 3053 625 3119 (for
641 3054 799 3120 quod)
826 3052 907 3103 C*
1076 3052 1135 3105 16
1169 3052 1440 3103 adhortens
1463 3050 1557 3102 H*
1729 3064 1786 3116 17
1813 3052 1975 3102 ‘adicit
2004 3052 2047 3103 C
2066 3067 2100 3101 r
2197 3102 2206 3110 ,

534 3182 541 3191 ’
575 3233 620 3270 ι.
673 3217 957 3284 apertam]
1023 3217 1122 3269 See
1158 3232 1242 3267 vv.
1277 3216 1351 3275 11„
1386 3218 1487 3268 aad
1519 3217 1584 3268 cf.
1623 3230 1661 3269 ι.
1762 3218 1918 3269 MSS.
1946 3233 2034 3268 are
2053 3216 2203 3283 again
2224 3217 2457 3281 atsau1t;
2491 3218 2557 3269 cf.
2581 3219 2633 3269 11.
2666 3234 2740 3281 14,
2771 3233 2849 3284 ιε.

504 3316 558 3366 p.
583 3314 697 3365 307,
724 3301 760 3350 1.
790 3314 831 3360 1,
859 3307 995 3351 note.
1836 3315 1911 3363 13.
1967 3300 2055 3349 hoc
2073 3300 2210 3349 em‘m
2239 3300 2289 3352 d.
2329 3301 2606 3363 ‘uocatm‘J
2674 3303 2745 3352 So
2768 3301 2924 3354 Oec.=

571 3400 620 3444 4.
691 3387 936 3431 cenarum
966 3380 1052 3429 uel
1078 3380 1303 3446 agvnem]
1386 3379 1468 3430 Cf.
1502 3380 1661 3445 infra,
1764 3382 1859 3430 πᾶς
1879 3381 1978 3442 γὰρ
2005 3381 2074 3430 εἰς
2105 3381 2368 3444 βάπτισμα
2399 3382 2669 3444 ἐρχόμενος,
2708 3384 2775 3431 εἰς
2805 3384 2924 3431 ταύ-

506 3463 542 3514 l.
576 3475 627 3525 9,
662 3461 766 3512 and
799 3477 867 3513 on
908 3476 935 3510 α
976 3461 1110 3512 Tim.
1148 3461 1200 3512 ii.
1239 3475 1307 3526 53
1349 3462 1573 3513 and-see
1620 3474 1656 3515 1.

506 3561 557 3612 p.
586 3547 697 3607 282,
725 3545 761 3594 1.
789 3555 832 3605 7,
860 3550 997 3593 note.

578 3642 656 3677 10.
708 3625 884 3691 quibus
894 3631 954 3689 p.
975 3640 1085 3674 eam
1106 3623 1328 3691 adsequi]
1382 3624 1525 3675 Even
1541 3624 1666 3675 with

506 3710 594 3760 the
615 3709 844 3761 addition
868 3707 1015 3774 (from
1043 3706 1197 3773 Rab.)
1229 3708 1287 3758 of
1314 3709 1399 3758 the
1432 3709 1527 3758 last
1563 3717 1666 3760 two

507 3792 687 3853 wordS,
736 3792 879 3842 there
920 3790 964 3841 is
1007 3789 1160 3840 much
1198 3791 1568 3841 awkwardness
1612 3790 1666 3842 in

506 3870 608 3921 this
642 3878 893 3921 sentence.
973 3869 999 3920 1
1036 3886 1119 3920 am
1153 3870 1390 3936 disposed
1428 3877 1484 3922 to
1518 3871 1664 3921 think

507 3953 618 4002 that
655 3953 855 4016 quibus,
894 3951 987 4002 ac.
1023 3951 1287 4016 originally
1320 3951 1571 4016 belonged
1610 3958 1666 4001 to

507 4049 541 4083 a
588 4033 820 4098 previous
866 4038 1116 4095 sentence,
1165 4033 1267 4082 and
1311 4032 1419 4081 that
1464 4040 1565 4082 two
1609 4048 1667 4083 or

509 4116 650 4166 three
671 4117 836 4165 words
857 4116 986 4166 have
1003 4116 1155 4166 fallen
1177 4123 1264 4167 out
1282 4116 1451 4167 before
1473 4132 1528 4167 as
1550 4116 1667 4166 well

510 4213 565 4247 as
591 4196 717 4246 aster
743 4212 827 4260 qu.
853 4203 912 4261 p.
979 4197 1091 4247 The
1114 4199 1379 4247 translator
1399 4214 1516 4262 may
1537 4196 1667 4248 have

511 4277 737 4328 written:
776 4282 808 4306 ‘⁸
825 4282 911 4327 ‘tu
933 4293 1069 4342 erg0,
1096 4278 1250 4330 homo
1274 4280 1388 4338 Dei,
1408 4287 1545 4330 utere
1566 4279 1667 4330 illis

510 4358 691 4422 quibus
707 4356 893 4424 poteris
910 4373 1019 4408 eam
1038 4359 1280 4424 adsequi.'
1334 4368 1386 4409 et
1402 4357 1666 4418 suadenS,”

511 4439 603 4490 ἃς.

581 4534 656 4570 η.
721 4520 965 4585 confi-rsus
1016 4536 1061 4571 es
1109 4521 1301 4581 bonam,
1352 4518 1469 4582 δια]
1554 4519 1666 4571 The

1763 3480 1853 3523 την
1886 3460 1998 3527 [τὴν
2028 3461 2217 3512 αἰώνων
2245 3459 2391 3525 ζωὴν]
2414 3465 2649 3514 καλεῖται.
2721 3464 2799 3515 Cf.
2839 3481 2926 3514 su-

1756 3552 1857 3609 pra
1879 3561 1946 3595 on
1971 3545 2102 3594 Phil.
2125 3545 2195 3595 iii.
2226 3559 2302 3608 ¹4,
2334 3560 2355 3595 1
2382 3546 2518 3595 Tim.
2540 3545 2612 3595 iii.
2636 3543 2685 3595 6.

1834 3641 1911 3689 14.
1941 3632 2055 3690 pro
2074 3626 2358 3690 hacpassus
2377 3626 2446 3687 es]
2513 3627 2584 3677 So
2605 3626 2796 3690 Thpht.
2821 3624 2892 3690 (1)
2910 3644 2928 3677 ι

1764 3704 1973 3756 ἐνταῦθα
1991 3704 2149 3756 ἀὐτοῦ
2179 3706 2269 3768 τὴν
2301 3709 2574 3772 παρρησίαν
2609 3711 2689 3758 καὶ
2719 3707 2810 3769 τὴν
2841 3707 2925 3758 οἶν-

1766 3788 1927 3849 δρείαν
1949 3788 2151 3848 ἐπαινεῖ,
2185 3788 2239 3837 ἐν
2270 3789 2496 3838 κινδύνοις
2528 3786 2930 3850 ὁμολογήσαντος

1765 3870 1851 3917 τὸν
1883 3869 2113 3932 Χριστόν.
2181 3869 2327 3918 More
2367 3869 2667 3933 commonly,
2713 3870 2798 3919 the
2835 3886 2924 3934 pa·

1765 3950 1925 4001 tristic
1967 3950 2285 4015 interpreters
2329 3950 2457 4000 refer
2509 3948 2829 4014 ὢμολογῆσας
2865 3968 2926 4004 as

1765 4033 1883 4082 well
1903 4048 1959 4082 as
1991 4032 2194 4093 ἐκλήθης
2226 4040 2280 4083 to
2314 4031 2399 4083 the
2431 4032 2700 4097 baptismal
2735 4033 2926 4098 proles·

1766 4114 1909 4177 sion;
1944 4130 2001 4164 so
2022 4114 2211 4179 Thpht.
2242 4116 2334 4176 (ι),
2359 4114 2459 4164 and
2487 4114 2632 4164 Qec-2
2665 4113 2754 4174 τήν
2777 4115 2830 4163 ἐν
2853 4113 2930 4176 τῷ

1765 4197 2073 4259 βαπτίσματι
2110 4197 2262 4257 λέγει,
2306 4194 2427 4245 ὅταν
2466 4191 2773 4255 ὁμολογῶμεν
2805 4193 2926 4244 ἁπο-

1766 4280 2037 4328 τάσσεσθαι
2067 4278 2158 4337 μὲν
2193 4275 2267 4340 τῷ
2296 4279 2523 4341 διαβόλῳ,
2561 4274 2928 4328 συντάσσεσθαι

1767 4357 1819 4406 δὲ
1841 4361 1920 4406 καὶ
1943 4359 2187 4407 πιστεύειν
2208 4358 2280 4419 τῷ
2306 4354 2518 4421 Χριστῷ.
2586 4357 2706 4406 And
2730 4356 2927 4420 Pelag.:

1767 4440 1869 4489 “in
1898 4440 2166 4506 baptismo,
2202 4439 2602 4493 abrenuntiando
2636 4440 2834 4490 saeculo
2872 4448 2928 4490 et

1767 4523 1966 4588 pompis
1989 4520 2145 4572 eius-‘²
