3221 5116
316 369 433 434 IV.
464 389 524 450 4,
561 372 643 457 5.]
1030 389 1112 438 IN
1164 389 1263 440 ΕΡ.
1308 389 1413 439 AD
1459 389 1928 441 TIMOTHEUM
1979 389 2023 439 1.
2611 341 2729 454 143

309 567 381 633 et
442 562 848 625 necessarius
907 571 977 629 et
1033 573 1253 647 aptus,
1364 573 1636 629 accusat
1693 585 1857 629 uero
1914 585 2030 629 eos
2089 562 2376 647 grauiuS,
2439 562 2735 627 adiciens

309 682 454 723 cum
502 664 887 743 gratiarum
945 655 1204 734 acticne.
1294 688 1455 730 nam
1516 668 1668 731 ideo
1728 666 1945 732 factae
2006 676 2164 731 sunt
2215 688 2407 731 escae
2453 677 2529 732 ut
2581 686 2735 729 cum

308 763 675 843 gratiarum
721 767 984 830 actione
1029 769 1482 853 unusquisque
1535 790 1649 834 eas
1691 771 2000 847 insumat,
2045 770 2295 833 etenim
2341 769 2587 833 iustum
2635 777 2737 832 est

310 885 428 928 eos
474 868 588 948 qui
638 869 941 935 fruuntur
983 870 1146 948 illas,
1187 873 1436 953 gratias
1486 893 1684 955 agere
1726 873 1784 935 ei
1828 873 1941 954 qui
1988 893 2103 935 eas
2145 871 2382 954 largire
2423 872 2737 953 dignatus

307 982 425 1036 est.
518 976 634 1038 sed
676 976 804 1039 hoc
843 997 975 1039 non
1023 977 1109 1039 de
1154 978 1465 1040 omnibus
1497 978 1676 1052 dicit,
1709 977 1825 1039 sed
1873 977 1958 1040 de
1989 976 2149 1039 solis
2183 975 2489 1039 fidelibus
2521 974 2737 1056 loqui·
2808 984 2840 1050 5

308 1090 453 1160 tur3
525 1102 683 1145 nam
745 1079 1045 1144 infideles
1105 1101 1227 1144 nec
1300 1081 1663 1164 gratiarum
1732 1080 2066 1143 actionem
2141 1080 2419 1144 reddere
2500 1078 2735 1141 sciunt.

308 1182 536 1265 itaque
585 1185 706 1246 etsi
758 1205 879 1266 pro
927 1185 1183 1247 ratione
1226 1182 1671 1266 opificationis
1715 1183 1780 1245 in
1828 1202 2184 1245 commune
2226 1181 2539 1244 omnibus
2578 1198 2737 1241 usus

307 1305 609 1348 escarum
663 1286 1042 1368 propositus
1090 1305 1236 1348 esse
1298 1286 1576 1362 uidetur,
1648 1285 1764 1347 sed
1808 1294 1883 1349 ut
1931 1293 2199 1365 oportet
2260 1283 2739 1348 conuenienter

308 1391 446 1454 fieri
495 1391 798 1455 fidelibus
847 1390 1060 1472 magis
1105 1391 1369 1453 uidetur
1414 1410 1610 1470 posse
1660 1388 1892 1470 aptari.
1985 1387 2267 1450 multam
2318 1406 2476 1467 ergo
2517 1384 2735 1466 praui-

307 1501 517 1557 tatem
563 1513 792 1556 eorum
841 1513 959 1575 per
987 1491 1117 1555 hoc
1163 1493 1456 1555 ostendit
1510 1492 1623 1573 qui
1670 1511 1822 1555 cum
1867 1491 2118 1573 gratias
2164 1508 2361 1570 agere
2411 1488 2734 1550 deberent
2769 1499 2847 1546 10

306 1615 428 1679 pro
489 1594 726 1679 largita
786 1595 910 1658 sibi
971 1595 1213 1677 requie,
1261 1606 1483 1658 utrum
1547 1596 1887 1657 insumant
1937 1613 2050 1656 eas
2103 1602 2326 1656 utrum
2376 1611 2448 1654 se
2498 1591 2587 1654 ab
2640 1592 2736 1653 eis

303 1701 709 1787 contineant,
757 1709 994 1782 utpote
1039 1699 1285 1777 fideleS,
1331 1721 1369 1763 e
1408 1699 1744 1763 contrario
1782 1699 2090 1779 incusant
2136 1717 2323 1761 escas
2368 1695 2548 1778 quod
2597 1714 2733 1757 non

307 1807 441 1869 sint
500 1806 669 1870 bene
729 1806 945 1868 sactae
1002 1814 1072 1867 et
1132 1826 1326 1868 usum
1399 1825 1629 1868 earum
1707 1803 1854 1886 lege
1934 1804 2329 1867 adnituntur
2409 1798 2734 1862 abdicare.

302 1908 545 1972 deinde
574 1910 801 1973 dicens
833 1909 989 1991 quia
1019 1930 1060 1972 a
1094 1909 1244 1971 Deo
1277 1909 1492 1972 factae
1522 1918 1697 1983 sunt,
1731 1917 2216 1991 consequenter
2247 1906 2529 1970 adiecit:

439 2071 596 2153 quia
624 2069 835 2133 omnis
862 2080 1159 2134 creatura
1189 2069 1325 2134 Dei
1350 2069 1531 2147 bona,
1559 2080 1623 2133 et
1644 2069 1822 2132 nihil
1847 2068 2254 2133 reiciendum.
2770 2087 2840 2154 15

439 2202 1041 2284 ‘quemadmodum
1099 2201 1365 2284 (inquit)
1433 2201 1847 2264 incusatione
1907 2200 2191 2282 dignum
2253 2197 2466 2281 possit
2525 2196 2735 2260 uideri

308 2303 489 2381 illud,
555 2326 596 2369 a
662 2306 815 2368 Deo
889 2304 1225 2368 factum?'
1315 2304 1487 2368 bene
1556 2313 1784 2368 autem
1850 2304 2011 2367 illud
2079 2302 2478 2386 generaliter
2542 2301 2738 2377 dixit,

308 2409 624 2491 quoniam
685 2408 897 2472 omnis
941 2419 1238 2474 creatura
1297 2409 1432 2473 Dei
1486 2408 1650 2472 bona
1700 2419 1810 2485 est,
1853 2418 1917 2472 et
1960 2408 2140 2472 nihil
2177 2417 2272 2471 est
2330 2406 2736 2470 reiciendum.

306 2514 534 2577 omnia
565 2522 790 2577 autem
822 2512 1011 2577 utilia
1042 2523 1234 2593 sunt3
1279 2512 1505 2597 itaque
1551 2523 1620 2578 et
1652 2511 1764 2576 illa
1810 2534 1981 2597 quae
2014 2513 2079 2576 in
2126 2532 2319 2576 usum
2351 2531 2542 2575 escae
2572 2511 2737 2575 data

313 2627 473 2680 sunt
523 2637 659 2681 non
698 2625 855 2681 sunt
903 2617 1252 2697 reicienda,
1287 2619 1402 2681 sed
1451 2617 1675 2699 potius
1717 2617 2114 2699 recipienda,
2160 2636 2243 2679 eo
2273 2616 2454 2699 quod
2500 2636 2541 2679 a
2584 2615 2736 2677 Deo
2764 2632 2849 2680 20

307 2722 441 2785 sint
489 2723 572 2785 ad
622 2722 749 2784 hoc
795 2722 989 2786 sacta.
1080 2723 1323 2785 adiecit
1367 2733 1592 2786 autem
1642 2723 1880 2785 iterum
1927 2730 1995 2784 et
2043 2722 2318 2784 modum
2367 2720 2734 2783 secundum

307 2846 507 2908 quern
540 2833 806 2907 oportet
837 2825 1109 2889 eosdem
1142 2845 1329 2888 escas
1362 2826 1692 2888 insumere
1723 2845 1738 2888 ε

436 2993 744 3076 quoniam
773 3014 919 3057 cum
938 2992 1326 3075 gratiarum
1358 2992 1604 3056 actione
1615 2991 1989 3075 percipitur.

435 3123 680 3187 deinde
710 3124 913 3188 adicit
945 3131 1012 3187 et
1044 3124 1224 3206 quod
1258 3144 1347 3186 ex
1382 3121 1510 3186 illis
1541 3121 1797 3186 lucrum
1831 3121 2043 3206 possit
2086 3120 2391 3185 adnasci:

435 3265 885 3349 sanctificatur
910 3277 1127 3330 autem
1145 3279 1270 3349 per
1295 3266 1562 3332 uerbum
1593 3265 1728 3331 Dei
1753 3275 1816 3331 et
1841 3265 2215 3330 orationem.
2767 3285 2803 3331 2
2813 3282 2845 3350 5

439 3397 454 3424 ‘
475 3413 630 3456 nam
694 3393 1058 3477 insumptio
1116 3414 1435 3471 escarum,
1487 3395 1760 3477 quando
1820 3414 1972 3457 cum
2033 3392 2398 3476 gratiarum
2459 3390 2742 3454 efficitur

411 3576 431 3610 1
470 3559 673 3609 adicens
695 3558 764 3607 H
981 3576 1013 3620 4
1045 3558 1145 3608 iuis
1174 3559 1263 3607 Cr
1286 3555 1297 3622 Ι
1324 3557 1495 3622 largiri
1527 3558 1572 3606 C
1585 3559 1735 3620 (corr)
1760 3572 1794 3605 r
1991 3553 2025 3604 6
2057 3555 2312 3605 actionum
2339 3554 2423 3605 C*
2461 3554 2658 3604 actione
2680 3553 2748 3602 H

311 3652 337 3702 7
372 3637 716 3703 opificationes
739 3637 825 3687 C*
1074 3639 1105 3688 8
1140 3637 1247 3688 fieri
1280 3654 1425 3688 conu.
1459 3638 1529 3687 H
1761 3653 1814 3688 11
1852 3636 2049 3702 require
2077 3636 2225 3686 CH:
2258 3642 2340 3684 ω
2360 3651 2395 3683 r
2593 3649 2648 3685 12
2685 3642 2736 3683 et

308 3718 413 3784 (bes
419 3716 575 3784 quod)
598 3719 703 3767 add
719 3735 752 3767 r
902 3733 960 3783 ¹3
993 3717 1282 3768 adnitantur
1309 3719 1352 3767 C
1368 3717 1392 3742 ‘
1412 3718 1480 3767 H
1486 3734 1520 3767 r
1673 3734 1694 3767 ι
1701 3730 1728 3778 5
1765 3717 2005 3782 quoniam
2030 3715 2143 3779 (for
2161 3712 2298 3779 quia)
2321 3730 2354 3763 r
2379 3712 2389 3777 Ι
2418 3714 2737 3763 reiecientem

321 3801 365 3850 C
379 3798 407 3824 ¹*
432 3801 720 3850 reicientem
758 3801 821 3849 H
1054 3799 1112 3850 16
1146 3816 1248 3849 non
1274 3798 1377 3864 (bes
1386 3798 1561 3864 possit)
1585 3800 1693 3847 add
1709 3815 1742 3846 r
1982 3812 2040 3860 17
2076 3796 2202 3845 illud
2225 3797 2360 3845 enim
2389 3795 2433 3843 C
2453 3795 2577 3844 illud
2599 3794 2737 3859 quod

312 3897 344 3929 r
368 3880 377 3946 Ι
406 3888 480 3930 est
505 3880 603 3944 (ast
623 3879 830 3944 factum)
855 3880 960 3929 add
995 3881 1081 3929 Cr
1105 3879 1114 3945 Ι
1143 3880 1442 3945 generaliter
1472 3880 1596 3929 illud
1621 3895 1654 3928 r
1820 3880 1879 3927 18
1912 3885 1986 3926 est
2010 3876 2108 3941 (ast
2127 3874 2272 3938 nihil)
2297 3890 2382 3924 om
2405 3891 2438 3924 r
2462 3880 2471 3939 Ι
2500 3875 2734 3924 reiecien-

308 3962 429 4012 dum
458 3961 542 4013 C*
744 3978 803 4012 π
840 3962 1044 4011 easdem
1067 3978 1101 4011 r
1295 3976 1356 4025 23
1391 3961 1528 4025 quod
1553 3959 1671 4024 (for
1688 3958 1950 4024 quoniam)
1979 3957 2022 4007 C
2057 3958 2207 4020 (corr)
2232 3972 2266 4005 r
2393 3971 2456 4018 24
2489 3955 2672 4006 adiecit
2706 3972 2741 4004 r

312 4041 375 4093 26
408 4044 460 4092 in
482 4043 766 4108 sumptione
796 4043 882 4093 Cr

311 4173 598 4239 explaining
630 4174 746 4238 why
782 4174 836 4224 S.
877 4173 1001 4223 Paul
1039 4180 1197 4223 wrote
1236 4174 1333 4222 τοῖς
1360 4189 1471 4222 rw-
1647 4187 1723 4222 ιι.
1789 4169 1977 4236 requie]
2045 4170 2141 4220 See
2184 4185 2266 4217 vv.
2313 4168 2388 4227 11„
2434 4170 2534 4220 and
2578 4170 2645 4220 cf.
2691 4183 2731 4224 1.

309 4256 412 4305 τοῖς
444 4254 611 4304 rather
645 4255 766 4304 than
799 4257 896 4305 τοῖς
929 4257 1094 4304 πᾶσιν.
1179 4252 1260 4304 Cf.
1307 4252 1467 4316 infra,
1577 4271 1627 4319 p.
1657 4266 1770 4315 250.
1802 4253 1837 4302 l.
1864 4266 1911 4316 5,
1943 4259 2077 4302 note.
2152 4252 2254 4301 For
2283 4252 2385 4302 this
2414 4253 2649 4317 meaning
2684 4253 2743 4302 of

310 4333 345 4383 l.
374 4349 423 4399 9.
1574 4333 1781 4398 requies,
1811 4347 1976 4396 comp.
2003 4347 2096 4381 our
2119 4331 2737 4382 “refreshment’'==food.

377 4433 423 4477 4.
496 4414 702 4479 largire]
738 4414 817 4465 Cf.
833 4416 1018 4480 largita
1039 4416 1092 4479 (1.
1117 4414 1212 4480 11).
1247 4414 1470 4476 Rfinsch,
1644 4426 1725 4476 25.
1790 4412 2136 4476 sanctificatur
2180 4412 2367 4474 autem]
2433 4412 2586 4462 Latin
2627 4429 2737 4463 ver·

314 4496 470 4556 Itala,
497 4511 550 4561 p.
582 4509 693 4556 300.
1577 4492 1732 4553 siout»,
1765 4492 1855 4542 “s.
1883 4492 2017 4542 enim
2032 4490 2086 4555 ;'’
2122 4493 2222 4542 and
2245 4508 2302 4542 so
2323 4492 2409 4541 the
2433 4492 2533 4542 Gk.
