3221 5116
328 380 444 444 IV.
486 379 605 465 14]
1030 393 1113 442 IN
1163 394 1266 444 ΕΡ.
1314 393 1417 442 AD
1463 392 1929 444 TIMOTHEUM
1979 381 2035 444 1.'
2630 391 2749 456 149

325 585 498 646 quae
564 576 632 627 te
692 575 759 629 et
820 565 1034 628 facere
1093 575 1161 628 et
1222 565 1388 628 alios
1447 566 1687 628 docere
1746 564 2104 628 conueniat
2131 585 2146 642 ;
2221 573 2298 628 ut
2357 562 2752 626 assiduitate

327 666 688 731 lectionum
741 670 1029 751 teipsum
1084 669 1433 744 instruenS,
1489 669 1791 731 insistere
1845 669 2060 751 possis
2120 668 2461 732 doctrinae
2512 675 2580 729 et
2629 661 2749 726 ex·
2817 735 2824 740 ,

325 770 723 837 hortationi!
812 772 1024 857 †dicit
1070 773 1250 836 enim
1316 770 1360 857 [⁴
1378 774 1753 837 doctrinam
1778 773 1819 857 ’]
1884 773 2191 837 absolute
2251 772 2747 844 narrationem3

325 875 939 939 ‘exhortationem'
998 896 1160 939 uero
1241 876 1382 939 siue
1460 873 2067 952 ‘consolationem,’
2133 876 2315 940 illam
2376 871 2746 938 commoni-

326 980 579 1042 tionem
612 1000 783 1062 quae
814 1000 902 1043 ex
934 978 1264 1062 aliquibus
1294 979 1748 1042 accidentibus
1782 978 1919 1042 fieri
1962 980 2147 1056 solet,
2175 1001 2378 1062 quam
2411 979 2745 1042 Interdum
2825 991 2857 1058 5

329 1093 398 1146 et
427 1083 495 1146 in
529 1085 864 1146 communi
898 1084 1112 1147 facere
1136 1094 1238 1147 est
1269 1104 1557 1162 necesse,
1588 1084 1695 1147 uel
1723 1085 2018 1148 maxime
2039 1106 2190 1148 cum
2224 1084 2288 1147 in
2316 1083 2496 1146 illam
2530 1101 2750 1145 narra·
2785 1129 2792 1140 .

329 1188 582 1252 tionem
623 1190 1043 1252 inciderimus
1082 1210 1284 1273 quam
1323 1189 1600 1272 singulis
1639 1210 1979 1272 exponere
2020 1211 2122 1253 res
2155 1190 2300 1270 ipsa
2329 1183 2749 1267 compellat*

326 1313 715 1375 permanere
769 1312 928 1355 uero
986 1294 1330 1356 doctrinae
1389 1302 1457 1356 et
1530 1292 1984 1357 exhortationi
2066 1291 2371 1376 diligenti
2454 1290 2746 1353 suadens

333 1394 799 1479 placabilitate,
831 1396 1034 1459 adicit
1060 1416 1075 1459 ε

463 1546 603 1610 noli
628 1547 944 1630 negligere
960 1545 1265 1631 gratiam
1294 1567 1457 1629 quae
1488 1545 1558 1610 in
1591 1555 1650 1610 te
1676 1556 1785 1611 est.
2574 1513 2582 1522 .
2787 1562 2866 1610 10

462 1696 620 1739 nam
668 1686 737 1739 et
777 1676 1176 1740 sufficienter
1227 1685 1491 1759 poterat
1535 1697 1690 1740 eum
1736 1678 2134 1758 persuadere
2179 1684 2254 1739 ut
2298 1696 2451 1739 cum
2512 1673 2753 1739 sollici-

332 1781 567 1844 tudine
595 1782 935 1844 doctrinae
967 1802 1135 1864 opus
1167 1781 1495 1863 impleret,
1524 1802 1612 1844 eo
1638 1782 1818 1864 quod
1862 1782 1949 1845 ad
1990 1781 2288 1844 diuinam
2320 1780 2748 1845 donationem

330 1884 416 1948 ab
463 1884 589 1949 hac
644 1887 788 1968 ipsa
840 1907 1040 1950 causa
1085 1888 1328 1970 dignus
1368 1887 1564 1950 suerit
1603 1887 1897 1969 adsequi.
1988 1886 2166 1949 unde
2204 1894 2273 1948 et
2313 1884 2553 1947 mirum
2604 1903 2754 1965 pro-

327 1988 483 2052 bate
543 1989 778 2052 datum
838 1990 1055 2071 ipsum
1116 2010 1359 2073 augere
1418 1989 1714 2071 cupiens»,
1774 1998 1848 2053 ut
1911 1989 2130 2072 magis
2189 1989 2539 2071 magisque
2599 2007 2752 2051 eum

333 2093 812 2171 adhortaretur,
843 2094 1045 2158 adicit
1074 2116 1088 2157 ε
2794 2106 2863 2172 15

462 2247 625 2309 quae
680 2227 841 2291 data
895 2239 992 2293 est
1048 2228 1179 2293 tibi
1211 2238 1344 2310 per
1386 2227 1802 2311 prophetiam
1864 2248 2008 2290 cum
2081 2225 2456 2308 inpositione
2524 2245 2760 2288 manus

320 2330 724 2411 presbyterii.

467 2465 656 2523 ‘narn
689 2469 756 2523 et
787 2461 1039 2524 donum
1081 2460 1382 2524 diuinum
1430 2470 1702 2543 propter
1739 2459 1868 2523 hoc
1910 2459 2264 2523 adsecutus
2308 2480 2397 2536 eS,
2428 2479 2547 2542 per
2576 2478 2759 2522 reue-

465 2603 480 2631 ‘
501 2596 943 2667 διδασκαλίαν
962 2603 976 2626 ’
1052 2602 1261 2689 φησὶν
1319 2602 1447 2684 τὴν
1487 2601 1832 2669 ἀπόλυτον
1877 2601 2209 2687 ἐξήγησιν,
2257 2606 2273 2632 ‘
2292 2596 2724 2685 παράκλησιν
2742 2598 2757 2624 ’

334 2697 403 2765 δὲ
446 2697 568 2781 τὴν
613 2699 748 2766 ἀπὸ
791 2706 988 2769 τινῶν
1026 2704 1563 2788 συμβεβηκότων
1602 2706 1953 2773 νουθεσίαν
1991 2732 2065 2771 τε
2101 2704 2215 2771 καὶ
2259 2702 2648 2787 ὑπόμνησιν,
2677 2699 2759 2783 ἣν
2787 2723 2872 2770 20

331 2802 539 2869 ἐνίοτε
579 2803 699 2885 μὲν
742 2807 857 2870 καὶ
903 2806 1016 2873 ἐπὶ
1059 2813 1177 2873 τοῦ
1221 2813 1442 2875 κοινοῦ
1483 2808 1792 2893 γίνεσθαι
1840 2806 2115 2892 ἀνάγκη,
2159 2806 2470 2890 μαλίστα
2523 2805 2594 2873 δὲ
2644 2804 2758 2873 καὶ

332 2907 403 2973 ἐν
448 2912 590 2978 ταῖς
634 2909 796 2995 πρὸς
840 2908 957 2975 ’τὸν
1001 2911 1149 2976 καθ’
1201 2910 1313 2977 ἕνα
1358 2911 1757 2996 διαλέξεσιν.

436 3065 462 3098 2
497 3050 765 3099 lectionem
805 3067 838 3098 r
1146 3069 1174 3117 3
1209 3053 1332 3103 dicit
1347 3071 1393 3103 e.
1417 3054 1525 3104 abs.
1554 3071 1686 3104 narr.
1711 3070 1814 3104 non
1829 3060 1988 3104 exort-
2013 3069 2133 3103 uero
2168 3052 2275 3103 siue
2298 3066 2433 3102 cons.
2464 3051 2601 3101 illam
2626 3067 2761 3101 com-

334 3131 608 3181 monitione
643 3132 776 3195 (corr
804 3134 1270 3197 commonitionum)
1310 3136 1354 3185 C
1388 3136 1509 3186 dicit
1538 3153 1582 3186 e.
1606 3137 1716 3186 abs.
1752 3152 1882 3186 narr.
1918 3151 2021 3185 non
2048 3146 2203 3186 exort.
2232 3136 2275 3186 si
2297 3151 2418 3184 uero
2451 3150 2587 3184 cons.
2623 3134 2762 3182 illam

334 3212 776 3262 commonitionem
797 3215 865 3262 H
900 3230 1001 3263 non
1024 3216 1145 3266 dicit
1176 3232 1221 3266 e.
1244 3217 1353 3266 abs.
1382 3233 1512 3266 narr.
1537 3218 1626 3267 sed
1660 3217 1853 3267 exhort.
1884 3218 1990 3267 siue
2019 3216 2337 3267 collationem
2373 3216 2510 3265 illam
2544 3229 2763 3265 commo·

336 3293 526 3342 tionem
549 3311 611 3343 νε
645 3293 705 3357 qs:
724 3296 883 3357 qand
899 3303 1010 3346 note
1251 3312 1279 3362 5
1316 3299 1669 3349 accedentibus
1707 3300 1750 3348 C
1762 3299 1790 3324 ⁴*
1808 3315 1840 3347 r
2064 3297 2097 3349 6
2131 3297 2220 3347 illa
2242 3302 2336 3358 (om
2358 3296 2433 3359 in)
2456 3296 2539 3347 C*
2564 3297 2702 3346 illam
2733 3313 2767 3344 r

341 3390 395 3424 11
433 3373 479 3423 ei
502 3390 536 3421 r
689 3391 745 3425 12
782 3376 994 3442 implere
1016 3377 1099 3427 C*
1304 3396 1361 3444 13
1395 3381 1612 3445 amplius
1636 3380 1749 3445 (for
1768 3380 1877 3430 mir.
1905 3380 2073 3445 prob.)
2098 3396 2132 3429 r
2329 3394 2385 3443 15
2420 3379 2686 3428 adhortare
2707 3378 2777 3427 H

345 3455 403 3507 16
436 3457 745 3522 impositioni
768 3459 837 3508 H
1122 3477 1183 3528 19
1215 3477 1290 3527 sq.
1326 3461 1481 3512 Coisl.
1511 3479 1625 3526 204,
1648 3462 1683 3513 f.
1712 3476 1807 3527 ²03
1831 3478 1861 3512 a
1894 3462 2002 3525 [Cr.
2030 3461 2115 3512 vii.
2144 3460 2224 3526 36,
2251 3461 2335 3510 Fr.
2370 3460 2484 3523 153]
2519 3461 2764 3522 θεόδωρος.

342 3540 678 3595 διδασκαλίαν,
704 3542 850 3589 κ.τ.λ.

407 3694 452 3742 3.
519 3679 641 3729 dicit
680 3682 813 3729 enim
858 3683 1154 3741 doctrinam,
1200 3683 1317 3746 &c.]
1390 3686 1504 3735 The
1606 3683 1934 3743 παιδεύματα·
1999 3682 2088 3744 τὴν
2134 3684 2188 3732 δὲ
2235 3678 2540 3746 παράκλησιν
2583 3677 2615 3740 ἦ
2660 3680 2769 3731 Τῦῦἳ

343 3763 499 3813 MSS.
520 3779 604 3812 are
618 3763 670 3811 in
695 3763 973 3825 confusion,
1001 3766 1171 3830 owing
1184 3774 1237 3815 to
1253 3767 1337 3816 the
1352 3767 1501 3816 omis-
1604 3764 1901 3823 ἀθυμοῦντας
1925 3765 2246 3827 ψυχαγωγεῖ)
2266 3761 2296 3822 ἥ
2315 3761 2424 3811 τοὺς
2436 3758 2769 3826 ὀργιζομένους

344 3845 456 3894 sion
485 3843 543 3893 of
557 3846 897 3895 exhortationi
926 3848 976 3896 in
1011 3848 1097 3897 the
1131 3855 1253 3899 text.
1323 3849 1349 3898 1
1371 3849 1503 3899 have
1604 3849 1710 3896 ταῖς
1726 3847 2022 3910 συμβουλαῖς
2042 3843 2385 3908 μεταβάλλειν.

343 3926 692 3975 endeavoured
723 3934 777 3975 to
796 3936 982 3977 restore
1007 3929 1092 3979 the
1119 3940 1351 3979 sentence
1374 3931 1503 3979 from
1673 3930 1720 3977 8·
1800 3923 2422 3990 pernmmre-.-d0ctrinae]
2465 3922 2770 3982 =t¹rculvew

342 4009 429 4059 the
454 4009 572 4067 Gk„
601 4008 767 4060 which
791 4009 881 4060 has
906 4010 1207 4076 fortunately
1230 4013 1481 4062 survived.
1605 4010 1670 4071 τῇ
1705 4011 2010 4069 διδασκαλίᾳ.
2085 4008 2198 4057 The
2232 4006 2382 4056 Latin
2426 4008 2770 4057 construction

407 4090 638 4151 absolute]
708 4091 749 4140 1.
793 4108 844 4156 q.
881 4093 1151 4142 absolutam
1207 4096 1311 4154 (see
1363 4093 1506 4153 Gk.),
1617 4093 1659 4141 is
1698 4092 1818 4141 used
1877 4089 2038 4154 infra,
2096 4105 2144 4141 v.
2200 4088 2274 4141 16.
2368 4089 2764 4139 Placabilitate=

341 4174 354 4196 ⁴
376 4172 597 4235 general,
644 4172 855 4222 without
908 4173 1153 4224 reference
1189 4184 1243 4224 to
1288 4174 1374 4224 the
1421 4175 1512 4225 cir.
1621 4172 1806 4231 ἠπίωςῗ

343 4258 654 4299 eumstances
709 4249 767 4299 os
809 4251 894 4300 the
943 4252 1245 4303 individuals
1291 4253 1516 4303 address-
1691 4251 1765 4304 16.
1836 4253 2040 4315 manus]
2094 4252 2207 4303 The
2231 4252 2380 4302 Latin
2405 4253 2626 4302 versions
2646 4254 2777 4303 have

341 4332 442 4383 ed.'
510 4333 588 4383 Cf.
634 4334 814 4382 Thdt.:
859 4334 1165 4397 παράκλησις
1206 4337 1258 4384 δὲ
1294 4338 1516 4385 διδασκα-
1621 4352 1884 4393 manuum,
1909 4337 1960 4385 in
1987 4336 2296 4386 accordance
2316 4335 2438 4385 with
2464 4336 2549 4384 the
2580 4335 2682 4385 Gk.

341 4416 450 4465 λίας
509 4412 729 4478 διαφέρει
785 4412 854 4477 τῷ
906 4415 997 4476 τὴν
1060 4419 1148 4475 μὲν
1203 4419 1517 4467 διδασκαλίαν
1691 4420 1764 4468 18.
1826 4426 1922 4482 per
1956 4412 2320 4480 nudationem]
2386 4417 2465 4469 Cf.
2504 4430 2564 4467 ιι.
2605 4433 2657 4482 p.
2694 4418 2778 4475 82.

348 4495 600 4546 ἀκωλύτως
641 4495 960 4560 [axamito-mn
992 4497 1192 4561 διάφορα
1226 4497 1518 4563 προσφέρειν
1619 4503 1652 4551 l.
1682 4517 1752 4561 11,
1781 4510 1914 4551 note.
