3221 5116
1152 427 1235 480 IN
1284 428 1388 481 ΕΡ.
1436 429 1537 479 AD
1583 427 1848 483 TITUM.

286 414 334 480 1.
377 417 584 501 1—4]
2576 426 2699 496 235

280 617 675 664 communem
685 598 916 683 fidem,
935 596 1169 682 gratia
1196 608 1262 664 et
1286 609 1430 683 pax
1456 621 1501 664 a
1529 599 1669 665 Deo
1697 610 1892 684 patre
1919 610 1984 665 et
2015 595 2274 665 Christo
2300 596 2450 663 Iesu
2483 599 2706 664 salua-

281 709 416 764 tore
442 713 674 768 nostro.
1315 725 1329 738 ·

414 837 684 921 longam
717 838 874 904 fecit
904 839 1492 923 praescriptionem
1523 839 1849 924 epistolae
1892 848 2168 925 propter
2195 838 2702 905 multitudinem

283 937 467 1004 illam
511 961 713 1024 quam
746 944 1114 1008 necessarie
1146 944 1547 1009 interiecisse
1578 946 1861 1010 uidetur.
1935 945 2065 1010 hoc
2102 946 2307 1010 etiam
2355 954 2425 1009 et
2456 944 2588 1008 alio
2635 946 2701 1007 in

284 1042 434 1108 loco
482 1044 862 1128 frequenter
907 1045 1141 1111 secisse
1193 1048 1471 1125 uidetur,
1534 1048 1728 1112 sicuti
1783 1057 1852 1112 et
1904 1049 1973 1112 in
2027 1048 2141 1113 illa
2203 1047 2360 1113 fecit
2418 1045 2703 1129 epistola
2778 1051 2812 1122 5

283 1167 484 1229 quam
527 1149 614 1213 ad
667 1149 1014 1214 Romanos
1060 1150 1315 1216 dudum
1365 1153 1742 1234 scripserat.
1860 1149 2468 1236 †praescriptionis
2505 1151 2708 1234 igitur

282 1252 453 1315 ratio
484 1253 551 1315 in
582 1252 686 1316 his
714 1254 1037 1318 contineri
1070 1254 1371 1318 uidetur:
1412 1255 1675 1318 Paulus
1700 1276 1934 1319 seruus
1963 1255 2111 1332 Dei,
2141 1254 2462 1338 apostolus
2489 1264 2704 1317 autem

287 1355 541 1423 Christi
564 1356 731 1433 Iesu,
762 1339 909 1421 Tito
935 1356 1275 1421 carissimo
1285 1356 1457 1440 filie,
1476 1366 1544 1421 et
1575 1366 1795 1422 cetera
1825 1378 2001 1442 quae
2031 1357 2527 1442 subsequuntur
2544 1378 2561 1436 ;
2607 1358 2705 1420 in-

282 1462 609 1543 terposuit
638 1481 796 1524 uero
818 1459 919 1524 ab
951 1460 1246 1526 illoloco
1267 1482 1403 1546 quo
1434 1463 1738 1527 dixerat:
1772 1462 2119 1526 secundum
2130 1462 2342 1547 fidem
2372 1463 2704 1526 electorum

284 1564 417 1628 Dei
436 1586 646 1649 usque
678 1566 764 1631 ad
798 1566 987 1630 illum
1012 1567 1233 1631 locum
1266 1586 1399 1649 quo
1423 1568 1633 1631 dixit:
1673 1565 1819 1630 Tito
1847 1566 2186 1630 carissimo
2198 1562 2412 1650 filio*
2487 1565 2702 1629 simile
2739 1577 2819 1626 10

283 1677 387 1731 est
418 1678 642 1732 autem
686 1669 780 1733 illi
822 1669 1148 1752 principio
1188 1669 1514 1752 epistolae
1555 1690 1760 1752 quam
1803 1671 2112 1734 secundo-
2145 1670 2231 1733 ad
2269 1667 2701 1733 Timotheum

284 1771 467 1835 uisus
511 1780 613 1835 est
657 1774 1014 1856 scripsisse,
1046 1775 1160 1838 ubi
1201 1775 1420 1838 dixit:
1462 1773 1726 1838 Paulus
1767 1774 2088 1857 apostolus
2137 1772 2394 1840 Christi
2419 1773 2566 1836 Iesu
2581 1782 2707 1854 per

282 1873 679 1939 uoluntatem
718 1875 866 1953 Dei,
893 1877 1237 1943 secundum
1264 1877 1762 1960 promissionem
1799 1877 1975 1941 uitae
2016 1898 2180 1960 quae
2205 1886 2301 1941 est
2341 1876 2414 1940 in
2451 1874 2706 1941 Christo

282 1977 447 2044 Iesu.
537 1978 663 2043 hoc
710 1981 889 2043 enim
939 1990 1005 2044 et
1060 1982 1126 2044 in
1174 1980 1301 2045 hoc
1340 1980 1488 2044 loco
1534 1982 1716 2058 dicit,
1757 1982 2074 2064 quoniam
2119 1981 2500 2065 ‘apostolus
2548 2001 2703 2045 con-

284 2083 557 2147 stitutus
604 2103 753 2146 sum
804 2084 900 2147 ita
953 2093 1026 2147 ut
1075 2104 1194 2165 per
1241 2104 1350 2150 me
1409 2085 1690 2148 credant
1749 2104 1982 2148 omnes
2043 2085 2158 2166 qui
2219 2084 2381 2149 olim
2448 2105 2490 2149 a
2552 2084 2704 2148 Deo
2740 2094 2810 2162 15

285 2185 375 2249 ob
432 2186 755 2269 propositi
816 2186 917 2249 sui
976 2185 1347 2252 bonitatem
1414 2195 1572 2251 sunt
1635 2188 1722 2250 ad
1785 2185 1915 2251 hoc
1977 2186 2188 2264 electi,
2244 2187 2359 2269 qui
2419 2198 2490 2252 et
2547 2208 2708 2271 cog-

286 2299 614 2353 nouerunt
644 2289 914 2372 pietatis
959 2293 1309 2356 ueritatem
1343 2292 1439 2355 ita
1484 2299 1560 2354 ut
1591 2299 1985 2374 perpetuam
2029 2291 2211 2355 illam
2244 2292 2455 2356 uitam
2500 2312 2705 2374 quam

285 2403 720 2476 expectamus
771 2396 1049 2478 adsequi
1094 2397 1395 2479 possint:
1462 2415 1668 2478 quam
1713 2394 1972 2460 dudum
2019 2395 2208 2459 Deus
2253 2416 2327 2460 se
2368 2404 2706 2477 praestare

282 2502 696 2584 promiserat,
729 2503 796 2566 in
837 2521 1038 2586 opere
1068 2522 1229 2566 uero
1278 2520 1452 2565 nunc
1498 2500 1822 2583 produxit
1866 2520 1987 2584 per
2030 2500 2397 2565 aduentum
2439 2498 2707 2578 Christi,

411 2671 501 2741 τὰ
544 2675 666 2757 μὲν
712 2678 828 2759 τῆς
874 2679 1266 2764 προγραφῆς
1325 2676 1396 2743 ἐν
1441 2676 1720 2747 τούτοις·
1784 2684 2020 2752 παΐλοε
2067 2682 2293 2750 ΔοῨλοο
2342 2679 2505 2752 θεοῨ,
2550 2675 2705 2741 ἀπό·
2735 2697 2821 2746 20

282 2790 502 2843 ετολοο
534 2776 603 2844 Δὲ
622 2779 825 2855 ἸΗεοῩ
852 2778 1117 2866 ΧΡιοτοῩ,
1147 2778 1317 2865 Τίτῳ
1343 2777 1574 2863 raucio)
1606 2782 1837 2864 τέκνῳ,
1870 2777 1984 2845 καὶ
2014 2777 2102 2844 τὰ
2132 2775 2307 2862 ἑξῆς·
2338 2777 2707 2861 παρέθηκεν

280 2877 349 2946 δὲ
390 2881 477 2946 τὰ
518 2878 653 2947 ἀπὸ
697 2884 816 2949 τοῦ
859 2886 1009 2949 κατὰ
1053 2879 1248 2951 ttici-m
1307 2882 1631 2950 ἑκλεκτῶη
1682 2888 1832 2958 θεοῖ
1884 2880 2047 2970 ἄχρι
2080 2885 2199 2947 τοῦ
2246 2878 2414 2965 Τίτῳ
2469 2878 2703 2965 ΓκΗεῖῳ

168 3038 179 3048 .
283 2984 510 3069 τέκωῳ.

380 3175 412 3219 4
444 3156 666 3206 noscitur
688 3153 802 3219 (sor
818 3154 1035 3217 uidetur)
1057 3171 1090 3204 r
1281 3154 1313 3205 6
1347 3155 1763 3220 praescriptiones
1784 3155 1852 3204 H
2028 3165 2055 3218 7
2090 3153 2347 3205 continere
2373 3153 2419 3203 C
2435 3152 2505 3204 H
2674 3154 2707 3203 8

279 3256 348 3303 sq.
379 3245 429 3288 et
451 3238 786 3289 cetera...filio
806 3255 884 3286 om
911 3239 1025 3304 (per
1042 3236 1335 3302 homoeotel.)
1360 3239 1428 3288 H
1637 3251 1689 3287 11
1730 3253 1858 3302 quae
1881 3235 1997 3301 (for
2016 3235 2187 3302 quam)
2217 3235 2287 3287 C·
2311 3237 2380 3286 H
2584 3249 2641 3298 15
2675 3251 2708 3285 a

282 3337 361 3371 one
383 3323 451 3372 H
686 3319 745 3370 16
779 3320 1005 3370 bonitate
1043 3320 1087 3369 C
1118 3318 1267 3383 (corr)
1532 3320 1592 3370 18
1626 3335 1679 3369 re
1712 3327 1964 3385 praestare
1987 3335 2150 3384 prom.
2190 3320 2234 3369 C
2250 3319 2278 3344 ⁴*
2296 3320 2365 3369 H
2419 3333 2474 3369 se
2506 3334 2705 3382 reprae-

281 3406 462 3456 sentari
486 3421 650 3470 prom.
673 3422 707 3455 r
801 3412 1171 3468 repraesentare
1192 3410 1623 3468 praesumpserant
1646 3404 1673 3450 l
1888 3417 1948 3467 ¹9
1981 3403 2033 3453 in
2056 3418 2211 3466 opera
2237 3402 2281 3451 C
2344 3402 2395 3450 in
2418 3416 2546 3466 opus
2565 3402 2591 3448 l
2612 3399 2621 3463 1
2652 3401 2706 3449 in

280 3486 714 3551 opere...corrigas
745 3485 823 3549 [p.
857 3482 970 3548 236,
996 3486 1030 3534 l.
1067 3484 1147 3546 η]
1167 3499 1247 3533 om
1270 3500 1304 3534 r
1495 3497 1561 3534 ἰο
1592 3499 1670 3548 sq.
1695 3482 1850 3534 Coisl.
1877 3499 1990 3547 204,
2016 3483 2048 3533 f.
2074 3497 2168 3545 225
2201 3498 2233 3532 a
2257 3482 2367 3545 [Cr.
2392 3481 2474 3531 vii.
2507 3483 2586 3544 87,
2619 3480 2705 3529 Fr.

287 3568 399 3633 157]
422 3570 674 3633 θεοδώρου.
740 3566 804 3617 τὰ
825 3566 929 3627 μέν,
959 3568 1110 3617 κ.τ.λ.

346 3730 391 3778 3.
456 3715 711 3779 longatus.
725 3714 1177 3780 praescr-aspum,
1203 3712 1322 3776 δὶα]
1355 3712 1438 3763 cf.

284 3805 321 3844 1.
343 3811 397 3859 p.
427 3810 536 3859 119,
571 3795 607 3844 l.
641 3798 673 3845 8
702 3811 802 3860 sq.;
835 3796 938 3845 and
970 3793 1049 3843 for
1079 3793 1179 3844 this
1212 3808 1354 3844 sense
1386 3793 1447 3843 of

284 3874 566 3930 neultitudo,
589 3890 671 3924 see
696 3888 734 3924 1.
757 3890 810 3939 p.
833 3894 883 3938 4,
908 3874 944 3924 l.
962 3873 1011 3924 6.

351 3966 427 4002 ιο.
490 3952 650 4001 simile
681 3960 747 4002 est
772 3962 951 4014 mem,
979 3952 1093 4014 δια]
1126 3950 1239 4002 The
1260 3966 1435 4016 paren·

279 4033 434 4084 thesis
457 4035 582 4083 κατὰ
598 4035 913 4083 τίστιν...τοῦ
932 4030 1147 4095 σωτῆρος
1169 4030 1301 4093 ἡμῶν
1326 4034 1438 4082 θεοῦ

283 4115 407 4179 (Tit.
438 4115 473 4164 i.
508 4115 648 4178 1—4)
683 4116 1014 4180 corresponds
1049 4125 1102 4165 to
1140 4117 1224 4166 the
1254 4116 1436 4166 brieser

280 4195 460 4261 phrase
483 4193 590 4244 κατ’
606 4197 909 4259 ἐπαγγελίαν
927 4192 1043 4260 ζωῆς
1065 4194 1149 4256 τῆς
1165 4198 1218 4245 ἐν
1239 4192 1437 4261 Χριστῷ

281 4275 445 4337 Ἰησοῦ
475 4277 525 4337 (2
560 4276 693 4327 Tim.
734 4277 766 4325 i.
807 4275 869 4339 ι).
934 4277 1047 4327 The
1081 4278 1247 4328 clause
1280 4278 1432 4328 intro·

278 4360 439 4409 duced
454 4359 521 4422 by
543 4361 666 4408 κατά
688 4358 729 4409 is
746 4360 797 4408 in
819 4359 941 4408 each
964 4374 1077 4409 case
1091 4368 1144 4410 to
1167 4362 1231 4410 be
1248 4362 1435 4427 closely

277 4439 553 4490 connected
587 4439 707 4488 with
741 4439 825 4489 the
859 4439 1129 4505 preceding
1164 4439 1435 4492 ἀπόστολος

279 4520 362 4582 (cs.
394 4532 457 4572 ιι.
480 4536 531 4586 p.
566 4536 670 4587 193,
691 4521 725 4570 l.
756 4522 829 4579 18,
853 4519 1008 4586 note).

1610 3728 1688 3773 ¹4·
1753 3711 2272 3774 dicit...existimauil]
2341 3711 2492 3761 Cited
2515 3709 2568 3759 in
2587 3715 2704 3776 part

1537 3790 1606 3854 by
1633 3790 1903 3842 Lansranc.
1971 3794 2068 3843 See
2086 3808 2165 3841 vv.
2190 3792 2245 3841 11.

1610 3874 1685 3927 16.
1752 3876 1808 3925 ob
1821 3874 2064 3939 propositi
2075 3876 2160 3923 sui
2175 3871 2462 3934 bonitatem]
2496 3870 2576 3921 Cf.
2601 3870 2700 3921 Th.

1539 3973 1605 4008 on
1631 3959 1782 4007 Rom.
1806 3957 1910 4006 viii.
1937 3958 2029 4006 28:
2064 3957 2164 4006 τοῖς
2186 3957 2313 4004 κατὰ
2335 3951 2570 4016 πρόθεσιν
2585 3956 2701 4013 κλη-

1538 4040 1638 4088 τοῖς
1676 4037 1828 4088 οὖσιν·
1864 4040 2045 4087 τούτων
2072 4037 2172 4100 ’γὰρ
2213 4034 2318 4098 ᾔδει
2354 4038 2434 4085 καὶ
2472 4037 2630 4085 τάλαι
2674 4032 2701 4084 ὁ

1539 4119 1646 4168 θεὸς
1667 4114 1756 4178 τὴν
1780 4119 1890 4179 περὶ
1920 4113 2076 4164 αὐτῶν
2097 4115 2267 4177 [αὑτοῦ
2279 4115 2321 4176 2]
2352 4112 2597 4178 πρόθεσιν,
2622 4115 2701 4163 οἵα

1536 4201 1607 4248 τὶς
1631 4202 1793 4249 ἔσται·
1822 4196 1933 4246 ὅθεν
1954 4198 2123 4247 αὐτοὺς
2152 4198 2233 4247 καὶ
2261 4199 2497 4247 ἐκάλεσεν
2523 4198 2605 4246 ἐπὶ
2633 4190 2708 4256 τῷ

1532 4278 1621 4340 τῆς
1671 4280 1844 4329 οἰκείας
1897 4275 2035 4338 ἀξίως
2095 4278 2295 4339 τιμῆσαι
2360 4279 2694 4340 προαιρέσεως.

1536 4363 1693 4412 Thdt.
1727 4361 1801 4411 ad
1821 4361 1880 4411 h.
1913 4362 1973 4410 L:
2009 4364 2105 4422 ἔφη
2140 4363 2193 4410 δὲ
2227 4359 2498 4412 ἀπόστολος
2526 4361 2697 4423 προβε-

1534 4441 1753 4507 βλῆσθαι
1785 4440 1911 4492 ὥστε
1948 4444 2206 4492 πιστεῦσαι
2240 4439 2324 4501 τῆς
2352 4437 2558 4503 ἐκλογῆς
2591 4441 2699 4494 τοὺς

1539 4520 1711 4583 ἀξίους.
