3221 5116
477 417 565 480 44
1142 419 1597 472 THEODORUS
1645 420 2230 474 MOPSUESTENUS

483 598 698 654 uestra
725 599 787 654 et
804 584 949 674 fide
979 591 1049 655 in
1093 592 1391 658 omnibus
1414 593 1959 677 persecutionibus
2002 595 2239 660 uestris
2270 604 2334 659 et
2375 594 2907 660 tribulationibus

483 714 649 775 quas
674 694 1025 761 sustinetis.

616 818 937 902 ‘denique
983 826 1052 882 et
1105 838 1227 882 nos
1272 818 1453 882 omni
1501 819 1568 882 in
1612 818 1758 882 loco
1794 818 1882 883 de
1923 820 2115 883 uobis
2156 819 2518 903 gloriantes
2561 820 2904 884 referimus

485 918 638 982 fidei
676 927 938 983 uestrae
981 918 1386 998 firmitatem,
1425 918 1792 997 laudante5‚
1841 941 1923 985 eo
1972 921 2153 1005 quod
2196 931 2264 985 et
2309 922 2662 985 tormentis
2702 920 2903 985 uariis

400 1046 409 1051 ·
423 1034 454 1101 5
486 1023 707 1088 affecti
762 1024 828 1109 in
878 1023 1117 1088 eodem
1169 1031 1350 1086 statu
1405 1023 1899 1106 permansistis!
1988 1025 2160 1088 bene
2222 1033 2447 1087 autem
2501 1023 2680 1087 dixit
2737 1044 2907 1106 quas

483 1126 832 1202 sustinetis,
890 1147 972 1190 eo
1029 1127 1208 1210 quod
1270 1125 1397 1190 hoc
1456 1126 1897 1191 demiratione
1955 1129 2235 1212 dignum
2296 1137 2457 1205 erat,
2510 1129 2692 1212 quod
2748 1129 2902 1194 sorti

485 1228 713 1292 animo
758 1228 1159 1292 sustinerent
1210 1228 1415 1293 inlata
1463 1229 1588 1292 sibi
1641 1238 1993 1294 tormenta.
2082 1231 2329 1295 deinde
2375 1230 2538 1295 dicit
2580 1240 2648 1295 et
2696 1231 2901 1315 ipsius

485 1331 812 1415 passionis
845 1329 1248 1395 utilitatem.
1233 1351 1248 1365 ·

611 1483 1210 1552 demonstrationem
1264 1487 1429 1552 iusti
1465 1485 1702 1552 iudicii
1744 1485 1890 1564 Dei,
1940 1496 2018 1551 ut
2059 1487 2254 1572 digni
2291 1485 2668 1552 habeamini
2709 1506 2903 1569 regno

383 1600 459 1648 10
482 1587 627 1667 Dei,
644 1602 771 1673 pro
796 1612 921 1673 quo
947 1601 1011 1655 et
1022 1591 1361 1674 patimini.

614 1712 1063 1794 ‘adparebitis
1110 1714 1357 1776 etenim
1406 1712 1496 1777 ob
1548 1713 1679 1777 ista
1731 1713 1798 1776 in
1852 1712 2075 1779 futuro
2119 1713 2384 1778 saeculo
2432 1713 2606 1777 iusta
2645 1711 2926 1775 ratione·

483 1836 761 1900 regnum
793 1816 1126 1880 caelorum
1158 1815 1465 1895 fruenteS,
1512 1817 1566 1881 si
1608 1824 1839 1881 tamen
1878 1829 1946 1883 et
1978 1839 2100 1902 pro
2131 1818 2247 1882 illo
2277 1819 2417 1903 pati
2450 1817 2900 1902 adquiescitis,

483 1939 803 2005 magnum
856 1920 1196 2003 quoddam
1249 1920 1501 1985 bonum
1563 1922 2032 1987 existimantes
2093 1923 2234 1987 eius
2287 1943 2433 1987 esse
2478 1922 2904 1988 fruitionem!

484 2033 553 2089 et
599 2025 960 2089 ostendens
1012 2026 1329 2109 quoniam
1385 2047 1506 2091 nec
1554 2026 1954 2090 aduersariis
2001 2026 2167 2092 talia
2212 2027 2279 2090 in
2327 2025 2458 2091 illis
2503 2025 2902 2092 facientibus

380 2141 453 2206 15
485 2132 607 2196 erit
638 2131 926 2213 impune,
959 2131 1203 2195 adicit:

612 2277 679 2341 si
722 2286 935 2341 tamen
981 2277 1225 2341 iustum
1268 2288 1365 2341 est
1403 2278 1585 2362 apud
1603 2249 1838 2342 'Deum
1884 2277 2229 2343 retribuere
2269 2277 2378 2342 his
2418 2278 2539 2361 qui
2578 2279 2907 2344 tribulant

484 2403 599 2447 uos
628 2381 1187 2459 retribulationem‚
1218 2392 1281 2447 et
1308 2384 1502 2460 uobis,
1534 2383 1655 2466 qui
1680 2383 2112 2460 tribulamini,
2147 2383 2426 2466 requiem
2458 2383 2808 2449 nobiscum.

616 2524 772 2570 nam
805 2503 985 2588 quod
1017 2503 1175 2567 dicit
1203 2502 1269 2568 si
1295 2502 1540 2568 iustum
1568 2512 1677 2581 est,
1711 2502 1838 2567 hoc
1885 2502 2046 2568 dicit
2073 2527 2087 2568 ε
2128 2502 2196 2567 si
2236 2512 2451 2568 tamen
2498 2502 2747 2568 iustum
2789 2513 2900 2571 est.

585 2680 612 2732 7
646 2668 699 2717 in
724 2669 829 2733 (bes
835 2668 1005 2728 torm.)
1027 2667 1133 2716 add
1152 2664 1224 2716 C*
1451 2680 1483 2731 9
1518 2666 1570 2715 in
1594 2663 1703 2730 (bes
1708 2664 2002 2730 demonstr.)
2024 2666 2131 2715 add
2147 2683 2179 2714 r

490 2767 547 2815 13
583 2751 687 2800 eius
708 2765 785 2800 om
808 2765 841 2798 r
867 2747 876 2815 Ι
902 2748 1134 2798 fruitione
1158 2765 1189 2797 r
1386 2761 1442 2809 17
1479 2746 1850 2797 tribulationem
1879 2746 1923 2795 C
1943 2762 1974 2794 r

485 2849 527 2882 e.
553 2832 606 2881 h.
629 2831 681 2880 d.
706 2831 747 2880 si
770 2838 938 2881 tamen
962 2829 1144 2880 iustum
1165 2837 1240 2879 est
1262 2845 1340 2879 om
1361 2829 1430 2878 H

2412 2683 2467 2716 12
2502 2683 2657 2731 regno
2685 2666 2731 2716 C
2748 2666 2901 2727 (corr)

2172 2747 2231 2796 18
2265 2761 2381 2795 nam
2416 2748 2551 2811 quod
2575 2747 2627 2796 d.
2650 2747 2692 2796 si
2715 2747 2900 2797 iustum

2606 408 2685 492 [1-
2715 420 2910 489 4—7·

549 2962 599 3014 6.
665 2979 715 3013 eo
747 2963 881 3028 quod
900 2962 988 3012 hoc
1018 2962 1356 3021 demiratione,
1384 2960 1499 3022 δια]
1544 2960 1638 3011 Le.

485 3046 560 3096 αῖς
577 3041 812 3105 ἀνέχεσθε
834 3044 876 3094 is
898 3052 987 3094 not
1004 3044 1178 3103 otiose,
1201 3043 1289 3092 but
1313 3043 1440 3093 adds
1455 3042 1643 3107 weight

485 3125 586 3174 and
623 3123 763 3189 point
794 3131 849 3173 to
879 3124 1132 3184 ὑπομονῆς,
1160 3126 1304 3172 tect-A.
1337 3123 1641 3188 (‘persever-

485 3221 609 3256 ance
631 3206 731 3255 and
772 3205 897 3254 saith
930 3205 1141 3255 evinced
1169 3205 1237 3269 by
1260 3204 1345 3255 the
1368 3204 1520 3254 brave
1554 3219 1640 3253 en-

485 3289 703 3338 durance
727 3287 786 3337 os
801 3285 1098 3351 suffering’).

552 3384 599 3434 9.
670 3367 1148 3429 demonstrationem]
1220 3369 1377 3429 Tert.,
1430 3372 1640 3418 “osten-

487 3459 653 3500 tamen
666 3449 727 3511 ’‘;
775 3450 1044 3510 Anibi-stt„
1096 3449 1270 3514 vulg„
1322 3450 1424 3499 “in
1473 3465 1638 3499 exem·

485 3530 676 3598 plum.''

559 3612 634 3662 16.
700 3612 781 3662 his
801 3612 893 3678 qui
918 3611 1167 3661 tribulant
1187 3627 1275 3660 uos
1294 3611 1436 3673 retr.]
1466 3611 1637 3674 vulg„

492 3694 918 3745 “tribulationem
963 3693 1040 3743 his
1085 3693 1171 3757 qui
1213 3708 1305 3744 uos
1351 3690 1641 3742 tribulant.”

486 3776 594 3826 Our
618 3776 900 3834 translator,
919 3775 1041 3824 with
1064 3775 1149 3824 the
1168 3773 1233 3824 Ο.
1252 3775 1332 3830 L..
1348 3775 1532 3824 retains
1554 3774 1640 3824 the

485 3858 634 3908 order
655 3858 713 3906 os
729 3858 814 3907 the
828 3858 930 3907 Gk.
950 3856 1405 3919 Retribulaabnem,
1427 3855 1591 3905 which
1612 3856 1639 3905 1

486 3941 615 3989 have
657 3939 877 4002 adopted
913 3938 1042 3987 from
1077 3938 1150 3997 H,
1193 3937 1366 3986 reealls
1404 3936 1490 3986 the
1531 3952 1638 3986 ren·

487 4022 666 4087 dering
688 4022 739 4069 in
770 4022 901 4070 Iren.
937 4033 1014 4069 xv.
1046 4032 1125 4081 27,
1158 4021 1185 4078 ἕ
1218 4039 1250 4083 4
1292 4017 1353 4082 (“
1373 4019 1640 4068 retribuere

485 4102 944 4166 retributionem”),
989 4102 1087 4151 and
1126 4102 1339 4166 perhaps
1384 4101 1550 4165 points
1587 4108 1642 4151 to

490 4187 575 4235 the
605 4184 817 4248 original
854 4182 1061 4245 reading
1093 4182 1231 4231 there
1242 4197 1258 4241 ς
1291 4197 1323 4230 a
1359 4182 1452 4231 few
1485 4197 1639 4247 pages

1736 2958 1905 3024 jected
1927 2960 1995 3024 by
2011 2975 2042 3009 a
2063 2959 2239 3010 reader
2261 2958 2321 3009 of
2338 2959 2437 3010 this
2460 2960 2772 3009 translation.

1813 3042 1887 3092 18.
1934 3044 2008 3091 ‘si
2025 3044 2215 3091 iustum
2237 3041 2337 3103 est‚'
2359 3041 2473 3103 δια]
2507 3043 2564 3092 τὸ
2583 3042 2685 3103 γὰρ
2711 3040 2901 3103 ἐἴπερ

1740 3121 1943 3172 δίκαιω’
1978 3125 2127 3184 φησὶν
2167 3123 2324 3185 ἐἴγε
2358 3121 2569 3172 δίκαιον]
2634 3123 2697 3172 Si
2731 3129 2900 3171 tamen

1740 3204 1784 3254 is
1822 3205 1876 3254 in
1916 3220 2007 3254 our
2039 3204 2343 3255 translator-'s
2377 3207 2570 3255 version
2605 3206 2666 3254 of
2692 3206 2743 3255 S.
2777 3204 2900 3254 Paul

1741 3284 1828 3334 the
1857 3284 2051 3348 regular
2084 3284 2368 3349 equivalent
2394 3284 2454 3334 os
2480 3285 2599 3345 εἴγε,
2629 3284 2745 3334 Gal.
2767 3283 2836 3333 iii.
2868 3303 2900 3347 4

1739 3364 1894 3429 being
1924 3365 2011 3415 the
2036 3366 2155 3430 only
2185 3366 2465 3430 exception.
2534 3365 2596 3415 In
2626 3365 2727 3415 this
2756 3367 2900 3431 place

1739 3448 1804 3498 he
1848 3449 1939 3498 has
1979 3449 2215 3499 followed
2255 3450 2340 3499 the
2388 3449 2539 3499 Latin
2577 3449 2801 3499 versions
2845 3449 2899 3498 in

1739 3532 1979 3596 allowing
2012 3533 2051 3582 it
2090 3541 2144 3582 to
2183 3533 2329 3582 stand
2375 3532 2452 3582 for
2490 3535 2639 3595 εἴπερ,
2682 3533 2772 3582 but
2814 3531 2899 3581 the

1740 3621 2007 3674 comment,
2063 3613 2226 3663 which
2273 3611 2444 3679 brings
2494 3615 2723 3679 together
2765 3614 2901 3673 εἴπερ

1740 3696 1839 3744 and
1895 3697 2014 3757 εἴγε,
2061 3696 2150 3745 has
2188 3697 2471 3761 compelled
2511 3696 2618 3745 him
2659 3702 2712 3745 to
2750 3695 2898 3745 relin-

1739 3775 1886 3839 quish
1927 3775 2026 3824 this
2062 3776 2342 3840 rendering.
2412 3776 2495 3826 On
2541 3776 2626 3825 the
2662 3776 2900 3839 meaning

1740 3857 1798 3906 os
1830 3857 1934 3918 εἴγε
1968 3872 2051 3906 see
2092 3869 2127 3906 1.
2168 3872 2221 3922 p.
2262 3870 2371 3919 172,
2410 3857 2443 3907 l.
2495 3873 2570 3921 13,
2610 3864 2756 3918 note3
2796 3857 2900 3907 and

1739 3936 1860 3985 with
1891 3935 2033 3986 Th.'s
2071 3937 2269 3986 remark
2299 3952 2365 3986 on
2397 3937 2699 3999 εἴπερ--εἴγε
2720 3935 2773 3985 in
2797 3935 2898 3984 this

1738 4035 1963 4084 passage,
2009 4018 2073 4069 es.
2121 4019 2327 4083 Chrys-2
2377 4020 2434 4069 τὸ
2480 4020 2644 4080 εἴπερ
2687 4019 2897 4067 ἐνταῦθα.

1739 4102 1843 4149 ἀντὶ
1866 4103 1951 4150 τοῦ
1973 4102 2221 4166 ἐπείπερ
2241 4102 2411 4150 κεῖται.
2451 4101 2627 4150 Thdt.:
2650 4103 2708 4151 τὸ
2732 4102 2900 4164 εἴπερ

1737 4176 1822 4229 οὐκ
1851 4181 1935 4230 ἐπὶ
1973 4182 2266 4244 ἀμφιβολίας
2302 4182 2527 4242 τέθεικεν,
2557 4179 2672 4229 ἀλλ’
2703 4182 2785 4230 ἐπὶ
2814 4184 2897 4243 βε-

487 4266 678 4317 further
724 4280 789 4313 on
837 4265 920 4326 (33
954 4264 981 4322 5
1026 4263 1105 4323 ιι)
1139 4264 1224 4313 the
1267 4264 1504 4328 interpres
1545 4264 1637 4313 has
1734 4264 1997 4325 βαιώσεως·
2027 4264 2225 4326 καὶγὰρ
2246 4263 2379 4322 ἡμεῖς
2402 4265 2637 4321 εἰώθαμεν
2654 4264 2896 4328 ἰσχυριζό-

488 4348 637 4413 given
708 4343 1182 4395 “tribulationem.'’

487 4446 649 4480 seems
673 4436 725 4479 to
754 4428 818 4478 be
847 4429 1058 4478 without
1088 4428 1317 4492 example
1351 4428 1636 4486 elsewhere,

486 4514 577 4563 but
619 4513 717 4561 will
748 4512 965 4575 scarcely
986 4526 1051 4561 on
1084 4509 1190 4560 that
1222 4516 1431 4559 account
1468 4510 1531 4560 be
1564 4526 1639 4560 re·

1306 4347 1639 4395 Retribulatio
1734 4361 1870 4403 μενοι
1906 4346 2091 4405 λέγειν·
2136 4347 2150 4371 ‘
2169 4348 2302 4406 εἴπερ
2339 4344 2448 4394 τόδ’
2489 4344 2698 4405 ἀληθές,’
2730 4344 2897 4408 ὥσπερ

1737 4430 1819 4478 οὖν
1835 4430 2028 4488 ἀληθές.
2077 4428 2336 4493 Pelagius:
2376 4431 2404 4455 ‘⁴
2421 4429 2505 4478 hic
2527 4429 2576 4477 si
2591 4436 2757 4477 tamen
2775 4444 2894 4479 con-

1736 4509 1979 4560 firmantis
2001 4525 2164 4560 sermo
2185 4516 2277 4566 est,
2300 4527 2402 4560 non
2427 4508 2757 4561 dubitantis.''
