3221 5116
471 399 598 464 230
1141 396 1601 472 Τιηεοῡοιωεο
1645 395 2232 449 MOPSUESTENUS
2472 383 2619 467 [IV.
2660 386 2753 460 16,
2794 400 2885 467 17.
2943 364 2964 370 ”

470 575 573 629 ter
615 564 799 648 quod
835 566 1062 650 posuit
1106 568 1311 634 etiam
1352 567 1535 633 illam
1566 588 1859 651 poenam
1902 591 2077 653 quae
2121 589 2277 634 eum
2317 570 2638 636 manebat
2665 591 2708 635 a
2738 570 2891 636 Deo

470 689 593 752 pro
651 671 894 753 quibus
952 671 1115 736 talia
1173 673 1477 739 faciebat.
1568 694 1704 738 non
1764 673 2209 740 maledicebat
2255 675 2337 749 ei,
2385 674 2557 739 sicut
2612 675 2889 758 quidam

469 774 1040 856 existimauerunt,
1070 777 1190 841 sed
1236 787 1312 843 ut
1354 777 1732 844 hortaretur
1760 779 2195 844 Timotheum
2240 778 2457 843 multa
2497 778 2586 843 ab
2630 799 2714 843 eo
2748 799 2892 842 sus-

468 877 796 942 tinentem
831 877 1009 943 mala
1040 881 1372 962 patienter
1399 881 1742 946 sustinere.
1830 880 1958 947 hac
1988 903 2149 965 ergo
2178 881 2265 946 de
2293 901 2496 946 causa
2525 883 2891 946 necessarie

407 989 881 1058 smemoratus
940 992 1044 1048 est
1104 985 1338 1061 uirum,
1387 985 1799 1068 praecipiens
1858 986 2291 1050 Timotheum
2352 995 2427 1050 ut
2478 1007 2601 1070 pro
2649 986 2887 1050 uirium

468 1102 736 1146 suarum
768 1085 1213 1167 possibilitate
1242 1085 1576 1152 declinare
1618 1088 1759 1151 eius
1787 1085 2044 1152 insidiis
2081 1088 2492 1171 deproperet.
2566 1108 2700 1152 non
2731 1109 2887 1153 con-

470 1187 654 1251 uenit
684 1209 844 1252 uero
884 1191 1104 1254 mirari
1146 1193 1202 1256 si
1232 1192 1320 1256 ab
1366 1193 1621 1257 aerario
1663 1200 1855 1256 tanta
1897 1200 2058 1256 tunc
2102 1191 2353 1257 fiebant
2384 1191 2891 1275 indisciplinate,

468 1291 627 1373 quia
654 1301 722 1356 et
754 1292 1060 1377 uulgares
1099 1295 1402 1362 homines
1447 1295 1881 1381 insurgebant
1920 1296 2238 1361 aduersus
2268 1317 2384 1360 eos
2419 1297 2533 1380 qui
2565 1297 2886 1380 pietatem

469 1395 985 1477 praedicabant5
1061 1400 1301 1485 uulgus
1359 1410 1586 1470 autem
1642 1402 1751 1471 uel
1813 1402 2111 1470 maxime
2171 1422 2406 1470 omnes
2463 1421 2891 1466 commouere

369 1510 449 1561 10
471 1499 826 1565 uidebatur
854 1501 1231 1567 seditiones

601 1651 673 1714 in
702 1651 1001 1734 primam
1041 1673 1252 1720 meam
1286 1652 1715 1737 desenstbnem
1766 1674 1949 1721 nemo
1996 1653 2168 1720 milii
2206 1654 2488 1733 adstetit,
2519 1655 2640 1720 sed
2675 1676 2896 1734 omnes

470 1775 574 1818 me
599 1755 997 1837 reliquerunt
1007 1780 1039 1833 ;
1092 1779 1218 1821 non
1250 1759 1385 1825 illis
1416 1758 1781 1842 imputetur.

602 1884 672 1948 in
702 1885 933 1968 prima
975 1887 1336 1969 defensione
1364 1887 1528 1953 dicit
1557 1889 1831 1973 quando
1864 1889 2165 1973 inprimis
2197 1888 2462 1958 Romae
2490 1896 2593 1953 est
2625 1889 2890 1953 uinctus

469 2007 558 2051 ex
609 1988 879 2069 Iudaea,
909 1993 1183 2075 quando
1218 2002 1287 2058 et
1335 1993 1786 2077 adpellatione
1828 1994 2040 2059 fuerat
2085 1995 2351 2060 abusus,
2441 1993 2615 2058 bene
2657 2001 2885 2057 autem

369 2103 438 2170 15
469 2104 775 2174 precatus
818 2104 920 2161 est
958 2097 1028 2161 in
1073 2098 1212 2163 illis
1247 2120 1375 2163 non
1417 2100 1774 2183 imputetur
1810 2106 2160 2182 peccatum
2206 2097 2350 2174 hoc,
2393 2117 2477 2161 eo
2516 2097 2697 2180 quod
2739 2115 2889 2178 per-

467 2200 693 2280 spexit
738 2198 906 2263 alios
950 2200 1039 2264 ob
1084 2201 1558 2278 infirmitatem,
1604 2201 1773 2271 alios
1816 2201 1908 2266 ob
1937 2201 2398 2266 imminentem
2438 2199 2567 2264 sibi
2603 2199 2886 2263 necessi-

467 2311 680 2368 tatem
711 2301 931 2370 locum
964 2303 1245 2369 dedisse.

596 2429 926 2497 Dominus
974 2439 1191 2496 autem
1249 2430 1515 2496 adstetit
1570 2429 1745 2496 miln·
1796 2438 1861 2493 et
1905 2427 2304 2512 consortauit
2345 2449 2459 2505 me,
2507 2397 2585 2491 ui
2617 2438 2744 2510 per
2785 2448 2888 2491 me

452 2534 856 2619 praedicatio
902 2534 1285 2620 implentum
1316 2545 1379 2601 et
1410 2534 1699 2604 audiant
1732 2556 1947 2601 omnes
1976 2543 2213 2620 gentes.
2302 2542 2366 2598 et
2399 2532 2711 2599 liberatus
2735 2552 2884 2596 sum

358 2654 444 2707 20
465 2660 545 2705 ex
568 2660 674 2704 ore
701 2639 915 2705 lemu’s.

596 2767 726 2832 hoc
758 2766 1060 2832 ‘leonem
1080 2767 1096 2793 ’
1128 2767 1194 2830 in
1242 2765 1393 2831 loco
1437 2766 1777 2832 Neronem
1822 2785 2048 2848 regem
2089 2783 2210 2846 per
2251 2762 2636 2846 aenigmata
2665 2762 2884 2828 edicit.

559 2920 580 2955 1
617 2904 966 2956 commanebat
983 2902 1045 2953 H
1116 2903 1163 2953 ei
1185 2903 1419 2957 manebat
1442 2919 1477 2952 r
1719 2915 1747 2964 5
1782 2900 2057 2953 Timotheo
2076 2917 2109 2950 r
2334 2896 2366 2948 6
2400 2897 2609 2948 insidias
2632 2897 2677 2946 C
2692 2894 2891 2959 (conle-

467 3001 500 3050 9
532 2996 699 3037 autem
720 3003 798 3035 om
822 2988 889 3039 H
1060 3001 1080 3037 1
1094 3000 1113 3033 1
1153 2986 1205 3035 in
1228 2986 1389 3051 prima
1413 3002 1525 3037 mea
1545 2984 1836 3037 defensione
1863 2984 1906 3034 C
1927 2982 2075 3045 (corr)
2099 2998 2132 3031 r
2299 2996 2355 3031 ια
2391 2978 2757 3045 dereliquerunt
2779 2978 2844 3028 H
2856 2994 2892 3028 r

473 3083 531 3132 13
563 3068 744 3120 ductus
765 3068 983 3118 Romam
1018 3066 1135 3131 (fhr
1154 3064 1365 3129 Romae)
1390 3082 1423 3115 r
1556 3082 1615 3131 ¹4
1647 3065 2037 3132 appellationem
2061 3064 2243 3116 fecerat
2267 3063 2383 3127 (for
2401 3063 2520 3128 adp.
2543 3061 2701 3114 suerat
2724 3064 2833 3124 ab.)
2856 3080 2892 3112 r

474 3164 530 3213 15
566 3158 619 3201 ut
646 3149 762 3213 (for
780 3149 856 3209 in)
878 3166 911 3198 r
937 3146 947 3212 Ι
973 3156 1175 3212 putetur
1202 3148 1317 3212 (for
1337 3145 1478 3214 imp.)
1500 3148 1592 3197 H'
1804 3160 1860 3211 17
1897 3147 2010 3201 loco
2032 3148 2238 3199 cessisse
2259 3163 2292 3196 r
2484 3162 2542 3196 αι
2571 3147 2769 3199 leonem
2786 3148 2888 3198 hoc

467 3248 500 3281 r
523 3229 537 3297 Ι
562 3231 795 3295 aenigma
815 3239 964 3282 uocat
986 3246 1019 3279 r

467 3361 576 3411 οὐδὲ
597 3359 931 3423 κατηγορῆσαι
952 3346 1113 3419 amo,
1142 3356 1273 3410 ἀλλὰ
1289 3358 1374 3410 τὸν
1398 3360 1625 3421 μαθητὴν
1723 3377 1774 3430 p.
1806 3374 1921 3425 205,
1947 3361 1981 3411 l.
2012 3377 2068 3412 ια
2093 3377 2190 3427 sq„
2213 3368 2377 3412 notes.

465 3442 665 3508 ἀλεῖψαι
687 3442 801 3507 πρὸς
823 3445 932 3497 τούς
954 3441 1158 3504 ἀγῶνας.
1795 3457 1870 3509 15.
1915 3458 1966 3492 eo
1985 3442 2393 3508 quodpcrspexit‚
2411 3440 2529 3502 &c.]
2571 3440 2653 3490 Cf.
2679 3440 2886 3506 Chrys-2

533 3542 581 3577 α.
647 3542 749 3579 non
785 3525 1115 3586 maledicebat]
1149 3525 1245 3576 See
1275 3524 1362 3578 the
1394 3524 1624 3590 pati-istie
1726 3524 1836 3590 ὁρᾶς
1857 3526 1960 3574 πῶς
1983 3525 2203 3586 φείδεται
2233 3525 2329 3572 τῶν
2361 3524 2577 3584 ulredum
2611 3523 2795 3574 Thdtz
2827 3526 2886 3573 οὐ

466 3609 702 3676 opinions
723 3609 969 3660 collected
991 3608 1061 3674 by
1084 3608 1256 3659 Tisch.
1279 3608 1352 3657 ad
1366 3608 1419 3657 h.
1441 3609 1479 3658 l.
1726 3605 1824 3670 γὰρ
1847 3606 2127 3667 κακοηθείας
2153 3603 2229 3664 ἦν.
2254 3602 2387 3655 ἀλλὰ
2417 3607 2591 3654 δειλίας
2624 3605 2658 3663 ὴ
2688 3602 2883 3666 ὑποχώ-

530 3691 579 3744 6.
672 3708 774 3741 non
816 3691 1054 3743 maeuii
1098 3706 1216 3741 uero
1259 3689 1462 3751 mirari,
1510 3689 1629 3751 Sec-J
1724 3705 1878 3751 ρησις.
1946 3688 2197 3738 Ambrstr.
2221 3687 2377 3736 adds:
2417 3687 2588 3752 “quia
2618 3695 2667 3737 et
2703 3687 2882 3737 Domi·

464 3771 657 3824 Thdt.:
691 3768 969 3829 θαυμαστὸν
1004 3770 1057 3821 δὲ
1088 3766 1226 3819 οὐδὲν
1247 3767 1303 3821 τὸ
1328 3770 1479 3831 ἄνδρα
1500 3771 1626 3831 χαλ·
1726 3785 1848 3820 num
1892 3785 1925 3819 a
1973 3769 2176 3820 Iudaeis
2228 3768 2596 3835 adprehensum
2649 3769 2885 3834 discipuli

464 3854 555 3908 κόα
590 3851 814 3917 θορύβους
848 3850 978 3914 αὐτῷ
1016 3852 1096 3905 καὶ
1135 3848 1371 3902 κινδύνους
1410 3848 1622 3909 κινῆσαι·
1725 3851 2082 3918 reliquerunt.”

465 3936 563 3987 τῶν
605 3933 702 4003 γὰρ
745 3931 1167 3996 ἀποχειροβιώτων
1210 3934 1327 3982 ίδιον
1370 3933 1621 3995 διεγείρειν
1796 3948 1869 4001 ¹9·
1931 3931 2243 3996 implentur]
2305 3932 2479 3996 vulg„
2513 3930 2885 3998 “impleatur.”

464 4016 575 4068 τοὺς
608 4014 1038 4079 &hunus—adding
1075 4029 1141 4063 an
1180 4015 1404 4067 instance
1437 4012 1499 4063 of
1524 4012 1623 4063 this
1791 4030 1872 4067 αι.
1925 4013 2442 4076 lmuem„.Neronem]
2505 4014 2587 4064 cf.
2615 4025 2654 4063 1.
2682 4030 2735 4080 p.
2761 4013 2877 4074 206,

462 4096 594 4145 from
617 4095 744 4145 Acts
765 4095 867 4149 xix.
893 4109 972 4157 24·
1724 4096 1759 4149 l.
1792 4117 1841 4161 4,
1881 4104 2018 4147 note.
2087 4097 2267 4160 Chrys.
2301 4096 2374 4145 ad
2396 4095 2525 4147 ἄλη·
2570 4097 2749 4145 λέοντα
2780 4096 2900 4158 γὰρ·

537 4192 609 4227 ιι.
670 4176 881 4236 adstetit,
926 4176 1260 4240 reliquerunt]
1326 4175 1394 4227 Ο.
1415 4175 1475 4227 L.
1519 4175 1621 4227 and
1724 4176 1810 4227 τὼν
1867 4175 2064 4241 Νέρωνά
2110 4185 2261 4237 φησιν
2306 4174 2388 4225 διὰ
2429 4173 2488 4224 τὰ
2533 4176 2756 4237 θηριῶδες
2800 4178 2886 4224 καὶ

464 4257 641 4323 Vulg„
669 4254 934 4315 “adfinitss'
960 4253 1433 4322 “dereliquerunt.”
1722 4252 1925 4319 ίσχυρδν
1967 4253 2052 4316 τῆς
2094 4255 2348 4318 βασιλείας
2390 4253 2534 4304 αὐτοῦ
2578 4255 2660 4303 καὶ
2708 4250 2882 4302 &nard-

535 4355 610 4402 13.
666 4338 783 4389 dicit
818 4341 1019 4404 qnando
1055 4341 1310 4405 inprimis,
1340 4341 1457 4404 δια]
1523 4341 1621 4391 See
1724 4340 1959 4399 τληκτον.
2026 4336 2208 4386 Thdt.:
2245 4336 2306 4385 N.
2344 4336 2520 4384 λέοντα
2553 4328 2880 4396 προσηγόρευ-

465 4422 550 4472 the
578 4421 843 4485 prologues
878 4428 931 4469 to
964 4418 1107 4470 Th.’s
1139 4437 1318 4471 comm.
1360 4437 1427 4471 on
1462 4423 1616 4486 Eph„
1722 4437 1823 4481 oen,
1853 4421 1931 4468 καὶ
1956 4419 2017 4469 ὥς
2043 4420 2270 4483 βασιλέα,
2306 4420 2386 4466 καὶ
2419 4416 2479 4467 ὡς
2513 4413 2762 4475 ὠμότατον
2795 4430 2882 4475 γε·

468 4502 614 4563 Phil„
643 4501 744 4551 and
767 4502 853 4555 the
876 4510 1075 4570 present
1101 4503 1332 4572 Epistlef,
1364 4502 1465 4557 and
1487 4503 1553 4558 cf.
1579 4514 1618 4552 1.
1721 4498 2005 4565 γενήμενον.
2107 4500 2355 4551 Ambrstr.
2407 4497 2737 4548 understands
2792 4496 2881 4547 the
