3221 5116
299 373 381 439 V.
421 372 540 459 16.]
1020 388 1101 439 m
1152 388 1256 440 ΕΡ.
1304 390 1406 440 AD
1452 389 1915 443 TmorHEuM
1964 393 2011 442 1.
2599 375 2717 456 167

300 561 413 625 diu
443 566 762 646 quamdiu
796 567 945 648 quis
981 564 1170 649 [non]
1206 567 1559 649 plurimam
1591 567 1859 631 uirtutis
1889 566 2308 650 diligentiam
2342 565 2410 629 in
2445 584 2719 629 conuer-

302 666 559 732 satione
587 688 709 733 sua
740 670 1051 733 ostendit.
1140 669 1386 733 deinde
1417 670 1662 734 adiecit
1695 678 1764 734 et
1796 669 1979 735 aliud
2006 690 2021 735 :

427 832 494 895 si
531 832 680 914 quis
703 832 930 917 fidelis
972 831 1161 896 habet
1187 831 1442 911 uiduus,
1473 832 1926 898 subministret
1964 832 2073 910 εἰς,
2119 843 2196 896 ut
2235 853 2363 896 non
2395 839 2725 914 grauetur

298 936 565 1002 ecclesia.

433 1074 574 1129 est:
619 1065 810 1128 sicuti
857 1065 1033 1128 enim
1081 1065 1147 1128 in
1202 1064 1651 1148 superioribus
1697 1066 1785 1129 de
1841 1064 1969 1129 illis
2018 1065 2195 1129 dixit
2243 1086 2416 1148 quae
2468 1064 2721 1129 habent
2799 1075 2830 1143 5

302 1168 475 1233 filios
522 1178 638 1233 aut
679 1179 973 1252 nepoteS,
1008 1179 1083 1234 ut
1120 1172 1206 1234 ab
1248 1170 1375 1234 illis
1421 1172 1833 1249 nutriantur3
1885 1171 1982 1233 sic
2018 1178 2085 1233 et
2133 1169 2260 1233 hoc
2304 1171 2370 1232 in
2414 1169 2563 1233 loco
2604 1188 2718 1232 eos

303 1275 417 1357 qui
459 1272 687 1336 fideles
728 1272 978 1338 habent
1023 1275 1088 1337 in
1136 1274 1449 1337 domibus
1494 1273 1634 1337 suis
1678 1273 1919 1337 uiduas
1968 1272 2111 1336 uult
2164 1284 2240 1336 ut
2300 1272 2719 1355 diligentiam

305 1376 437 1440 illis
489 1375 870 1452 adhibeant,
928 1377 1019 1440 ita
1075 1386 1149 1440 ut
1199 1376 1480 1440 ecclesia
1529 1395 1662 1438 non
1724 1376 2008 1439 multam
2065 1375 2581 1439 sollicitudinem
2636 1376 2723 1439 de

299 1479 547 1543 talibus
599 1482 967 1546 sustineret.
1057 1491 1125 1545 et
1175 1490 1247 1545 ut
1297 1502 1381 1544 ne
1432 1480 1740 1544 uideatur
1784 1479 1913 1543 hoc
1960 1480 2141 1544 idem
2196 1477 2344 1563 lege
2413 1489 2724 1555 statuere,

300 1594 378 1650 ut
407 1585 526 1649 tali
570 1586 916 1650 occasione
960 1584 1026 1648 hi
1069 1585 1183 1667 qui
1229 1593 1547 1667 praesunt
1590 1584 1882 1648 ecclesiis
1923 1584 2239 1665 pecunias
2281 1584 2540 1665 possint
2589 1581 2722 1646 col-
2760 1590 2840 1637 10

302 1688 526 1772 ligere,
578 1689 784 1752 securi
833 1696 1147 1751 extantes
1194 1709 1235 1751 a
1281 1687 1711 1751 multitudine
1756 1696 1826 1750 et
1870 1685 2313 1750 sollicitudine
2367 1687 2718 1752 uiduarum

298 1791 541 1874 quibus
571 1794 942 1856 necessaria
973 1801 1331 1874 praestent,
1361 1793 1533 1856 bene
1564 1793 1850 1856 adiecit:

433 1961 511 2015 ut
535 1951 643 2015 his
670 1973 832 2034 quae
859 1974 1053 2016 uerae
1075 1964 1234 2017 sunt
1261 1954 1501 2018 uiduae
1526 1952 1821 2036 sufficiat.

432 2086 448 2112 ‘
473 2101 666 2144 ueras
696 2081 934 2144 uiduas
958 2079 972 2104 '
1003 2081 1164 2144 dicit
1203 2081 1349 2145 illas
1388 2101 1561 2164 quae
1602 2101 1692 2144 ex
1733 2078 1920 2143 omni
1957 2087 2148 2161 parte
2194 2089 2350 2144 sunt
2381 2079 2724 2144 desolatae

302 2193 371 2249 et
422 2184 755 2248 neminem
815 2183 1065 2248 habent
1115 2186 1228 2267 qui
1291 2183 1712 2267 diligentiam
1774 2182 1902 2246 illis
1963 2182 2296 2248 adhibeat.
2391 2184 2483 2248 sic
2544 2186 2721 2249 enim
2760 2197 2829 2264 15

300 2296 566 2371 poterat
643 2287 903 2351 illarum
964 2288 1178 2352 facere
1239 2289 1732 2372 prouidentiam
1795 2286 2073 2351 ecclesia
2132 2309 2307 2371 quae
2380 2288 2723 2354 desolatae

300 2400 474 2469 sunt,
505 2393 782 2474 quando
825 2413 959 2457 non
1012 2394 1378 2457 multarum
1432 2393 1952 2458 sollicitudinem
1995 2393 2342 2478 [habebat]
2398 2397 2514 2459 sed
2559 2417 2723 2479 pau-

300 2517 549 2574 carum,
622 2498 1102 2563 auxiliantibus
1154 2500 1247 2564 eis
1297 2500 1382 2564 ad
1444 2498 1572 2564 hoc
1631 2499 1960 2576 fidelibus,
2014 2500 2069 2564 si
2129 2508 2358 2565 tamen
2407 2503 2725 2585 praebere

302 2601 629 2665 ualuerint
682 2623 770 2666 ex
813 2604 1052 2685 opibus
1089 2605 1241 2668 suis.
1334 2604 1462 2668 illis
1499 2626 1660 2668 uero
1708 2606 1928 2669 uiduis
1958 2625 2128 2688 quas
2173 2607 2241 2668 in
2288 2606 2526 2671 domos
2572 2628 2726 2692 pro·

301 2705 479 2787 prias
537 2704 779 2789 singuli
839 2707 1107 2787 habent,
1168 2710 1618 2793 prouisionem
1695 2709 1824 2774 illis
1894 2709 2109 2773 facere
2169 2710 2596 2791 adhortatur;
2669 2713 2842 2778 sizo

302 2816 527 2872 autem
572 2820 853 2876 matrem
898 2812 1149 2878 habent
1195 2824 1312 2878 aut
1359 2816 1600 2888 auiam,
1637 2824 1908 2897 propter
1952 2834 2285 2881 summam
2340 2816 2725 2898 propinqui-

299 2921 511 2976 tatem
558 2934 680 2997 pro
725 2917 964 2981 uirium
1010 2939 1276 2982 suarum
1324 2920 1648 3002 qualitate
1695 2918 2114 3000 diligentiam
2167 2917 2296 2980 illis
2342 2917 2725 2983 adhibeant.

430 3027 621 3083 tanta
651 3040 851 3104 super
881 3021 1137 3087 alendis
1168 3026 1388 3089 uiduis
1418 3025 1786 3108 disputanS,
1809 3025 1967 3107 quia
1999 3025 2064 3086 in
2098 3024 2544 3107 superioribus
2574 3023 2724 3087 dix-

404 3209 423 3244 1
463 3192 624 3242 donec
660 3191 772 3257 (sor
802 3192 1060 3259 quamdiu)
1096 3211 1128 3243 r
1152 3192 1163 3259 Ι
1190 3210 1293 3244 non
1323 3210 1402 3243 om
1441 3193 1560 3244 CH
1572 3210 1605 3242 r
1630 3190 1640 3257 Ι
1668 3191 1754 3257 qui
1792 3191 1906 3257 (sor
1931 3190 2063 3257 quis)
2087 3191 2154 3241 H
2179 3193 2328 3253 (corr)
2358 3190 2366 3255 Ι
2396 3192 2605 3241 uirtutes
2642 3191 2685 3240 C
2693 3190 2722 3216 ⁴*

297 3271 532 3321 uirtutem
558 3273 625 3321 H
637 3289 668 3321 r
880 3290 905 3323 2
942 3276 1172 3324 ostendat
1202 3276 1246 3324 C
1264 3274 1410 3339 (corr)
1436 3291 1467 3323 r
1492 3273 1499 3338 Ι
1530 3274 1684 3324 adicit
1713 3274 1756 3324 C
1985 3289 2014 3338 3
2048 3273 2091 3323 si
2111 3272 2224 3339 quis
2247 3271 2280 3322 s.
2309 3271 2388 3321 uel
2413 3272 2453 3321 si
2477 3286 2579 3336 qua
2600 3270 2634 3321 f.
2664 3270 2718 3331 r!

300 3348 400 3397 illis
441 3351 456 3410 (
462 3349 557 3413 for
592 3350 684 3412 eis)
722 3368 755 3400 r
778 3349 789 3416 Ι
816 3360 867 3401 et
903 3352 1022 3416 (for
1054 3354 1132 3414 ut)
1168 3370 1201 3402 r
1494 3368 1521 3417 5
1556 3352 1742 3402 etenim
1780 3350 1927 3401 sicuti
1966 3349 2079 3416 (fir
2112 3357 2187 3401 est
2228 3350 2373 3399 sicuti
2413 3349 2549 3398 enim
2584 3346 2654 3411 in)
2695 3365 2729 3397 r

298 3431 332 3483 6
364 3432 642 3483 nutrientur
668 3431 745 3483 C*
771 3434 838 3482 H
1089 3435 1120 3484 8
1154 3433 1476 3484 solitudinem
1520 3431 1633 3497 (sor
1666 3432 1845 3491 sollic.)
1891 3433 1932 3481 C
1943 3431 1969 3457 ⁸*
2230 3446 2262 3497 9
2294 3431 2537 3481 sustinere
2565 3428 2642 3479 C*
2666 3430 2730 3478 H

297 3514 540 3565 sustinere
555 3523 761 3579 cogatur
788 3515 831 3564 C
853 3514 1002 3578 (corr)
1219 3532 1273 3566 η
1309 3516 1463 3566 adicit
1490 3516 1534 3566 C
1553 3532 1585 3564 r
1802 3530 1858 3578 ¹3
1893 3531 2009 3564 uere
2031 3516 2101 3565 H
2120 3513 2128 3578 Ι
2154 3514 2258 3565 uid.
2283 3525 2399 3566 sunt
2422 3532 2455 3565 r
2663 3530 2724 3575 14

299 3595 559 3645 desolutae
586 3597 630 3646 C
639 3594 666 3621 ⁴*
872 3612 928 3660 ¹⁷
962 3597 1182 3647 habebat
1203 3613 1281 3647 om
1311 3599 1354 3648 C
1372 3597 1439 3648 H
1453 3613 1486 3646 r
1681 3612 1737 3648 αι
1777 3607 1863 3647 aut
1888 3595 2001 3661 (sor
2019 3595 2208 3660 autem)
2234 3612 2267 3645 r

367 3763 411 3811 3.
480 3747 527 3797 si
560 3747 672 3812 quis
695 3746 884 3812 fidelis]
921 3748 991 3799 So
1014 3747 1078 3799 O.
1105 3749 1164 3798 L.
1192 3748 1454 3808 (Clanum,
1557 3747 1685 3798 lxix.

300 3829 573 3887 Ambrstr„
594 3831 782 3894 Aug.);
808 3831 959 3896 Vulg.
984 3830 1172 3894 (Arm),
1197 3832 1281 3880 “si
1304 3828 1456 3896 qua.'’
1629 3846 1705 3891 14.
1780 3829 1956 3877 ‘ueras
1976 3823 2190 3875 uidnas'
2210 3824 2353 3885 dicit]
2422 3825 2500 3876 Cf.
2524 3841 2575 3893 p.
2609 3825 2716 3887 156,

298 3910 478 3973 Chrys.
518 3909 616 3959 and
649 3904 807 3958 Thdt.
845 3910 962 3959 read
1003 3911 1177 3961 πιστὸς
1212 3907 1248 3969 ἢ
1282 3906 1454 3969 πιστή.
1559 3910 1591 3960 l.
1628 3923 1688 3960 10
1709 3925 1784 3973 sq.
1856 3909 1918 3958 In
1942 3907 2029 3958 the
2052 3915 2156 3957 text
2182 3907 2268 3957 the
2302 3915 2411 3957 true
2443 3908 2652 3973 reading
2679 3909 2723 3959 is

299 3991 400 4040 Est
441 3990 496 4050 (1.
545 3990 593 4054 5)
631 3989 672 4039 is
713 3990 1039 4055 superfluouS,
1079 3992 1179 4041 and
1218 3991 1310 4041 has
1346 4007 1456 4057 per·
1558 3992 1777 4058 perhaps
1792 4006 1917 4055 quae
1929 4004 2041 4038 uere
2053 4005 2093 4038 s.
2111 3989 2294 4038 uiduae
2299 4005 2323 4049 ;
2346 3988 2409 4038 cf.
2426 3990 2511 4039 the
2528 3990 2720 4040 variant

297 4069 424 4134 haps
445 4069 573 4119 been
597 4068 763 4119 added
785 4068 914 4120 from
937 4071 1022 4121 the
1048 4072 1257 4137 margin.
1558 4074 1696 4131 here,
1719 4072 1818 4123 and
1842 4089 1892 4137 p.
1919 4087 2025 4135 153,
2049 4072 2084 4120 1.
2111 4087 2183 4133 14.
2226 4071 2297 4122 So
2319 4072 2520 4132 Ambr.,
2539 4073 2721 4138 Vulg.;

364 4150 412 4200 6.
480 4158 539 4200 ue
568 4151 631 4200 ab
663 4152 770 4200 illis
808 4152 1134 4214 nutriantur]
1220 4154 1302 4205 Sc.
1343 4152 1461 4219 filii
1565 4153 1802 4212 Claram„
1831 4152 2100 4207 Ambrstr.‚
2124 4150 2373 4208 however,
2397 4168 2484 4201 use
2514 4152 2600 4203 the
2632 4153 2720 4203 ad·

295 4238 389 4282 aut
408 4240 592 4298 nepotes
605 4250 627 4291 ,·
649 4233 711 4283 cf.
736 4234 988 4299 supra,‘p.
1020 4250 1126 4297 155,
1149 4235 1185 4285 l.
1216 4251 1293 4299 13,
1321 4245 1458 4286 note.
1554 4235 1743 4301 jective
1766 4232 1819 4298 (“
1835 4233 1968 4283 ueris
1991 4234 2155 4283 uiduis
2171 4232 2237 4294 ’').

369 4332 446 4368 ιο.
513 4322 573 4365 ut
601 4317 700 4365 talc·
727 4317 979 4372 attauhu,
1003 4316 1077 4368 &c
1101 4318 1123 4379 J
1189 4319 1239 4367 A
1261 4319 1459 4369 remark
1630 4332 1705 4381 23.
1775 4315 1834 4365 in
1849 4315 2178 4380 superioribus
2195 4314 2328 4377 din]
2385 4314 2478 4364 Le.
2503 4315 2556 4365 in
2578 4331 2626 4366 c.
2645 4314 2719 4365 iii.

295 4395 666 4447 characteristic
721 4397 779 4447 of
828 4411 921 4447 our
984 4397 1206 4447 author’s
1261 4398 1459 4462 jealous
1560 4412 1707 4462 2—7‚
1742 4396 1907 4448 where
1956 4398 2612 4462 ἐπίσκοτοςετρεσβύτερος
2646 4395 2718 4462 (p.

298 4478 463 4529 watch
519 4477 596 4531 for
650 4478 871 4545 possible
920 4478 1115 4531 abuses.
1192 4479 1271 4531 Cf.
1316 4491 1355 4530 1.
1402 4496 1450 4547 p.
1565 4482 1677 4539 118,
1701 4480 1818 4546 ξφ).
