3221 5116
274 407 375 471 ΙΙ.
407 421 465 489 7,
498 407 581 491 8.]
832 420 913 471 1N
964 422 1066 473 ΕΡ.
1115 421 1219 472 AD
1264 421 2016 474 THESSALONICENSES
2063 422 2136 475 11.
2624 410 2699 491 '55

408 601 664 656 tantum
694 589 813 675 qui
839 601 1004 657 tenet
1030 612 1218 673 nunc,
1261 592 1615 676 usquedum
1645 592 1722 656 de
1752 592 1959 656 medio
1979 592 2158 677 fiat,·
2214 601 2279 658 et
2314 592 2709 659 reuelabz'tur

269 694 388 760 ille
416 695 698 779 iniquus.

406 829 535 895 hoc
585 838 726 896 est:
772 832 995 896 ‘atubi
1039 830 1342 896 definitio
1387 833 1517 896 Dei
1566 852 1745 917 quae
1789 831 1932 897 eius
1978 833 2288 918 prohibet
2335 831 2701 898 aduentum

266 935 578 1013 cessabit,
610 944 770 999 tunc
801 936 1153 1019 adparebit
1185 931 1332 999 ille?
1421 933 1969 1015 †intendendum
2017 957 2176 1001 uero
2222 945 2325 1002 est
2369 935 2464 1001 illi
2510 938 2702 1021 parti,

267 1039 596 1122 quoniam
629 1036 1181 1102 ‘reuelationem'
1218 1036 1620 1102 Antichristi
1663 1038 2273 1103 manifestationem
2307 1039 2589 1114 uocauit,
2632 1046 2702 1102 et
2774 1052 2804 1119 5

268 1139 345 1201 in
390 1139 692 1222 superius
741 1140 1009 1204 dicens:
1064 1158 1216 1203 cum
1260 1139 1586 1203 reuelatus
1615 1139 1841 1220 fuerit
1866 1140 2069 1219 home,
2113 1150 2181 1205 et
2226 1139 2354 1205 hoc
2400 1142 2468 1204 in
2516 1138 2701 1206 loco:

270 1243 676 1309 reuelabitur
733 1244 1000 1326 iniquus
1016 1267 1047 1318 ,·
1130 1264 1212 1307 eo
1287 1243 1469 1325 quod
1546 1242 1857 1307 diabolus
1932 1264 2197 1327 semper
2265 1243 2536 1327 quidem
2611 1243 2699 1306 ab

269 1352 574 1416 aduentu
608 1349 884 1413 Domini
916 1348 1281 1413 meditatur
1309 1347 1476 1411 illud
1508 1346 1726 1410 facere
1762 1346 1849 1411 ad
1876 1347 2307 1411 nociuitatem
2332 1347 2699 1421 hominum,

272 1465 348 1519 et
400 1454 632 1536 utique
680 1451 844 1516 illud
897 1451 1179 1527 fecisset,
1233 1450 1288 1514 si
1339 1471 1474 1514 non
1528 1451 1894 1515 secundum
1950 1451 2457 1516 inenarrabilem
2508 1472 2699 1515 suam

271 1556 769 1642 prouidentiam
813 1555 1252 1619 continuisset
1297 1575 1451 1618 eum
1500 1554 1703 1619 Deus,
1793 1555 2177 1638 operabitur
2222 1577 2380 1619 uero
2426 1566 2587 1620 tunc
2633 1566 2700 1622 et
2735 1569 2813 1619 10

271 1660 599 1743 perducet
645 1657 813 1721 illud
865 1660 932 1721 in
986 1666 1238 1740 aperto,
1278 1656 1458 1740 quod
1512 1656 1770 1720 dudum
1816 1658 1942 1721 sibi
1988 1657 2357 1736 uidebatur,
2405 1644 2556 1720 cuin
2605 1657 2702 1723 illi

272 1762 473 1827 suerit
526 1781 915 1827 concessum
976 1781 1167 1824 suam
1230 1760 1650 1826 uoluntatem
1714 1762 1782 1825 in
1842 1783 2046 1846 opere
2120 1762 2545 1847 producere!
2632 1774 2702 1829 et

272 1863 639 1928 ostendens
668 1865 985 1949 quoniam
1018 1882 1141 1926 nec
1172 1861 1285 1927 ille
1314 1864 1457 1927 sine
1488 1883 1708 1946 poena
1739 1864 1882 1941 erit,
1912 1863 2154 1928 adicit:

404 2039 592 2103 quem
641 2016 943 2083 dominus
1002 2019 1184 2082 Iesus
1248 2018 1585 2103 interficiet
1634 2016 1874 2101 spiritu
1920 2017 2058 2083 oris
2120 2018 2261 2083 eius
2304 2028 2369 2083 et
2420 2018 2706 2082 destmet

280 2121 354 2185 in
383 2119 783 2206 apparitione
810 2120 1137 2185 aduentus
1167 2120 1291 2185 sui.
1451 2152 1455 2156 ·
2734 2123 2804 2192 15

407 2336 808 2425 προσεκτέον
854 2333 954 2401 ὅτι
1005 2343 1022 2371 ⁴
1041 2324 1479 2421 ἀποκάλυψιν
1498 2335 1514 2362 ’
1565 2338 1685 2400 τοῦ
1731 2333 2158 2423 ἀντιχρίστου
2211 2332 2529 2399 ἐκάλεσεν
2580 2329 2702 2409 τὴν

275 2440 671 2530 φανέρωσιν,
719 2438 785 2505 ἔν
833 2465 904 2504 τε
947 2444 1082 2510 τοῖς
1131 2436 1479 2523 ἀνωτέροις
1528 2439 1948 2527 ἂποκᾼλγφθῃῖ
2001 2440 2037 2504 ὁ
2090 2426 2428 2524 ἅκθρωήοο
2473 2432 2698 2515 εἰπών,

272 2543 636 2625 κάνταῦθα,
677 2544 1254 2621 ἇποκΔλΥΦΘι-ίεετω
1298 2544 1333 2608 ὁ
1372 2543 1633 2609 Sit-norme·
1681 2539 1766 2613 ὥς
1806 2540 1889 2608 ἂν
1917 2544 2035 2609 τοῦ
2064 2539 2389 2623 διαβόλου
2417 2538 2701 2605 πάντοτε

271 2649 398 2733 μὲν
437 2646 571 2713 ἀπὸ
622 2651 738 2730 τῆς
787 2649 905 2714 τοῦ
948 2643 1174 2730 κυρίου
1216 2644 1584 2731 παρουσίας
1628 2647 2030 2729 μελετῶντος
2075 2642 2232 2710 αὐτὸ
2280 2642 2392 2708 ἐπὶ
2437 2643 2519 2726 τῇ
2570 2645 2701 2707 τῶν

274 2750 648 2837 ἀνθρώπων
676 2750 930 2835 βλάβῃ,
964 2750 1073 2814 καὶ
1102 2747 1224 2830 ἤδη
1252 2771 1329 2831 ’γε
1367 2746 1525 2814 αὑτὸ
1569 2747 1680 2814 καὶ
1722 2746 2122 2829 ποιήσαντος
2158 2745 2255 2825 ἄν,
2293 2744 2353 2811 εἰ
2396 2743 2486 2827 μὴ
2532 2742 2702 2810 κατὰ
2726 2757 2812 2806 20

272 2853 398 2937 τὴν
428 2851 802 2941 ἀπόρρητον
832 2850 1036 2918 αὐτοῦ
1074 2852 1336 2932 βουλὴν
1375 2856 1680 2940 κατεῖχεν
1723 2850 1921 2916 αὑτὸν
1966 2850 2000 2916 ὃ
2046 2849 2207 2920 θεός·
2256 2846 2701 2937 ἐρΎασομένου

273 2958 348 3026 δὲ
392 2957 546 3025 τότε
591 2957 703 3024 καὶ
750 2955 1037 3025 οἴσοντός
1082 2981 1157 3038 ’γε
1197 2955 1290 3027 εἰς
1332 2955 1612 3044 φανερὸν
1650 2952 1723 3020 τὸ
1763 2953 1985 3020 πάλαι
2033 2953 2259 3019 δοκοῦν
2304 2951 2491 3039 αὐτῷ,
2539 2949 2700 3019 ὅταν

274 3062 675 3152 συγχωρηθῇ
708 3061 824 3146 τὴν
852 3060 1092 3127 οἰκείαν
1120 3059 1381 3144 ’γνώμην
1412 3060 1721 3138 ἐκβαλεῖν
1750 3058 1840 3128 εἰς
1871 3057 2078 3145 ἔργον.

381 3249 401 3283 1
439 3250 596 3300 usque
626 3248 760 3283 nunc
788 3232 1000 3282 dimidio
1038 3230 1181 3281 c'H
1250 3237 1607 3295 teneat-usque
1643 3230 1706 3279 de
1740 3228 1909 3278 medio
1946 3228 1992 3278 C
2022 3227 2173 3288 (corr)
2208 3240 2363 3292 usque
2399 3232 2519 3275 tunc
2553 3224 2701 3275 dimi·

272 3317 417 3367 dium
439 3333 472 3365 r
686 3333 716 3381 3
749 3315 847 3364 hoc
868 3314 1004 3363 enim
1033 3312 1186 3363 adubi
1216 3311 1355 3362 C'H
1399 3312 1454 3361 h.
1479 3329 1523 3362 e.
1550 3312 1621 3361 ait
1644 3309 1729 3359 ubi
1760 3311 1804 3359 C
1824 3308 1968 3374 (corr)
2040 3310 2139 3358 hoc
2161 3315 2234 3359 est
2256 3309 2344 3358 ubi
2366 3308 2391 3356 l
2412 3306 2422 3372 Ι
2449 3307 2548 3356 hoc
2575 3306 2701 3358 ..ille

272 3420 354 3452 om
378 3418 411 3451 r
603 3413 631 3464 5
666 3413 768 3464 quo
797 3395 911 3463 (sor
928 3395 1187 3461 quoniam)
1216 3393 1288 3445 C*
1484 3392 1516 3444 6
1550 3393 1601 3442 in
1627 3391 1737 3456 (bqf
1744 3392 1879 3455 sup.)
1901 3407 1979 3440 om
2008 3392 2053 3441 C
2073 3390 2220 3453 (corr)
2245 3407 2278 3439 r
2302 3387 2311 3456 Ι
2340 3389 2392 3439 in
2413 3389 2511 3439 hoc
2535 3389 2648 3438 loco
2670 3404 2704 3438 r

281 3498 341 3533 10
374 3481 496 3531 deus
519 3495 689 3529 cumr
919 3491 975 3540 ¹3
1009 3475 1206 3525 additr
1437 3489 1495 3536 14
1531 3474 1673 3523 Iesus
1694 3472 1860 3537 amr}
1890 3472 1990 3521 oris
2012 3471 2213 3521 suiCr
2443 3485 2500 3534 15
2536 3469 2698 3534 inap-

274 3563 576 3628 paritionem
610 3562 654 3611 C
717 3559 1048 3610 illustratione
1084 3574 1117 3608 r
1348 3555 1406 3607 16
1440 3554 1596 3606 Coisl.
1638 3556 1673 3604 l.
1714 3570 1754 3603 c.
1792 3554 2085 3616 προσεκτέον
2120 3553 2214 3614 ὅτι,
2254 3553 2402 3601 κ.τ.λ.
2635 3566 2694 3601 21

274 3645 607 3709 ἐργασαμένου
631 3642 715 3693 Cr.

348 3809 393 3844 ι.
458 3798 657 3843 tantum
680 3792 785 3856 qui,
804 3790 917 3852 δια]
951 3790 1018 3841 O.
1044 3790 1104 3839 L.
1129 3789 1231 3840 and
1247 3788 1432 3853 Vulg.=

282 3879 528 3928 “tantum
552 3882 606 3926 ut
627 3876 715 3940 qui
738 3882 875 3924 tenet
905 3889 1038 3922 nunc
1070 3881 1236 3923 teneat
1273 3874 1435 3923 donec

276 3963 344 4025 [“
359 3960 696 4026 quoadusque,
706 3957 736 3982 ’'
760 3958 1035 4019 Ambrstr.]
1050 3955 1168 4016 de,’'
1183 3957 1274 4007 διο.
1332 3957 1435 4006 For

276 4042 547 4107 usquedum
580 4042 643 4091 cf.
678 4053 716 4090 1.
748 4057 798 4106 p.
827 4040 910 4107 69,
947 4041 979 4090 1.
1017 4037 1090 4098 16,
1118 4047 1253 4088 note.
1322 4039 1434 4087 The

276 4124 518 4175 omission
541 4123 599 4173 of
613 4129 733 4172 tunc
747 4122 921 4173 before
943 4121 1243 4171 reuelabitur
1260 4120 1305 4174 is
1319 4135 1434 4185 pro-

276 4205 434 4269 bably
455 4203 749 4254 accidental.

343 4303 389 4350 3.
461 4285 550 4334 hoc
579 4285 816 4347 est...ille]
871 4283 1022 4334 Cited
1045 4283 1113 4347 by
1147 4281 1430 4342 Lansranc3

276 4386 361 4419 see
386 4384 463 4419 vv·
493 4367 548 4416 11.

344 4463 391 4513 5.
458 4444 1088 4507 reuelatzbnem...u0cam·t]
1158 4444 1230 4496 So
1253 4443 1429 4494 Thdt.:

273 4530 332 4584 οὗ
364 4528 425 4591 δὴ
455 4529 600 4594 χάριν
635 4529 715 4579 καὶ
749 4522 1127 4590 ’ἀποκάλυψιν’
1164 4524 1314 4575 αὐτοῦ
1342 4523 1433 4586 τὴν

1533 3788 1805 3851 παρουσίαν
1837 3786 1864 3836 ὁ
1895 3783 1978 3838 ἀπ.
2008 3787 2257 3845 κέκληκεν·
2295 3783 2323 3833 ὃ
2354 3784 2453 3852 ’γάρ
2486 3786 2696 3848 κρύβδην

1533 3867 1606 3919 ἀεὶ
1629 3867 1977 3936 κατεσκεύαζεν
1999 3870 2113 3918 τότε
2136 3869 2395 3929 προφανῶς
2417 3869 2621 3928 κηρύξει.

1599 3947 1649 3999 6.
1716 3965 1828 3998 cum
1881 3965 1985 3998 reu.
2019 3947 2211 4013 fiterit]
2276 3945 2389 3996 The
2428 3947 2698 4020 translator

1533 4031 1626 4082 has
1647 4032 1909 4096 carelessly
1932 4031 2098 4082 added
2119 4047 2232 4079 cum
2256 4030 2451 4080 instead
2493 4029 2552 4079 of
2573 4030 2692 4087 mlvi,

1535 4123 1588 4163 to
1621 4115 1870 4178 complete
1902 4113 1988 4162 the
2022 4129 2180 4162 sense.
2252 4113 2314 4161 In
2351 4113 2437 4162 the
2465 4121 2583 4162 next
2618 4129 2691 4161 re·

1532 4196 1744 4255 ference,
1783 4196 1867 4244 ille
1891 4195 1983 4244 has
2015 4195 2144 4244 been
2178 4195 2351 4261 dropt3
2397 4210 2480 4244 see
2513 4196 2692 4251 above,

1535 4277 1569 4326 1.
1601 4292 1648 4326 2.

1606 4370 1679 4420 15.
1751 4355 1810 4406 in
1863 4355 2190 4420 apparitione]
2255 4355 2391 4405 Tert-
2404 4389 2417 4412 ,
2487 4357 2523 4382 “
2538 4371 2692 4419 appa-

1533 4435 1745 4489 rentia.”
1826 4437 1940 4488 The
1974 4437 2125 4487 Latin
2173 4437 2399 4487 versions
2435 4436 2694 4500 generally

1534 4538 1655 4587 vary
1675 4523 1903 4572 between
1934 4515 2361 4570 “illustratione‘’
2391 4518 2493 4567 and
2527 4517 2691 4566 “illu-
