3221 5116
531 392 567 440 2
584 377 659 439 18
1199 389 1658 444 T11E0D0Rus
1704 391 2289 444 MOPSUESTENUS
2606 378 2763 464 [ΙΙΙ.
2793 380 2852 455 8,
2880 396 2945 461 9.

657 563 830 622 ‘non
877 565 1193 642 poterunt
1237 560 1351 624 diu
1396 582 1469 626 se
1513 560 1847 626 occultare
1882 561 2283 644 quicumque
2331 571 2489 626 sunt
2530 560 2644 628 illi.
2731 565 2948 629 mani-

527 661 732 726 festos
777 671 1003 727 autem
1050 664 1250 730 faciet
1309 686 1422 755 eos
1472 674 1757 747 tempus,
1812 666 2005 730 sicuti
2052 675 2122 730 et
2168 664 2431 730 illorum
2493 665 2946 749 insipientiam

529 765 951 830 manifestam
985 767 1181 832 faciet
1212 778 1514 851 tempore
1544 768 2013 851 subsequenti.'
2102 790 2259 836 nam
2309 771 2491 852 quod
2534 770 2949 853 interrogant

528 869 802 949 quidam
845 873 1021 934 unde
1060 875 1307 954 poterit
1347 873 1585 938 beatus
1629 873 1872 938 Paulus
1917 894 2319 958 cognoscere
2364 876 2640 938 nomina
2681 874 2947 938 illorum

463 973 643 1057 5qui
690 974 1073 1038 restiterunt
1120 974 1363 1058 Moysi,
1407 976 1660 1044 multae
1706 975 2031 1041 stultitiae
2084 985 2202 1041 est.
2292 978 2641 1043 ridiculum
2692 980 2944 1043 etenim

529 1083 632 1139 est
696 1077 979 1159 Moysen
1037 1080 1312 1163 quidem
1378 1079 1542 1164 [qui]
1607 1090 1799 1145 tanta
1852 1089 2008 1144 ante
2054 1101 2127 1144 se
2173 1081 2351 1145 sacta
2404 1081 2760 1146 uidebatur
2802 1083 2951 1147 edi-

526 1180 709 1241 xisse
749 1179 864 1243 illa
903 1203 1075 1264 quae
1130 1184 1357 1247 multis
1407 1193 1597 1248 erant
1644 1185 1911 1259 incerta,
1943 1185 2297 1248 memorari
2343 1186 2548 1248 etiam
2599 1193 2945 1250 tantorum

524 1305 693 1366 quos
724 1305 922 1348 nemo
954 1295 1112 1349 tunc
1141 1287 1308 1350 scire
1346 1294 1650 1369 poterat;
1699 1286 1978 1349 Paulum
2022 1306 2179 1349 uero
2215 1287 2525 1350 demirari
2566 1287 2623 1350 si
2657 1288 2944 1360 duorum

524 1388 870 1453 hominum
925 1391 1198 1454 nomina
1256 1392 1369 1473 qui
1430 1401 1631 1455 antea
1684 1389 1947 1455 fuerant
1996 1389 2279 1455 ualuerit
2325 1392 2563 1456 dicere.
2653 1411 2808 1455 nam
2873 1401 2947 1457 et

420 1516 499 1563 10
525 1496 890 1560 secundum
951 1495 1378 1558 traditionem
1441 1496 1866 1577 antiquorum
1930 1496 2060 1559 ista
2119 1494 2308 1558 illurn
2356 1496 2525 1559 scire
2575 1494 2740 1560 nihil
2786 1498 2948 1560 noui

525 1599 664 1665 suit.
752 1598 917 1662 illud
969 1618 1125 1661 uero
1175 1599 1389 1662 notari
1438 1599 1718 1681 dignum
1769 1606 1886 1676 est,
1935 1598 2115 1681 quod
2160 1599 2426 1663 uidetur
2467 1598 2646 1682 apud
2697 1599 2948 1664 multos

524 1704 981 1786 quaestionem
1008 1720 1450 1777 commouere,
1480 1690 2054 1784 quemadmodum
2103 1702 2169 1764 in
2201 1702 2650 1785 superioribus
2695 1694 2947 1769 dixerit

523 1808 803 1872 multum
848 1806 1247 1890 proficiunt,·
1307 1803 1435 1867 hoc
1497 1825 1656 1867 uero
1719 1806 1785 1867 in
1849 1805 1997 1868 loco
2046 1805 2237 1883 dixit,
2285 1805 2405 1869 sed
2444 1826 2569 1869 non
2606 1806 2952 1889 prqficient

523 1912 817 1994 amplius.
907 1912 1068 1974 dicit
1127 1918 1351 1973 autem
1413 1911 1541 1973 ista
1600 1929 1733 1972 non
1809 1908 2173 1973 secundum
2249 1929 2450 1972 unam
2527 1909 2949 1991 eandemque

420 2031 490 2100 15
525 2015 882 2093 rationem;
915 2013 1046 2077 illic
1068 2014 1243 2076 enim
1270 2013 1431 2077 dicit
1446 2012 1799 2096 proficient,
1818 2011 1957 2095 †de
1982 2013 2109 2077 illis
2133 2013 2359 2078 dicens
2383 2014 2494 2096 qui
2519 2013 2948 2091 seducuntur,

628 2183 648 2216 1
688 2170 920 2231 poterant
949 2163 1087 2212 CH:
1124 2169 1206 2211 txt
1225 2180 1258 2212 r·
1284 2161 1292 2228 Ι
1319 2163 1421 2213 duo
1450 2161 1621 2212 0“Η
1675 2162 1842 2212 denuo
1865 2180 1897 2211 r
1921 2161 1929 2226 Ι
1958 2163 2032 2212 illi
2060 2179 2138 2212 om
2160 2164 2230 2212 Η
2435 2177 2463 2211 2
2499 2161 2617 2213 fecit
2644 2163 2688 2212 C
2709 2160 2828 2211 facit
2851 2162 2922 2211 Η
2933 2179 2946 2211 :

522 2254 605 2297 txt
624 2263 655 2295 r
681 2245 689 2311 Ι
719 2253 768 2296 et
795 2244 889 2310 (ast
908 2243 1041 2307 fecit)
1065 2244 1169 2293 add
1184 2261 1215 2294 r
1345 2259 1373 2309 3
1409 2244 1528 2294 facit
1550 2245 1619 2293 Η
1674 2260 1790 2293 nam
1815 2244 1900 2309 qui
1923 2245 1968 2293 C
2007 2259 2184 2308 namq:
2211 2243 2295 2294 H:
2331 2250 2412 2293 tx!
2430 2260 2463 2292 r·
2589 2262 2620 2306 4
2653 2244 2817 2309 potuit
2842 2244 2912 2293 Η
2915 2261 2952 2292 r

525 2340 552 2391 5
588 2325 795 2389 dignum
823 2324 921 2388 (qft
941 2320 1102 2387 stult.)
1127 2323 1232 2372 add
1244 2323 1330 2373 Cr
1561 2322 1593 2373 6
1628 2323 1831 2387 Moyses
1854 2324 2003 2373 CH:
2036 2329 2118 2372 txt
2138 2338 2170 2372 r
2194 2322 2203 2388 Ι
2233 2325 2318 2388 qui
2339 2341 2418 2374 om
2446 2325 2490 2375 C
2500 2326 2570 2375 Η
2571 2342 2604 2373 r
2626 2324 2635 2390 Ι
2664 2326 2892 2375 uideatur
2917 2343 2951 2375 r

527 2418 555 2470 7
590 2403 735 2454 multi
758 2404 826 2453 Η
1010 2404 1041 2453 8
1074 2404 1200 2452 scire
1221 2418 1301 2452 om
1324 2401 1392 2451 Η
1586 2416 1620 2468 9
1654 2411 1768 2452 ante
1805 2416 1838 2449 r
2051 2418 2106 2452 11
2144 2410 2319 2453 notatu
2342 2420 2374 2452 r
2400 2402 2410 2466 Ι
2437 2405 2618 2454 multas
2639 2421 2672 2454 r
2882 2418 2942 2454 12

523 2502 726 2537 mouere
749 2501 782 2535 r
927 2501 985 2547 14
1019 2500 1199 2534 uanam
1223 2501 1333 2535 eam
1357 2484 1573 2550 denique
1599 2485 1713 2549 (sor
1732 2497 1883 2534 unam
1907 2483 2235 2550 eandemque)
2266 2485 2335 2536 C·
2351 2487 2454 2536 Ην
2682 2499 2737 2548 ι5
2773 2487 2948 2539 dicent

524 2572 593 2621 Η
613 2568 622 2635 Ι
649 2577 920 2635 sequuntur
946 2566 1062 2633 (sor
1081 2569 1402 2630 seducuntur)
1430 2585 1463 2617 r·

592 2711 639 2759 3.
733 2692 869 2759 quod
904 2692 1216 2756 intem-egunt
1256 2690 1484 2755 quidam]
1572 2690 1684 2740 The
1856 2704 1929 2741 η.
1991 2690 2051 2740 in
2068 2692 2425 2754 superzbm'bus]
2459 2692 2518 2742 C.
2538 2692 2591 2742 ii.
2616 2691 2691 2755 16,
2715 2701 2834 2743 note
2852 2693 2946 2755 (cs.

526 2776 774 2826 reference
797 2775 839 2825 is
861 2774 1078 2839 perhaps
1095 2782 1149 2823 to
1167 2772 1357 2838 Origen
1378 2773 1434 2822 in
1453 2774 1506 2822 S.
1526 2772 1683 2822 Matt.

532 2871 621 2923 117
641 2874 654 2908 ε
681 2863 711 2886 “
727 2858 863 2923 quod
891 2858 976 2918 ait,
1004 2858 1136 2907 sicut
1158 2857 1345 2905 lennes
1368 2862 1415 2906 et
1433 2856 1687 2905 alambra·

526 2942 820 2991 restiterunt
836 2940 987 2999 Masi,
1011 2955 1113 2989 non
1136 2938 1387 2988 inuenitur
1402 2939 1455 2987 in
1470 2938 1684 3002 publicis

525 3020 795 3086 scripturis,
824 3020 987 3069 sedin
1009 3020 1139 3071 libro
1172 3026 1364 3069 secreto
1396 3018 1484 3084 qui
1515 3035 1682 3085 supra-

526 3102 759 3153 scribitur
796 3103 870 3151 ⁴1.
894 3109 945 3152 et
978 3102 1054 3151 M.
1088 3099 1296 3151 liber.'”
1361 3102 1443 3151 Cs.
1475 3102 1682 3165 Chrys:

526 3186 626 3234 πῶς
651 3185 702 3233 δὲ
723 3184 882 3232 αὐτῶν
904 3184 968 3231 τὸ,
992 3183 1209 3241 ὀνόματα
1242 3184 1451 3241 οὐδαμοῦ
1483 3185 1682 3247 ἐμφέρε·

526 3283 608 3315 ται
641 3266 892 3326 &mamm
938 3262 971 3325 ἢ
1005 3263 1274 3327 ἀγράφως
1305 3266 1613 3327 παρεδέδοτο,
1655 3263 1689 3324 ἦ

527 3342 637 3394 ἀπὸ
663 3345 761 3392 τοῦ
791 3345 1120 3401 πνεύματος
1146 3345 1267 3393 εἰκὸς
1301 3338 1360 3403 ἦν
1395 3344 1566 3392 εἰδέναι
1598 3345 1684 3392 τὸν

528 3426 739 3474 Παῦλον.
812 3423 1068 3487 Similarly
1090 3424 1273 3473 Thdt.:
1306 3425 1371 3472 τὸ,
1394 3425 1555 3484 μέντοι
1576 3421 1682 3474 τοῦ·

526 3523 623 3555 των
665 3505 880 3565 ὀνόματα
922 3507 1008 3554 οὐκ
1054 3507 1111 3554 ἐκ
1164 3506 1250 3564 τῆς
1306 3506 1436 3554 θείας
1488 3508 1683 3569 γραφῆς

525 3587 800 3650 μεμάθηκεν
832 3589 859 3638 ὸ
887 3590 934 3637 θ.
966 3586 1073 3650 dm,
1114 3585 1218 3637 ἀλλ’
1258 3589 1312 3638 ἐκ
1346 3590 1431 3648 τῆς
1462 3580 1683 3651 ἅγρᾶφοὺ

526 3673 624 3721 τῶν
652 3670 895 3720 Ἰουδαίων
936 3671 1263 3720 διδασκαλίας·
1304 3671 1427 3720 εἰκὸς
1466 3672 1518 3720 δὲ
1550 3668 1684 3732 αὐτῷ

526 3754 607 3803 καὶ
629 3756 718 3815 τὴν
750 3751 891 3815 χάριν
923 3749 1239 3814 ἀποκαλύψω
1274 3752 1360 3800 τοῦ
1394 3752 1680 3810 πνεύματος.

525 3837 733 3899 Among
753 3835 839 3885 the
864 3835 1052 3895 Latins,
1076 3834 1323 3885 Ambrstr.
1348 3833 1543 3885 follows
1568 3835 1682 3886 Ori·

522 3917 662 3982 gen’s
718 3917 1001 3981 conjecture
1055 3916 1407 3981 (“exemplum
1463 3916 1560 3965 hoc
1618 3916 1683 3966 de

521 4000 822 4064 apocryphis
844 3996 1002 4059 est’'),
1027 3998 1127 4047 and
1148 3996 1379 4048 Sedulius
1403 3997 1539 4048 Scot.
1568 3997 1682 4047 bids

521 4078 600 4127 his
637 4079 833 4128 readers
868 4078 1052 4127 choose
1090 4078 1318 4127 between
1356 4077 1544 4140 Origen
1581 4077 1682 4126 and

524 4161 699 4224 Chrys,
727 4159 829 4224 (2):
895 4165 925 4187 “
945 4160 1127 4209 Paulus
1182 4159 1390 4223 protulit
1443 4159 1549 4209 siue
1592 4175 1682 4224 per

523 4240 783 4306 Spiritum,
803 4240 909 4290 sine
932 4257 1021 4306 per
1042 4240 1271 4306 peritiam
1294 4239 1502 4290 aliarum
1526 4241 1678 4305 scrip-

522 4320 795 4370 turarum-’⁹
863 4319 1004 4370 Th.’s
1038 4336 1154 4370 own
1192 4321 1319 4370 view
1358 4320 1399 4369 is
1440 4320 1678 4379 obscure:

521 4403 586 4452 he
609 4403 791 4466 pushes
813 4402 899 4453 the
921 4403 1151 4467 question
1174 4403 1311 4453 aside
1332 4418 1387 4452 as
1416 4403 1681 4467 unworthy

521 4484 581 4532 of
595 4486 782 4534 serious
805 4484 1185 4535 consideration.

1783 2770 1854 2821 iii.
1884 2773 1978 2833 13).
2032 2777 2045 2799 ⁸
2063 2773 2174 2822 The
2196 2774 2464 2825 assertions
2486 2776 2569 2823 ἐπὶ
2587 2776 2754 2825 πλεῖον
2772 2778 2944 2838 προκό-

1787 2855 1973 2915 ψουσιν,
1998 2851 2053 2902 ου’
2082 2854 2408 2917 προκόψουσιν
2433 2856 2514 2904 ἐπὶ
2536 2858 2723 2915 πλεῖον,
2747 2872 2830 2906 are
2852 2866 2946 2909 not

1782 2936 2168 2999 contradictory,
2201 2944 2380 3001 except
2418 2936 2471 2986 in
2513 2937 2668 2996 ἴοι-ηις
2708 2938 2785 2988 for
2823 2940 2947 3004 they

1782 3033 1867 3066 are
1901 3017 2047 3067 made
2077 3017 2207 3067 from
2245 3019 2475 3069 different
2504 3020 2673 3085 points
2708 3021 2767 3071 of
2794 3023 2942 3073 view.

1785 3097 1922 3147 Such
1977 3098 2229 3148 deceivers
2276 3099 2404 3148 shall
2453 3101 2600 3150 make
2644 3116 2713 3151 no
2758 3102 2946 3170 lasting

1782 3194 2026 3245 progress‚
2067 3179 2258 3243 though
2303 3179 2379 3230 sor
2421 3196 2453 3230 a
2496 3181 2619 3232 time
2663 3182 2782 3247 they
2824 3199 2944 3248 may

1781 3262 1992 3311 succeed
2038 3261 2089 3310 in
2134 3262 2365 3326 swelling
2406 3262 2492 3312 the
2525 3263 2679 3313 ranks
2718 3265 2776 3313 of
2813 3265 2946 3317 their

1782 3343 2050 3408 disciples;
2089 3344 2174 3393 the
2206 3344 2402 3408 growth
2435 3346 2538 3395 will
2572 3348 2636 3396 be
2668 3348 2944 3397 numerical

1783 3425 1949 3474 rather
1971 3425 2091 3474 than
2115 3425 2256 3474 real.'
2309 3426 2445 3476 Both
2463 3427 2639 3491 Chrys.
2662 3429 2765 3477 and
2783 3428 2942 3479 Thdt.

1780 3508 1909 3558 raise
1938 3508 2039 3559 this
2069 3510 2228 3574 point,
2262 3508 2354 3559 but
2381 3509 2510 3559 their
2542 3510 2865 3575 explanation
2899 3511 2944 3563 is

1780 3597 1869 3639 not
1894 3590 2030 3655 quite
2048 3591 2132 3641 the
2149 3607 2314 3652 same;
2341 3592 2495 3642 Thdt.
2523 3590 2670 3656 (e-g.)
2689 3605 2826 3657 says:
2856 3590 2945 3643 οὐκ

1779 3674 1996 3723 ἐναντίον
2031 3675 2086 3722 δὲ
2116 3676 2257 3723 τοῦτο
2292 3676 2391 3725 τοῖς
2415 3673 2625 3738 πρόσθεν
2660 3676 2937 3739 εἰρημένοις.

1779 3756 1883 3803 ἐκεῖ
1920 3752 2022 3818 γάρ
2068 3758 2199 3817 περὶ
2235 3754 2424 3807 αὐτῶν
2465 3760 2578 3819 ἔφη,
2618 3761 2693 3808 ὅτι
2728 3763 2808 3809 ἐπὶ
2850 3765 2941 3811 πλ.

1780 3852 1921 3896 προκ.
1967 3832 2267 3899 ἀσεβείας.
2349 3840 2559 3889 ἐνταῦθα
2603 3841 2656 3889 δὲ
2701 3844 2810 3905 περὶ
2855 3844 2945 3903 τῆς

1780 3913 1938 3965 αὐτῶν
1972 3920 2279 3979 τολμωμένης
2309 3916 2664 3981 ἅπάτης...ἀντὶ
2698 3926 2807 3973 τοῦ·
2857 3930 2869 3952 ‘
2886 3927 2945 3974 οὐ

1779 3998 2012 4057 λήσουσιν
2052 4016 2198 4061 μεχρι
2242 4003 2431 4050 πολλοῦ
2472 4003 2944 4065 συσχηματιζόμενοι

1780 4080 1869 4137 τὴν
1903 4076 2190 4143 εὐσέβειαν)
2257 4082 2525 4132 Primasius
2557 4084 2706 4145 (aster
2750 4086 2942 4152 Pelag„

1779 4160 1949 4209 whose
1977 4161 2175 4226 printed
2208 4170 2311 4214 text
2343 4164 2384 4215 is
2417 4166 2536 4216 here
2568 4175 2622 4217 at
2651 4167 2795 4230 fault)
2826 4186 2942 4234 sug-

1779 4246 1915 4303 gests
1954 4239 2165 4289 another
2202 4258 2314 4306 way
2348 4244 2409 4293 of
2435 4247 2838 4306 reconciliation3
2887 4248 2940 4298 in

1780 4321 1867 4370 the
1910 4329 2112 4386 present
2154 4339 2364 4390 passage
2404 4327 2490 4378 the
2532 4330 2634 4394 Ap.
2686 4334 2836 4379 “non
2876 4330 2941 4381 de

1780 4403 2012 4453 omnibus
2044 4403 2304 4458 haereticis
2337 4408 2474 4471 dicit,
2507 4412 2593 4461 sed
2625 4411 2690 4462 de
2723 4412 2801 4462 his
2834 4420 2940 4463 tan-

1782 4494 1886 4535 tum
1911 4502 2036 4552 quos
2059 4495 2176 4540 tunc
2200 4490 2300 4541 cito
2324 4492 2508 4543 destrui
2534 4496 2913 4560 praeuidebat.”
