3221 5116
280 407 733 461 FRAGMENTS
781 406 876 457 OF
918 404 1075 455 THE
1121 401 1511 453 DOGMATIC
1558 399 1823 452 WORKS
1868 399 1965 451 OF
2008 397 2436 450 THEODORE.
2515 397 2631 463 321

225 580 310 647 καὶ
359 582 726 646 mre-crucae
768 576 955 652 (κγ’-νόω
1009 572 1107 641 ἐπὶ
1156 576 1230 639 τὰ
1275 571 1420 661 &pra
1458 574 1591 639 τῶκ
1643 574 1864 660 χειρῶη
1922 592 2047 649 cor·
2093 574 2294 638 πάκτα
2339 572 2638 647 {neniae

221 685 514 759 γ’ποκὰτω
555 683 689 746 τὼΝ
733 681 953 745 ποΔῶΝ
1002 678 1190 754 αῨτΟῨ
1202 680 1259 716 *·
1306 680 1524 764 ἐπάγει·
1563 676 1738 760 τὸ[Ν]
1785 676 1854 741 Δὲ
1888 678 2064 763 ΒΡΔχΫ
2097 699 2149 740 τι
2181 675 2317 763 παρ’
2347 674 2638 749 ἇΓΓέλογε

222 783 675 850 munumentum
741 785 1056 847 Βλέποιυιεη
1107 779 1346 854 ἸΗοοῨΝ
1410 779 1502 844 Διὰ
1564 778 1637 843 τό
1691 781 1943 844 πάθημα
2000 781 2115 854 ro?
2173 782 2437 854 θακάτογ
2488 780 2635 862 Δόξῌ

224 885 311 952 καὶ
345 894 487 973 Tim]
518 886 1052 963 ἐεΤΕΦΔΝωΜὲΝΟΝ
1065 895 1116 964 †·
1199 891 1402 964 σαφῶς
1430 887 1645 951 δεικνὺς
1670 885 1762 947 ὅτι
1801 886 2025 963 Ἰησοῦς
2062 886 2375 966 ἅνθρωπος,
2402 887 2535 965 περὶ
2571 882 2641 947 οὗ
2669 967 2674 974 .

218 987 252 1048 ὁ
275 987 551 1067 μακάριος
577 986 771 1065 Δαβίὸ
798 992 983 1064 φησιν
1020 982 1488 1063 ἐκπληττόμενος,
1518 983 1609 1045 ὅτι
1642 983 1682 1061 ἦ
1709 985 1835 1045 θεία
1863 983 2040 1061 φύσις
2064 982 2349 1064 ἠνέσχετό
2375 1010 2438 1045 τε
2464 982 2640 1044 αὑτοῦ
2707 995 2739 1057 5

219 1084 575 1161 ποιήσασθαι
605 1085 834 1164 μνήμην
875 1085 968 1143 καὶ
1007 1082 1077 1160 δή
1120 1084 1213 1142 καὶ
1253 1081 1602 1161 ἐπισκέψεως
1627 1079 1930 1153 ἀξιώσασα
1966 1084 2172 1146 οἰκείας
2205 1081 2399 1160 βραχὺ
2438 1079 2543 1158 μέν
2582 1107 2641 1141 τι

219 1184 373 1261 παρὰ
407 1185 538 1248 τοὺς
577 1183 859 1268 ἀγγέλους
900 1180 1068 1269 αὑτόν
1106 1183 1429 1241 ἐλαττῶσαι
1463 1186 1540 1259 τῷ
1580 1178 1902 1263 γεύσασθαι
1927 1183 2170 1257 ποιῆσαι
2199 1177 2459 1240 θανάτου·
2501 1178 2639 1259 δόξῃ

223 1284 281 1345 δὲ
315 1284 482 1346 αὑτόν
520 1284 614 1343 καὶ
650 1284 787 1362 τιμῇ
826 1279 989 1360 πάσῃ
1028 1280 1388 1358 περιβαλεῖν,
1422 1277 1571 1340 ὥστε
1615 1280 1709 1339 καὶ
1752 1278 1945 1359 κύριον
1985 1277 2157 1339 αὑτὸν
2195 1275 2491 1355 α’ποφῆναι
2529 1279 2641 1338 τῶν

221 1380 496 1455 ἁπάντων,
526 1377 621 1440 διιῗ1
646 1381 748 1456 τῆς
773 1376 915 1456 πρὸς
942 1375 1139 1437 ἔαυτόν
1165 1377 1489 1452 συναφείας.

344 1506 458 1590 [Cf.
504 1510 706 1587 fragm.
753 1507 816 1566 in
861 1508 951 1567 Ps.
984 1505 1102 1566 viii.
1146 1514 1240 1583 ap.
1284 1502 1501 1582 Justin.
1546 1503 1714 1581 infra
1757 1504 1843 1582 (ἐν
1882 1505 1955 1582 τῇ
1995 1503 2260 1580 ἑρμηνείᾳ
2298 1503 2399 1562 τοῦ
2435 1498 2642 1581 ὀγδόου
2712 1496 2726 1500 ’

220 1609 496 1688 ψαλμοῦ),
530 1610 740 1668 Leont.
771 1606 812 1665 l.
832 1625 906 1679 c.;
946 1605 1103 1676 Lat„
1132 1612 1224 1680 ap.
1259 1604 1448 1664 Cone.
1482 1603 1603 1663 CP.
1636 1600 1694 1661 ii.
1727 1619 1807 1661 ιν.
1845 1622 1936 1680 19,
1965 1601 2099 1679 Vig.
2136 1598 2253 1682 20].

381 1836 434 1896 5.
522 1814 762 1898 [Justin.
791 1817 829 1876 l.
854 1835 895 1875 c.
932 1812 1019 1895 (ἐν
1058 1815 1135 1894 τῷ
1174 1810 1424 1893 τετάρτῳ
1465 1811 1624 1895 λόγῳ
1663 1816 1776 1874 τῶν
1817 1812 1962 1875 κατσῖ
2001 1811 2480 1896 Ἀπολιναρίου)].

340 1949 645 2025 Αὔταρκῶς
672 1944 742 2022 δη
769 1971 834 2005 το
865 1943 1143 2022 διάφορον
1169 1947 1281 2005 τῶν
1309 1941 1542 2020 φύσεων
1566 1942 1705 2021 ημῖν
1728 1941 2130 2005 ὑποδείκνυσιν
2158 1943 2251 2005 δια
2271 1942 2502 2019 τούτων,
2522 1943 2639 2025 εἴγε
2667 1948 2745 2006 '16

218 2072 283 2107 το
309 2048 415 2123 μὲν
445 2043 820 2122 ἐκπλήττεται
844 2070 917 2107 ως
945 2042 1015 2104 δι’
1041 2042 1378 2122 ὑπερβολὴν
1407 2043 1842 2122 φιλανθρωπίας
1873 2042 2145 2121 ἑλόμενον
2178 2041 2410 2121 μνήμην
2444 2067 2509 2102 τε
2547 2041 2640 2102 καὶ

221 2145 525 2223 ε’πίσκεψιν
569 2140 933 2220 ποιήσασθαι
970 2144 1072 2202 τοῦ
1114 2138 1288 2203 οὕτως
1330 2138 1614 2203 εὐτελοῦς·
1668 2139 1770 2200 τᾶν
1811 2140 1872 2200 δε
1909 2142 2267 2220 μακαριστόν
2304 2141 2527 2224 ἡγεῖται
2566 2168 2640 2207 ως

218 2242 488 2304 τοιούτων
511 2239 836 2319 ἠξιωμένον.
911 2237 1072 2298 α’λλα
1099 2264 1212 2320 γαρ
1240 2234 1417 2300 οὕτως
1441 2240 1548 2313 μὲν
1573 2235 1681 2314 τήν
1707 2263 1770 2298 τε
1799 2237 2079 2316 διαίρεσιν
2115 2241 2225 2299 τῶν
2253 2237 2487 2316 φύσεων
2516 2265 2639 2301 ποι-

221 2345 379 2414 εῖται,
410 2340 502 2401 καὶ
534 2340 650 2418 μὴν
686 2339 779 2397 καὶ
812 2337 917 2413 τὴν
954 2334 1237 2412 διαφοραν
1269 2338 1371 2411 τῆς
1411 2360 1474 2394 τε
1514 2338 1618 2394 τοῦ
1659 2333 1951 2412 λαβόντος
1991 2333 2221 2411 φύσεως
2264 2337 2357 2396 καὶ
2396 2340 2498 2414 τῆς
2537 2340 2639 2398 τοῦ

219 2439 544 2516 ληφθέντος
584 2437 721 2515 η’μῖν
765 2435 1165 2496 ὑποδείκνυσιν
1202 2432 1242 2509 ἦ
1286 2434 1411 2494 θεία
1450 2432 1670 2515 γραφή·
1728 2434 2114 2511 φροντίζουσα
2157 2434 2218 2494 δὲ
2256 2436 2360 2495 τοῦ
2402 2435 2495 2494 καὶ
2534 2435 2639 2511 τήν
2663 2440 2741 2514 ἶῐζ

220 2537 425 2598 ἕνωσιν
454 2534 591 2614 ἡμῖν
621 2530 1015 2595 ὑποδεικνύναι
1050 2529 1090 2609 ἢ
1125 2533 1202 2610 τῷ
1237 2530 1521 2606 ληφθέντι
1555 2530 1965 2611 προσγέγονεν,
1997 2530 2156 2613 λέγει
2190 2528 2477 2595 πολλάκις
2514 2524 2640 2595 καθ’

220 2637 424 2696 ἕνωσιν
472 2633 544 2694 arnt
591 2630 827 2709 ἑκάτερα
865 2633 975 2691 τῶν
1016 2628 1247 2706 φύσεων
1287 2627 1602 2700 ἰδιαζόντως
1641 2627 1954 2707 προσόντα,
1997 2629 2068 2694 ὥς
2106 2629 2178 2691 ἂν
2215 2631 2323 2708 τήν
2360 2629 2501 2710 πρὸς
2540 2629 2641 2692 τὸν

218 2729 483 2811 λαβόντα
519 2729 723 2790 ἕνωσιν
762 2731 863 2789 τοῦ
904 2727 1229 2804 ληφθέντος
1266 2724 1403 2803 ἡμῖν
1442 2724 1928 2805 παραδηλῶσειεν,
1959 2725 2071 2788 ὅσα
2110 2754 2174 2789 τε
2213 2726 2395 2809 τούτῳ
2437 2732 2499 2790 ἐκ
2539 2732 2640 2806 τῆς

216 2830 360 2909 πρός
402 2830 613 2888 ἐκεῖνον
652 2825 889 2909 γέγονεν
928 2826 1254 2901 συναφείας.

318 3062 393 3146 [F
392 3084 478 3125 ac.
512 3082 574 3124 x.
611 3084 637 3123 1
674 3063 738 3145 (“
756 3063 842 3124 sic
883 3062 1047 3124 enim
1086 3062 1235 3123 dicit
1276 3062 1338 3122 in
1379 3059 1674 3140 principio
1715 3060 2024 3124 cuiusdam
2067 3063 2159 3124 sui
2200 3064 2399 3142 operis
2439 3064 2536 3126 cui

624 3162 860 3223 titulum
903 3159 1071 3222 dedit
1118 3162 1211 3220 De
1248 3161 1308 3220 A
1298 3161 1626 3238 pollinan‘o
1663 3169 1722 3220 et
1756 3162 1877 3221 eius
1914 3163 2143 3222 haeresi
2151 3159 2250 3243 ”)].

340 3287 500 3345 Ante
555 3283 796 3363 triginta
853 3283 1015 3344 enim
1071 3283 1190 3343 iam
1232 3303 1428 3344 annos
1472 3286 1572 3343 De
1612 3286 2024 3345 Incamatione
2068 3287 2324 3346 Domini
2361 3286 2636 3348 codicem
2666 3301 2743 3341 20

212 3381 677 3459 conscripsimus
706 3400 896 3458 usque
921 3382 1003 3442 ad
1030 3380 1375 3458 quindecim
1403 3379 1591 3440 millia
1617 3400 1896 3442 uersuum
1934 3383 2391 3461 pertingentem,
2421 3382 2484 3444 in
2514 3404 2636 3463 quo

211 3478 343 3539 Arii
371 3491 430 3541 et
460 3479 740 3541 Eunomii
770 3481 847 3541 de
876 3481 992 3540 hac
1022 3499 1087 3540 re
1115 3480 1336 3540 delicta
1362 3497 1604 3540 necnon
1635 3479 1814 3541 etiarn
1843 3480 2196 3559 Apollinarii
2222 3502 2444 3542 uanam
2471 3502 2637 3560 prae·

212 3576 620 3653 sumptionem
665 3597 775 3654 per
819 3588 1012 3639 totum
1058 3575 1207 3637 illud
1251 3595 1407 3653 opus
1452 3577 1966 3654 examinauimus;
2007 3590 2073 3639 ut
2111 3578 2275 3652 nihil,
2321 3579 2473 3640 sicut
2500 3600 2637 3642 mea

211 3675 325 3736 fert
379 3675 606 3753 opinio,
663 3674 1042 3753 praeterirem
1100 3695 1174 3736 ex
1221 3673 1312 3735 his
1358 3694 1513 3752 quae
1563 3689 1623 3737 et
1668 3679 1746 3738 ad
1807 3677 2143 3739 firmitatem
2200 3677 2636 3754 ecclesiasticae

212 3769 605 3831 orthodoxiae
650 3772 1016 3849 pertinerent
1061 3783 1121 3833 et
1161 3772 1241 3832 ad
1281 3772 1767 3834 conuincendam
1810 3793 2017 3834 eorum
2052 3773 2439 3852 impietatem.
2527 3776 2634 3837 sed
2664 3783 2736 3846 25

212 3864 277 3924 hi
315 3865 418 3941 qui
457 3868 660 3928 omnia
694 3869 972 3930 facillime
1010 3879 1414 3948 praesumunt,
1452 3882 1511 3930 et
1549 3883 1856 3948 praeterea
1889 3892 2119 3932 rursum
2157 3872 2234 3932 ab
2263 3872 2635 3950 Apollinario

213 3961 317 4039 qui
367 3962 645 4041 princeps
690 3965 865 4026 huius
907 3966 1166 4028 haeresis
1210 3968 1400 4026 fuerat
1448 3966 1725 4043 instituti,
1761 3970 2042 4030 omnibus
2077 3969 2322 4046 quidem
2368 3968 2637 4032 similiter

212 4061 610 4123 sentientibus
655 4082 808 4139 opus
856 4075 1125 4124 nostrum
1160 4063 1543 4124 manifestum
1572 4067 1843 4127 fecerunt
1871 4065 1922 4126 si
1950 4086 2072 4144 quo
2100 4066 2288 4128 modo
2316 4067 2517 4145 aliqua
2541 4066 2631 4129 in-

210 4157 488 4219 uenit-ent
520 4158 782 4219 ualentia
822 4159 899 4219 ad
940 4159 1422 4221 conuincendum
1452 4180 1525 4221 ea
1561 4182 1719 4240 quae
1756 4163 1817 4222 in
1862 4182 1937 4224 eo
1980 4175 2119 4224 sunt
2162 4162 2397 4242 scripta.
2483 4185 2632 4243 quo-

210 4254 374 4316 niam
406 4274 549 4316 uero
576 4257 777 4317 nullus
806 4268 1016 4318 contra
1042 4268 1345 4319 certamen
1367 4257 1602 4336 scriptis
1631 4260 1932 4338 suscipere
1960 4262 2396 4338 praesumebat,
2419 4260 2633 4326 imitati
2659 4276 2740 4335 30

211 4364 356 4416 sunt
397 4353 665 4417 infirmos
698 4355 953 4417 athletas
984 4367 1044 4416 et
1089 4352 1359 4430 callidoS,
1387 4356 1491 4434 qui
1519 4358 1665 4418 dum
1695 4379 1819 4420 non
1848 4372 2097 4437 possent
2125 4371 2336 4423 contra
2361 4361 2714 4449 fortioresgaec,

802 4486 831 4514 ¹*
872 4485 1011 4537 Heb.
1035 4487 1087 4537 ii.
1116 4485 1150 4538 6
1170 4505 1237 4554 sq.
1667 4487 1702 4542 †
1738 4490 1874 4541 Heb.
1903 4489 1958 4539 ii.
1980 4506 2028 4557 9.

385 4599 439 4653 S.
500 4599 578 4652 11.
2374 4603 2451 4652 21
