3221 5116
281 396 333 460 Ι.
371 400 583 484 2—5.]
863 414 946 464 1N
994 415 1099 465 ΕΡ.
1147 414 1249 464 AD
1295 412 2046 464 THESSALONICENSES
2093 414 2137 463 1.
2668 416 2701 477 3

397 583 669 663 gratias
693 582 957 666 agimus
983 584 1122 648 Deo
1149 596 1393 667 semper
1403 594 1530 665 pro
1556 582 1852 647 omnibus
1881 581 2072 659 uobis,
2100 581 2479 645 memoriam
2508 581 2713 645 uestri

258 686 585 768 facientes
629 686 700 750 in
740 688 1140 752 orationibus
1184 687 1424 751 nostris
1463 686 1604 749 sine
1650 684 2133 760 intermissione,
2165 705 2469 749 memores
2506 683 2711 767 operis

257 788 436 871 fidei
461 799 711 853 uestrae
745 800 809 854 et
843 790 1087 854 laboris
1120 800 1184 854 et
1212 788 1516 853 caritatis
1552 799 1615 851 et
1644 788 2003 870 patientiae
2039 787 2174 870 spei
2208 785 2464 851 domini
2503 785 2715 850 nostri

182 899 191 906 '
278 888 428 953 Iesu
462 888 716 955 Christi
738 913 952 955 coram
981 892 1119 955 Deo
1147 902 1210 955 et
1220 902 1416 975 patre
1444 901 1678 953 nostro.

413 1023 516 1082 ‘et
534 1017 803 1101 gratias
836 1018 1097 1102 (inquit)
1133 1018 1394 1102 agimus
1408 1031 1535 1102 pro
1576 1019 1769 1095 nobis,
1801 1028 1868 1083 et
1898 1019 2041 1082 sine
2072 1017 2557 1083 intermissione
2589 1040 2710 1101 pro
2785 1035 2815 1101 5

282 1119 476 1182 uobis
535 1139 843 1198 oramus;
913 1142 1239 1185 memores
1292 1122 1471 1185 enim
1533 1140 1762 1184 sumus
1813 1119 1924 1182 illa
1974 1141 2144 1202 quae
2197 1139 2318 1202 pro
2366 1117 2499 1182 fide
2550 1120 2710 1181 estis

281 1225 556 1307 operati,
590 1232 658 1288 et
688 1224 982 1288 laborem
1016 1225 1200 1288 illum
1226 1245 1424 1307 quem
1457 1244 1577 1307 pro
1607 1226 1882 1288 caritate
1915 1221 2161 1287 Christi
2192 1222 2611 1296 sustinuistiS,
2642 1230 2710 1285 et

283 1328 707 1391 tolerantiam
767 1348 968 1411 quam
1031 1329 1097 1391 in
1148 1328 1686 1392 tribulationibus
1740 1328 1898 1410 ipsis
1947 1326 2258 1409 operibus
2306 1328 2708 1402 ostendistis

282 1440 556 1513 propter
595 1431 707 1493 illa
742 1452 912 1514 quae
945 1442 1291 1513 sperantur
1320 1431 1513 1494 uobis
1543 1431 1778 1494 adesse
1811 1451 1930 1513 pro
1963 1430 2077 1493 illa
2110 1449 2309 1512 quam
2343 1431 2409 1493 in
2444 1431 2709 1495 Christo

281 1528 545 1595 habetis
578 1530 743 1596 fide.’
833 1533 1003 1596 bene
1033 1543 1257 1597 autem
1291 1534 1535 1596 adiecit
1571 1554 1786 1596 coram
1815 1531 1954 1595 Deo
1982 1541 2046 1595 et
2061 1541 2256 1615 patre
2284 1542 2497 1595 nostro
2514 1553 2539 1609 ;
2583 1529 2709 1612 †ut
2746 1556 2823 1603 10

281 1630 466 1694 dicat
494 1633 808 1715 quoniam
843 1634 1120 1716 ‘placite
1154 1635 1302 1697 Deo
1341 1635 1468 1699 ista
1509 1633 1725 1698 facitis
1749 1654 1764 1710 ;
1785 1633 1799 1659 '
1834 1634 1928 1698 ita
1959 1643 2032 1698 ut
2065 1633 2370 1697 uideatur
2401 1631 2566 1696 fides
2597 1633 2710 1696 illa

282 1756 457 1818 quae
487 1758 644 1819 erga
678 1738 1014 1802 Christum
1047 1748 1149 1801 est
1179 1747 1245 1802 et
1277 1738 1552 1802 affectus
1584 1736 1695 1801 ille
1727 1736 2091 1801 secundum
2129 1735 2257 1799 Dei
2295 1735 2433 1798 fieri
2477 1736 2712 1799 uolun-

284 1839 558 1904 tatem*
648 1850 716 1905 et
746 1841 992 1904 docens
1024 1861 1139 1904 eos
1170 1842 1484 1924 quoniam
1518 1841 1689 1905 iuste
1720 1843 1946 1904 omnia
1977 1861 2097 1923 pro
2130 1840 2261 1903 fide
2291 1841 2619 1906 sustinent
2647 1867 2660 1906 :
2759 1859 2768 1867 ’

413 1965 672 2030 scientes
683 1968 947 2049 fratres
974 1967 1191 2031 dilecti
1216 1989 1259 2031 a
1286 1967 1426 2032 Deo
1452 1967 1805 2031 electionem
1843 1977 2144 2042 uestram,
2173 1965 2478 2050 quoniam
2516 1987 2712 2030 euan-

270 2071 526 2154 gelium
569 2082 861 2136 nostrum
901 2093 1025 2136 non
1052 2070 1210 2153 fuit
1245 2070 1341 2134 aa'
1372 2092 1487 2134 uos
1517 2070 1587 2134 in
1619 2071 1808 2134 uerbo
1836 2080 2110 2147 tantum,
2140 2070 2258 2132 sed
2282 2069 2351 2133 in
2381 2069 2626 2134 uirtute
2651 2081 2716 2134 et
2749 2079 2817 2146 15

290 2173 553 2255 Spiritu
580 2184 796 2238 sancto
823 2185 886 2237 et
915 2174 985 2238 in
1013 2173 1456 2256 satisfactione
1485 2173 1711 2236 multa.

422 2353 526 2419 ἵνα
569 2355 720 2441 εἴπῃ
765 2352 869 2420 ὅτι
904 2361 920 2388 ‘
940 2353 1324 2441 ἀρέσκοντες
1361 2356 1455 2442 τῷ
1497 2354 1624 2440 θεῷ
1654 2357 1865 2418 ταῦτα
1894 2354 2177 2418 ποιεῖτε·’
2226 2350 2398 2417 ὥστε
2430 2353 2711 2434 φανῆναι

289 2455 442 2523 θεοῦ
486 2455 832 2544 ἀρέσκειαν
877 2457 997 2540 τὴν
1048 2457 1162 2524 ἐπὶ
1213 2457 1326 2523 τὸν
1368 2457 1663 2542 Χριστὸν
1712 2456 1938 2521 πίστιν
1987 2455 2097 2521 καὶ
2148 2455 2268 2536 τὴν
2320 2453 2474 2542 περὶ
2515 2450 2713 2519 αὐτὸν

289 2557 598 2627 διάθεσιν.

397 2740 416 2774 1
457 2731 670 2773 uestram
692 2724 760 2772 H
998 2738 1030 2789 9
1064 2733 1264 2789 sperant
1289 2739 1321 2770 r
1575 2738 1592 2771 1
1608 2737 1627 2770 1
1666 2722 1853 2786 placita
1873 2721 1900 2769 l
1921 2720 1930 2786 Ι
1959 2721 2151 2772 faciatis
2174 2738 2206 2768 r

292 2820 406 2866 204,
435 2805 467 2856 f.
498 2805 586 2856 162
606 2806 641 2855 b
664 2806 771 2869 [Cr.
800 2806 867 2855 vi.
898 2807 1016 2870 345]
1047 2807 1332 2870 ἔμπροσθεν,
1361 2807 1511 2855 «mh.
1536 2806 1610 2853 lm
1637 2807 1762 2867 εἴπῃ,
1794 2808 1945 2854 κ.τ.λ.

2459 2733 2513 2783 ¹7
2551 2722 2703 2773 Coisl.

288 3034 335 3068 e.
351 3032 403 3081 g.
426 3016 501 3066 ad
514 3017 684 3080 Epict.
710 3016 847 3067 init.:
871 3015 1453 3080 Ἐπισήτῳᾋθανάσιος
1551 3014 1615 3064 cf.
1643 3015 1803 3078 infra,
1825 3029 1869 3064 c.
1894 3014 1947 3064 ii.
1979 3015 2116 3079 ¹9(?)»
2143 3013 2215 3064 iii.
2238 3028 2286 3079 9,
2322 3030 2397 3079 13.

287 3099 341 3147 ἐν
400 3097 543 3158 κυρίῳ
596 3098 799 3160 χαίρειν.
892 3097 1046 3148 Thdt.
1102 3106 1298 3163 repeats
1351 3097 1452 3146 this
1615 3096 1666 3147 6.
1733 3114 1964 3148 memores
2057 3098 2171 3160 illa]
2207 3097 2409 3147 R'dnseh
2444 3097 2617 3158 (Itala,
2657 3114 2709 3162 p.

287 3179 487 3230 remark
522 3178 669 3228 when
701 3181 1043 3246 commenting
1071 3196 1137 3229 on
1163 3194 1190 3228 α
1214 3179 1389 3230 Thess.
1415 3180 1450 3229 i.
1551 3178 1800 3241 413)cites
1816 3178 2026 3228 1Thess.
2042 3178 2494 3242 ii.9(Am..Fu1d.)
2510 3180 2560 3229 in
2577 3179 2709 3229 illus-

293 3285 359 3321 αι
392 3272 451 3320 τὸ
485 3271 537 3319 δὲ
568 3272 622 3320 ἐν
660 3262 789 3345 θεῷ
830 3260 1007 3347 πατρί
1047 3274 1196 3322 ἔοικεν
1233 3269 1305 3334 τῷ
1341 3271 1451 3334 παρ’

291 3364 428 3425 ἡμῶν
463 3365 514 3412 ἐν
546 3366 653 3413 ταῖς
684 3364 964 3415 ἐπιστολαῖς
1003 3365 1324 3427 γραφομένῳ·
1370 3364 1451 3412 καὶ

289 3442 392 3508 γὰρ
423 3442 557 3505 ἡμεῖς
588 3444 822 3503 εἰώθαμεν
856 3445 1101 3507 γράφειν.
1133 3445 1184 3494 ‘6
1217 3445 1348 3495 actm
1379 3440 1452 3506 τῷ

292 3524 411 3573 δεῖνι
453 3524 507 3571 ἐν
551 3523 695 3586 κυρίῳ
735 3520 964 3583 χαίρεν.’
1035 3522 1213 3586 Chrys.
1253 3537 1321 3571 on
1362 3520 1449 3571 the

292 3602 438 3653 other
474 3601 611 3650 hand
653 3610 892 3651 connects
936 3603 992 3651 ἐν
1031 3603 1076 3651 θ.
1118 3619 1171 3651 π.
1218 3601 1342 3652 with
1386 3600 1455 3664 τῇ

293 3683 528 3743 ἐκκλησία
549 3682 700 3730 Oeae.

360 3760 505 3812 Th-'s
537 3768 640 3812 text
672 3776 834 3811 seems
866 3769 918 3811 to
955 3762 1083 3812 have
1115 3761 1326 3812 omitted
1350 3760 1450 3811 ἀπὸ

295 3845 422 3900 θεοῦ,
446 3845 592 3893 xer-‚L
623 3842 751 3892 after
781 3839 968 3904 εἰρήνης
1002 3844 1102 3893 and
1135 3859 1193 3894 so
1226 3844 1451 3908 possibly

294 3928 379 3978 the
402 3933 505 3977 text
527 3927 649 3976 used
671 3927 739 3990 by
757 3926 931 3990 Chrys.
949 3928 1049 3977 and
1063 3927 1236 3986 Thdt„
1256 3927 1452 3977 neither

294 4009 352 4060 of
362 4010 527 4059 whom
540 4016 815 4059 comments
828 4024 894 4058 on
912 4009 997 4058 the
1014 4008 1193 4066 words,
1208 4008 1450 4073 although

294 4092 414 4156 they
444 4107 529 4141 are
560 4091 878 4157 represented
911 4092 965 4141 in
998 4091 1126 4142 their
1158 4092 1314 4143 MSS.
1349 4094 1450 4143 and

296 4172 524 4223 editions,
593 4173 707 4222 The
730 4173 795 4223 Ο.
813 4172 869 4221 L.
890 4188 1016 4237 gave
1036 4173 1122 4223 the
1142 4173 1288 4224 fuller
1304 4174 1450 4232 form,

298 4255 398 4305 and
434 4256 475 4305 it
506 4256 550 4306 is
577 4247 800 4306 retained
824 4255 876 4306 in
907 4271 1047 4306 some
1079 4254 1139 4305 of
1165 4255 1250 4306 the
1282 4262 1452 4320 purest

300 4335 455 4387 MSS.
482 4335 541 4385 os
555 4337 641 4387 the
664 4337 816 4403 Vulg.

364 4431 412 4480 3.
462 4417 755 4481 patzentiae]
810 4419 881 4470 So
904 4417 1079 4480 0.L.;
1113 4418 1450 4483 ang.,susti·

300 4496 505 4548 nentiae.
548 4498 1081 4563 δοναηιεέμπροσθεν,
1106 4498 1278 4564 Vulg.,
1304 4506 1423 4549 ante
1431 4519 1451 4558 ‚-

1550 3260 1735 3309 tration
1753 3259 1811 3309 of
1824 3259 1922 3309 this
1939 3260 2264 3324 irregularity.
2323 3259 2432 3310 Our
2448 3260 2711 3310 translator

1551 3341 1691 3391 there
1713 3341 1901 3406 prefers
1924 3341 2009 3391 the
2029 3341 2264 3406 genitive.

1623 3437 1698 3472 xo.
1758 3422 1873 3471 bene
1884 3430 2048 3472 autem
2062 3422 2252 3483 adiecit,
2281 3421 2398 3485 &c.]
2433 3423 2605 3486 Chrys.
2625 3424 2708 3484 (cf.

1549 3503 1768 3567 Thpht.)
1790 3503 1937 3553 offers
1959 3505 2045 3553 the
2067 3504 2360 3555 alternative
2394 3505 2452 3554 of
2478 3513 2708 3555 eonnect-

1548 3585 1638 3650 ing
1658 3587 1944 3647 ἔμπροσθεν,
1965 3588 2115 3635 xer-A.
2134 3586 2294 3636 either
2308 3586 2429 3634 with
2450 3584 2706 3645 μνημονεὺ-

1549 3683 1685 3717 οντες
1716 3682 1774 3715 οι·
1805 3666 1928 3716 with
1963 3668 2052 3714 τοῦ
2088 3667 2248 3728 ἔργον.
2317 3666 2472 3716 Thdt.
2512 3664 2708 3716 follows

1548 3747 1645 3798 Th.
1675 3747 1728 3797 in
1758 3748 2021 3812 accepting
2048 3748 2131 3798 the
2164 3748 2310 3798 latter
2340 3757 2701 3811 arrangement,

1547 3831 1639 3881 but
1662 3831 1829 3880 differs
1850 3830 1977 3879 from
2001 3830 2106 3879 him
2139 3829 2342 3892 slightly
2363 3829 2416 3878 in
2448 3828 2527 3878 his
2560 3831 2708 3880 inter-

1528 3914 1830 3984 ·pretation3
1863 3914 2078 3972 ἐπόπτης
2101 3914 2152 3962 δὲ
2174 3914 2353 3961 τούτων
2374 3913 2708 3976 (φησὶνμστὶν

1548 3992 1575 4044 ὁ
1620 3996 1716 4044 τῶν
1757 3993 1884 4044 ὅλων
1927 3995 2046 4044 θεός.
2113 3993 2258 4044 Th.’s
2302 3995 2622 4060 explanation
2665 3995 2709 4044 is

1546 4078 1774 4127 ascribed
1829 4084 1883 4126 to
1939 4076 2234 4127 Severianus
2279 4077 2613 4143 (apparently)
2658 4078 2711 4127 iu

1553 4159 1800 4209 Cramer's
1823 4167 2015 4207 catena.

1616 4246 1676 4288 ut
1709 4238 2092 4301 dicat...sacitis]
2147 4239 2297 4289 Cited
2329 4240 2398 4304 by
2434 4240 2708 4300 Lansranm

1551 4336 1635 4370 see
1657 4336 1736 4370 vv.
1765 4320 1818 4370 ll.

1621 4414 1695 4463 15.
1767 4401 1840 4449 ad
1868 4402 1974 4463 uos]
1994 4423 2038 4444 =
2056 4403 2172 4464 πρὸς
2194 4398 2310 4461 ὑμᾶς
2340 4399 2415 4466 (Ρ),
2444 4419 2500 4452 as
2532 4402 2705 4467 chrys.

1551 4484 1620 4533 In
1653 4483 1913 4533 uerbo=in
1934 4484 2083 4546 λόγῳ.
2131 4483 2302 4547 Vulg„
2325 4484 2380 4533 in
2402 4500 2621 4534 sermone
2638 4501 2714 4534 —a

2378 4620 2539 4664 1—-2
