3221 5116
353 403 403 469 1·.
444 419 539 480 12,
578 402 697 488 13.]
1218 414 1302 466 m
1351 414 1457 466 ΕΡ.
1501 415 1606 466 AD
1651 413 1913 465 TITUM.

353 592 475 657 sed
503 612 594 656 ex
623 588 953 673 gentibus„
1041 588 1296 653 dictum
1328 597 1431 652 est
1461 596 1686 652 autem
1719 608 1760 651 a
1783 585 1987 671 poeta
2019 587 2444 658 Cretensibus
2477 607 2556 651 eo
2586 588 2767 670 quod

354 696 676 778 derogare
729 690 860 755 illis
919 688 1151 772 uoluit,
1212 711 1291 754 ea
1351 691 1606 755 ratione
1667 710 1868 773 quam
1918 691 2406 774 promittebant
2457 710 2531 754 se
2583 688 2769 753 Iouis

354 819 552 881 posse
581 794 1004 879 sepulchrum
1052 795 1119 858 in
1155 797 1291 858 suis
1325 804 1711 871 monstrare,
1746 815 1879 858 non
1916 793 2189 859 homine
2218 794 2555 860 existente
2606 792 2773 858 Ioue

354 904 456 986 (ut
478 911 682 986 poeta
703 899 1145 985 opinabatur),
1167 902 1283 965 sed
1316 901 1462 965 deo,
1522 896 1686 981 †illi
1720 919 1876 963 uero
1907 899 2019 983 qui
2057 907 2288 964 contra
2321 898 2770 966 Christianum

353 1007 603 1090 dogma
654 1005 1306 1087 contrascripserunt,
1363 1003 1492 1068 hoc
1551 1003 1620 1067 in
1680 1004 1828 1067 loco
1876 1004 2194 1069 dixerunt
2245 1005 2447 1068 etiam
2497 1003 2769 1068 beatum

358 1110 638 1175 Paulum
693 1111 1035 1193 recepisse,
1081 1129 1163 1173 eo
1211 1110 1390 1192 quod
1443 1109 1616 1173 iusta
1670 1109 1924 1173 ratione
1970 1107 2137 1173 haec
2179 1118 2384 1192 poeta
2430 1128 2552 1190 pro
2607 1107 2774 1170 Ioue

357 1213 676 1278 aduersus
741 1212 1092 1278 Cretenses
1152 1214 1442 1290 dixerit3
1516 1234 1651 1278 non
1727 1214 2147 1278 intendentes
2220 1233 2435 1296 neque
2494 1210 2769 1276 modum

359 1316 710 1399 apostolici
742 1316 925 1395 dicti,
958 1336 1173 1398 neque
1205 1315 1367 1379 illud
1400 1317 1579 1399 quod
1610 1316 1899 1380 dixerit:
1945 1315 2378 1380 testimonium
2406 1315 2522 1379 hoc
2545 1334 2772 1378 uerum

357 1429 466 1484 est.
556 1438 689 1481 non
737 1420 916 1482 enim
966 1439 1210 1502 poema
1268 1438 1489 1500 neque
1537 1427 1780 1501 poetae
1828 1439 2062 1483 uocem
2114 1420 2364 1501 recipit,
2415 1419 2532 1482 sed
2582 1420 2771 1502 quasi

361 1523 711 1607 prouerbio
764 1523 1058 1606 quodam
1118 1532 1360 1606 poetae
1419 1542 1585 1585 uoce
1645 1523 1913 1604 abusus,
1974 1543 2056 1587 eo
2115 1523 2297 1605 quod
2372 1522 2540 1586 forte
2611 1531 2771 1585 tunc

489 1686 552 1754 οἱ
608 1685 779 1753 κατὰ
842 1688 976 1753 τῶν
1039 1690 1507 1776 χριστιανικῶν
1564 1685 2001 1771 συντάξαντες
2076 1684 2421 1769 δογμάτων
2490 1683 2773 1751 ἐνταῦθα

361 1788 621 1877 ἔφασαν
666 1789 781 1857 καὶ
825 1787 941 1856 τὸν
987 1789 1307 1876 μακάριον
1355 1789 1636 1856 Παῦλον
1686 1787 2138 1879 ἀποδέχεσθαι
2181 1786 2300 1871 τὴν
2338 1792 2457 1856 τοῦ
2498 1791 2776 1869 ποιητοῦ

359 1893 586 1979 φωνὴν
642 1891 756 1959 καὶ
812 1893 1269 1980 ἐπιμαρτυρεῖν
1327 1890 1521 1980 αὐτῷ,
1575 1891 1662 1963 ὥς
1719 1892 1805 1959 ἂν
1862 1890 2129 1963 δικαίως
2185 1896 2399 1958 ταῦτα
2446 1889 2612 1978 ὑπὲρ
2659 1894 2776 1956 τοῦ

361 1994 518 2067 Διὸς
562 1995 716 2084 περὶ
774 1997 1056 2083 Κρητῶν
1103 1994 1408 2084 εἰρηκότι,
1457 1993 1532 2061 οὐ
1592 1994 2136 2084 προσεσχηκότες
2187 1993 2339 2061 οὔτε
2396 1997 2491 2082 τῷ
2548 1994 2774 2082 τρόπῳ

359 2101 477 2178 τῆς
547 2102 665 2164 τοῦ
720 2096 1104 2165 ἀποστόλου
1159 2098 1483 2187 χρήσεως,
1543 2097 1698 2165 οὔτε
1755 2100 1849 2186 τῷ
1922 2100 1960 2163 ἦ
2023 2097 2316 2185 Μαρτγρίο.
2378 2098 2531 2173 afra
2608 2094 2770 2163 &criu

358 2198 617 2268 Α’λΗΘι-ἰο·
690 2200 767 2268 οὕ
829 2200 962 2288 ’γαρ
1021 2200 1097 2268 τὸ
1153 2202 1410 2284 ποίημα
1466 2201 1617 2268 οὐδὲ
1673 2200 1794 2284 τὴν
1850 2205 1966 2268 τοῦ
2025 2204 2300 2285 ποιητοῦ
2373 2200 2779 2291 ἀποδέχεται

363 2305 600 2391 φωνήν,
629 2302 786 2371 ἀλλ’
827 2303 913 2376 ὥς
949 2305 1273 2397 παροιμία
1312 2307 1395 2391 τῇ
1434 2309 1550 2372 τοῦ
1581 2310 1859 2387 ποιητοῦ
1893 2310 2078 2393 φωνῇ
2114 2307 2546 2397 χρησάμενος,
2575 2306 2780 2397 τυχὸν

461 2482 490 2516 2
524 2482 626 2532 qua
651 2467 695 2516 C
715 2467 865 2528 (corr)
1136 2479 1166 2529 3
1198 2467 1478 2517 ministrare
1500 2468 1566 2518 H
1584 2467 1593 2532 Ι
1623 2468 1882 2518 hominum
1903 2468 2148 2519 existante
2171 2469 2347 2519 Iouem
2375 2469 2524 2518 c‘H
2575 2468 2781 2519 homine

362 2548 608 2599 existante
631 2548 756 2599 Ioue
781 2548 827 2599 C
841 2545 989 2613 (corr)
1122 2562 1153 2611 5
1186 2548 1489 2615 scripserunt
1515 2549 1561 2600 C
1690 2564 1717 2613 7
1754 2549 2029 2602 Cretensen
2046 2550 2124 2601 C’
2193 2549 2484 2603 Cretensem
2503 2551 2573 2601 H
2589 2549 2598 2615 Ι
2628 2549 2783 2600 modo

362 2630 418 2680 in
440 2631 553 2695 (sor
573 2629 800 2694 modum)
823 2631 891 2680 H
1014 2644 1076 2679 ιο
1095 2645 1272 2680 uocem
1300 2629 1346 2679 C
1362 2631 1431 2680 H
1443 2646 1476 2680 r
1609 2647 1627 2680 ι
1643 2646 1663 2679 1
1699 2645 1776 2696 sq.
1806 2630 1962 2681 Coisl.
1983 2648 2096 2693 204,
2125 2631 2159 2681 f.
2177 2646 2269 2696 ²27
2292 2647 2324 2680 a
2347 2632 2455 2694 [Cr.
2479 2631 2564 2681 vii.
2589 2645 2669 2696 91,
2694 2630 2780 2680 Fr.

368 2714 483 2775 157]
516 2710 760 2775 θεόδωρος.
785 2711 864 2760 καὶ
888 2710 1113 2773 θεόδωρος
1144 2712 1196 2761 δὲ
1226 2708 1398 2771 ὁμοίως
1419 2714 1571 2772 φησὶν
1588 2712 1679 2775 [sc.
1707 2713 1975 2776 σευηριανῷ
1995 2713 2065 2778 (v.
2090 2713 2176 2763 Cr.
2201 2715 2234 2763 l.
2259 2714 2365 2777 c.)]·
2391 2717 2435 2763 οί
2457 2716 2598 2775 κατά,
2628 2718 2779 2765 κ.τ.λ.

370 2806 428 2858 15
461 2793 538 2842 ὅτι
560 2791 658 2854 (for
679 2789 808 2855 οὔτε)
832 2792 947 2842 cod.
1150 2804 1208 2854 17
1242 2791 1421 2856 χρῆσιν
1444 2793 1542 2856 (for
1563 2795 1752 2855 φωνήν)
1789 2794 1873 2845 Fr.
1901 2801 1957 2857 φ.
1980 2810 2083 2845 om.
2111 2795 2225 2855 Cr.;
2261 2803 2369 2856 txt.,
2396 2794 2509 2844 cod.

2642 415 2776 478 243*

368 2936 619 2988 Scholiast
642 2944 695 2987 to
710 2935 899 2987 Lucian
915 2935 1135 3000 (Fabric.
1152 2949 1191 2987 1.
1212 2954 1240 3002 3
1244 2936 1293 3003 3)
1310 2955 1524 3002 χρῃσμο-

365 3020 530 3081 λόγος,
551 3021 620 3084 by
643 3021 873 3072 Socrates
895 3022 981 3072 the
1002 3021 1243 3071 historian
1270 3020 1518 3082 τελεστῆς,

367 3105 469 3154 and
490 3104 559 3166 by
582 3104 729 3154 Plato
752 3103 984 3166 (Ellicott
1008 3104 1082 3152 ad
1095 3104 1147 3152 Ιι.
1162 3104 1224 3164 Ι.)
1247 3105 1369 3153 θεῖος
1390 3102 1520 3167 ἀνήρ,

437 3203 486 3252 3.
541 3203 642 3237 non
676 3186 877 3236 homine
905 3187 1150 3246 extis-lente,
1188 3185 1304 3248 δια]
1370 3186 1525 3237 Calli·

371 3271 579 3320 machus
611 3270 795 3332 [Clem.
823 3270 971 3320 Alex.
1006 3271 1108 3320 coh.
1143 3270 1216 3319 ad
1246 3271 1337 3320 Gr.
1362 3270 1415 3320 ii.
1441 3271 1528 3334 37]

368 3358 450 3416 ap.
474 3351 683 3415 Chrys-t
717 3352 797 3400 καὶ
818 3347 919 3413 γὰρ
940 3348 1111 3411 τάφον,
1152 3345 1195 3399 ὦ
1222 3348 1328 3411 ἄνα,
1358 3352 1463 3399 σεΐο
1489 3350 1498 3415 Ι

370 3433 558 3496 Κρῆτες
600 3429 934 3492 ἑτεκτήναντο·
983 3432 1045 3481 σὺ
1070 3429 1113 3480 δ’
1148 3429 1202 3482 οὐ
1237 3429 1389 3493 θάνες,
1419 3432 1529 3481 ἐσσὶ

367 3515 463 3580 γὰρ
484 3515 593 3565 αἰεί.

434 3618 483 3662 4.
542 3598 627 3648 illi
656 3613 773 3647 uero
809 3597 916 3662 qui,
958 3596 1076 3658 &c.]
1144 3600 1175 3624 “
1195 3595 1246 3647 It
1277 3595 1370 3645 has
1401 3596 1528 3645 been

370 3678 604 3743 objected
625 3678 735 3729 that
758 3677 811 3728 S.
843 3678 965 3727 Paul
988 3678 1228 3728 endorses
1248 3692 1280 3726 a
1310 3676 1531 3726 heathen

373 3759 533 3824 poet’s
554 3759 712 3811 belief
737 3760 791 3810 in
813 3760 899 3810 the
922 3759 1062 3823 deity
1084 3760 1144 3809 of
1166 3759 1327 3820 Zeus;
1361 3758 1451 3809 but
1474 3758 1528 3808 in

370 3839 470 3888 fact
513 3840 579 3890 he
622 3839 797 3889 makes
839 3838 1047 3889 himself
1093 3837 1403 3904 responsible
1453 3837 1531 3887 for

372 3920 587 3984 nothing
607 3935 745 3970 more
768 3920 890 3970 than
912 3920 999 3971 the
1020 3920 1204 3985 charge
1236 3918 1296 3969 of
1320 3933 1530 3968 unvera·

371 3999 475 4065 city
495 3999 660 4050 which
683 4001 770 4050 the
791 4009 911 4064 poet
932 4002 1039 4066 lays
1060 4002 1256 4065 against
1288 4000 1374 4050 the
1409 4000 1528 4049 Cre·

371 4080 523 4133 tans-⁹
590 4079 669 4131 Cf.
707 4081 912 4146 Chrys..
951 4083 1084 4132 εἴπεν
1118 4083 1145 4132 ὁ
1167 4080 1422 4145 προφήτης
1453 4081 1530 4130 ὅτι

375 4163 631 4226 ψεύδονται
673 4164 719 4212 ol
756 4161 943 4226 Κρῆτες
979 4164 1024 4212 01
1062 4165 1146 4213 τὸν
1184 4164 1277 4212 Δία
1312 4161 1530 4212 εἰπόντες

372 4244 787 4304 τετελευτηκέναι.
875 4245 1171 4309 ἐβεβαίωσεν
1214 4246 1305 4305 τὴν
1353 4262 1530 4308 μαρτυ-

372 4329 481 4391 ρίαν
502 4323 647 4375 αὐτοῦ
679 4325 708 4375 ὀ
737 4322 1023 4376 ἀπόστολος.
1128 4322 1418 4375 &monera
1446 4323 1530 4374 τὸν

369 4406 644 4458 ἀπόστολον
665 4405 902 4460 ἀθάνατος
921 4408 948 4457 ὁ
971 4406 1250 4459 Ζεύς...πῶς
1271 4410 1403 4458 ἐστὶν
1425 4409 1530 4457 τοῦ·

373 4507 433 4538 το
452 4486 813 4549 ἐπιλύσασθαι;
846 4486 903 4539 οὗ
928 4490 1071 4539 τοῦτο
1101 4490 1233 4539 εἶπεν
1264 4489 1293 4539 ὀ
1321 4484 1529 4538 ἀπόστο-

1624 2944 1725 3000 λος,
1747 2939 1878 2990 ἀλλοί
1903 2937 2069 2990 ἀπλῶς
2098 2937 2244 2990 οὕτως
2274 2941 2451 3002 ἔλαβεν
2482 2936 2571 2999 τὴν
2604 2956 2783 3002 μαρτυ-

1624 3025 1734 3088 ρίαν
1772 3027 1852 3074 καὶ
1891 3020 2088 3086 ἀφελῶς
2124 3021 2242 3086 πρὸς
2278 3020 2336 3071 ra
2380 3021 2492 3084 ἦθος
2530 3019 2689 3071 αὐτῶν
2726 3019 2784 3071 τὰ

1626 3107 1940 3169 ἐψευσμένον.
1998 3105 2143 3157 Hier.
2162 3106 2235 3155 ad
2248 3104 2310 3155 Ι..·
2333 3109 2558 3171 “putant
2578 3103 2785 3170 quidam

1627 3188 1912 3253 apostolum
1934 3187 2402 3254 reprehendendum
2427 3185 2568 3251 qnod
2598 3186 2784 3251 impru-

1628 3270 1803 3319 denter
1836 3271 2004 3335 lapsus
2025 3270 2105 3330 sit,
2133 3278 2183 3320 et
2216 3270 2338 3319 dum
2370 3269 2522 3321 falsos
2554 3272 2787 3322 doctores

1629 3350 1806 3416 arguit,
1856 3350 1997 3400 illum
2042 3349 2343 3400 uersiculum
2381 3351 2779 3417 comprobarit...

1629 3434 1811 3498 quibus
1846 3432 2063 3483 breuiter
2101 3432 2504 3498 respondendum
2543 3441 2786 3484 est...non

1631 3523 1792 3565 totum
1836 3532 1963 3581 opus
1996 3514 2295 3566 Callimachi
2328 3514 2434 3564 siue
2473 3515 2789 3581 Epimenidis

1636 3614 1785 3664 ...per
1812 3615 1964 3649 unum
1997 3597 2298 3648 uersiculum
2329 3597 2661 3657 confirmauit,
2698 3598 2788 3648 sed

1633 3678 1896 3729 Cretenses
1935 3685 2132 3729 tantum
2168 3676 2435 3727 mendaces
2466 3676 2593 3727 uitio
2623 3677 2789 3741 gentis

1630 3756 1958 3825 increpauit.’'

1698 3854 1745 3904 5.
1799 3837 2297 3904 contrascn‘psemnt]
2327 3840 2424 3889 See
2449 3837 2787 3897 Hildebrand,

1629 3922 1923 3986 Apul.11.p.
1937 3932 2049 3986 597.
2083 3919 2165 3970 Cs.
2177 3920 2514 3969 contrasistere
2528 3919 2586 3979 (1.
2600 3935 2653 3985 p.
2674 3921 2781 3980 108,

1630 4003 1667 4052 1.
1697 4016 1772 4065 15,
1800 4001 1932 4062 δια),
1960 4000 2060 4050 and
2083 4000 2169 4049 the
2189 4001 2503 4065 compounds
2533 4000 2593 4051 of
2616 4009 2788 4051 contra

1629 4079 1765 4130 cited
1780 4080 1847 4144 by
1857 4079 2097 4133 Paucker,
2107 4079 2425 4129 meletdexist.
2439 4078 2550 4136 alt„
2564 4079 2619 4129 ii.
2636 4096 2689 4144 p.
2711 4096 2787 4143 ¹4·

1695 4173 1742 4225 9.
1837 4175 1940 4210 non
1981 4159 2114 4209 enim
2143 4167 2334 4225 poema,
2380 4158 2496 4222 δια]
2558 4159 2785 4223 Jerome:

1633 4246 1665 4270 “
1681 4257 1781 4291 non
1805 4246 1966 4291 totum
1989 4256 2192 4291 carmen
2214 4241 2279 4292 de
2311 4257 2412 4307 quo
2446 4241 2788 4293 testimonium

1632 4323 1858 4384 sumitur,
1885 4337 1987 4372 non
2007 4323 2294 4374 uniuersum
2317 4339 2459 4389 opus,
2482 4324 2571 4373 sed
2593 4330 2791 4374 tantum

1633 4405 1731 4455 hoc
1753 4404 2110 4465 testimonium,
2138 4405 2221 4456 hic
2241 4406 2513 4456 uersiculus
2533 4421 2636 4470 quo
2657 4419 2790 4454 men·

1633 4487 1766 4537 daces
1788 4485 2080 4537 uocantur.”

2410 4584 2614 4645 16—2

2793 1535 2885 1584 ,ῘΟ
