3221 5116
274 369 354 435 V.
390 376 692 464 20—22.]
992 390 1073 440 m
1125 389 1231 441 ΕΡ.
1276 388 1379 439 An
1425 388 1892 441 τιΜοτι-ιΕυΜ
1943 390 1988 440 1.
2581 390 2602 437 ι
2617 387 2690 454 71

389 571 716 643 peccantes
742 573 958 626 autem
988 581 1203 625 coram
1232 561 1529 627 omnibus
1556 570 1947 644 arguantur,
1979 571 2054 625 ut
2090 570 2153 625 et
2178 561 2368 626 ceteri
2408 562 2702 629 timorem

274 664 567 731 habeant.

408 791 731 852 ‘examen
782 789 1032 872 negotii
1076 788 1163 853 de
1198 789 1328 852 illis
1372 809 1526 853 cum
1574 789 1761 852 omni
1807 787 2319 872 scrupulositate
2351 788 2509 853 uolo
2540 786 2700 866 fieri,

274 903 345 956 et
375 912 509 955 non
542 893 849 958 absolute
891 895 1213 958 aduersus
1255 915 1371 957 eos
1412 895 1666 958 crimen
1709 893 2103 976 adpinctum
2137 895 2359 976 recipi.
2452 894 2509 957 si
2542 914 2702 958 uero

277 996 479 1080 aliqui
511 1019 669 1062 uera
700 1000 956 1063 ratione
1001 999 1359 1083 deliquisse
1401 999 1648 1063 fuerint
1686 1000 1953 1075 detecti,
1984 1008 2215 1082 aperte
2261 1001 2701 1081 increpentur,
2779 1002 2810 1068 5

277 1111 352 1166 ut
389 1111 457 1165 et
501 1104 700 1167 ceteri
747 1124 976 1168 eorum
1023 1105 1342 1188 exemplo
1388 1104 1614 1187 pudici
1669 1104 2076 1169 efficiantur!
2170 1105 2425 1187 optime
2474 1112 2700 1167 autem

278 1216 348 1270 et
400 1207 487 1271 ad
538 1205 822 1271 aliorum
864 1208 1342 1273 correctionem
1386 1208 1645 1284 edixit;
1692 1227 1813 1270 nec
1846 1208 2025 1271 enim
2068 1216 2210 1272 erat
2257 1204 2702 1271 necessarium

280 1322 356 1375 ut
385 1311 514 1375 hoc
544 1313 640 1375 ita
671 1311 878 1384 fieret,
911 1312 1036 1374 nisi
1069 1311 1160 1375 ob
1192 1311 1476 1374 aliorum
1504 1311 1570 1373 id
1597 1309 1787 1374 fieret
1817 1312 2381 1375 emendationem.
2457 1309 2703 1374 deinde

278 1415 592 1480 omnibus
624 1414 752 1478 illis
786 1414 1013 1478 dicens
1046 1413 1426 1479 terribiliter
1455 1413 1704 1477 adiecit
1734 1433 1749 1478 ε

412 1578 713 1663 testificor
757 1579 826 1642 in
867 1588 1185 1661 conspectu
1230 1577 1366 1641 Dei
1395 1588 1458 1641 et
1494 1576 1753 1641 domini
1786 1577 1934 1641 Iesu
1979 1574 2235 1643 Christi
2270 1587 2335 1640 et
2370 1577 2702 1640 electorum
2739 1591 2818 1640 10

279 1683 672 1766 angelorum,
722 1694 799 1747 ut
846 1683 998 1748 llaec
1044 1684 1368 1748 custodias
1410 1681 1549 1747 sine
1604 1682 1737 1746 ullo
1768 1681 2185 1764 praeiudicio,
2233 1680 2414 1745 nilzil
2441 1679 2705 1762 faciens

279 1787 624 1852 secundum
654 1789 1154 1853 declinationem.

412 1916 700 1981 scilicet:
734 1922 750 1949 ⁸
774 1926 848 1980 ut
889 1937 1024 1980 non
1057 1914 1250 1981 facile
1280 1914 1853 1998 contemplatione
1885 1912 2020 1978 odii
2053 1914 2375 1978 aduersus
2407 1914 2702 1997 aliquem

285 2021 690 2103 pronunties,
723 2022 1107 2105 priusquam
1155 2040 1313 2086 uera
1355 2022 1613 2085 ratione
1655 2020 2175 2101 conuincantur3
2219 2041 2437 2104 neque
2478 2041 2516 2083 e
2545 2040 2704 2083 con-

280 2126 482 2189 trario
512 2124 1082 2208 contemplatione
1112 2125 1555 2188 amicitiarum
1587 2124 1964 2207 aliquorum
2009 2124 2272 2189 occulta
2303 2133 2580 2207 peccata
2599 2123 2703 2172 ⁹—
2740 2138 2810 2206 15

281 2227 409 2291 hoc
439 2238 664 2293 autem
697 2227 858 2292 dicit
888 2227 1065 2293 nilzil
1083 2228 1346 2311 faciens
1369 2238 1495 2311 per
1529 2226 2032 2292 declinationem.
2125 2248 2281 2293 nam
2314 2227 2701 2292 huiusmodi

283 2331 685 2396 contestatio
716 2332 783 2395 in
816 2330 1061 2395 talibus
1111 2332 1397 2414 negotiis
1428 2331 1800 2395 admodum
1844 2341 1947 2395 est
1979 2331 2366 2397 necessaria.
2459 2331 2704 2397 deinde

285 2434 656 2500 aduertitur
685 2436 770 2500 ad
804 2458 978 2515 eum,
1008 2437 1177 2501 dans
1212 2438 1270 2500 ei
1304 2437 1656 2501 consilium
1688 2459 1703 2503 ε

415 2613 652 2656 manus
677 2593 799 2657 cito
829 2592 1079 2657 nemini
1106 2593 1474 2677 inposueris.

422 2722 734 2786 ‘omnino
782 2741 915 2786 non
970 2720 1168 2786 facile
1222 2723 1309 2787 ad
1360 2721 1855 2786 ordinationem
1908 2742 2323 2805 quemquam
2374 2725 2706 2806 producas
2738 2752 2823 2799 20

388 2902 407 2936 ι
446 2886 609 2952 inquit
632 2886 746 2952 (sor
764 2888 952 2948 autem)
982 2887 1028 2937 C
1044 2905 1058 2936 ε
1091 2902 1170 2936 om
1202 2886 1267 2952 νΙ
1299 2903 1498 2951 arguet·
1695 2905 1725 2950 4
1760 2888 1824 2936 ad
1849 2894 2092 2952 punctum
2119 2888 2164 2936 C
2185 2885 2332 2951 (corr)
2356 2904 2390 2936 r
2408 2888 2490 2951 [cst
2508 2897 2568 2953 p.
2599 2904 2707 2953 145,

282 2971 320 3020 l.
352 2985 425 3032 15,
453 2985 536 3019 vv.
559 2969 615 3019 Il.
639 2971 752 3018 and
767 2968 897 3032 note]
1115 2968 1146 3020 6
1179 2968 1455 3020 efficientur
1480 2970 1526 3020 C
1533 2967 1562 2994 ⁵
1588 2970 1652 3019 H
1672 2967 1681 3032 Ι
1712 2968 1931 3034 optimae
1951 2969 2020 3018 H
2243 2981 2270 3032 7
2305 2970 2370 3019 ad
2391 2986 2470 3020 om
2492 2988 2525 3020 r
2550 2969 2561 3035 Ι
2587 2971 2712 3023 haec

282 3052 410 3103 dixit
434 3051 551 3116 (sor
568 3050 746 3112 edixit)
775 3052 818 3101 C
840 3048 983 3115 (corr)
1050 3067 1160 3102 esse
1181 3051 1308 3102 dixit
1331 3069 1364 3101 r
1522 3052 1554 3101 8
1588 3050 2074 3101 ab...emendatione
2102 3051 2148 3101 C
2155 3048 2183 3074 ⁴
2207 3051 2278 3100 H
2289 3052 2294 3059 “
2343 3052 2710 3104 ob...emenda·

281 3131 420 3183 tione
464 3132 509 3181 C
542 3132 690 3192 (corr)
730 3129 796 3193 r!
825 3131 877 3181 id
910 3147 987 3181 om
1025 3147 1058 3180 r
1296 3147 1327 3198 9
1359 3130 1511 3181 adicit
1544 3132 1588 3180 C
1607 3148 1642 3181 r
1886 3147 1939 3183 11
1977 3133 2083 3182 ullo
2114 3149 2193 3183 om
2227 3131 2293 3197 νΙ
2323 3134 2615 3200 praeiudicii
2654 3137 2722 3186 H

287 3233 348 3277 ¹4
381 3214 708 3264 conuincatur
744 3211 809 3274 rl
839 3229 868 3264 e
906 3221 1064 3264 contr.
1090 3229 1122 3263 r
1351 3228 1370 3263 r
1379 3228 1407 3278 5
1441 3212 1717 3263 amicorum
1739 3230 1772 3262 r
1797 3211 1806 3276 Ι
1835 3215 2031 3264 occulte
2058 3213 2139 3264 C*
2196 3216 2418 3266 occultes
2446 3217 2491 3266 C
2508 3216 2659 3279 (corr)
2684 3235 2717 3267 r

290 3300 350 3349 18
381 3299 592 3349 uestitur
612 3316 645 3348 r
668 3297 678 3363 Ι
706 3299 876 3349 dando
900 3315 932 3347 r
954 3297 963 3363 Ι
993 3298 1040 3348 ei
1060 3314 1139 3348 om
1163 3298 1230 3348 H
1245 3295 1256 3363 Ι
1285 3304 1333 3348 et
1355 3297 1426 3348 ait
1450 3297 1547 3361 (qft
1567 3297 1729 3357 cons.)
1753 3296 1856 3346 add
1879 3312 1912 3345 r
2243 3314 2309 3349 ἰο
2340 3302 2566 3350 omnium
2602 3297 2716 3366 (for

286 3380 513 3446 omnino)
554 3382 599 3432 C
618 3381 685 3431 H

356 3519 400 3557 ι.
459 3513 706 3572 peccantes
758 3504 951 3568 autem]
1040 3504 1112 3555 So
1168 3503 1443 3561 Ambrstr„
1542 3499 1657 3551 The
1710 3501 1940 3553 addition
1983 3502 2044 3552 of
2093 3505 2211 3565 ullo,
2262 3506 2363 3555 and
2410 3505 2497 3556 the
2547 3507 2709 3557 literal

292 3589 510 3639 Claram,
589 3586 768 3652 Chrys.
817 3586 922 3637 and
969 3585 1127 3636 Thdt.
1180 3584 1307 3635 omit
1356 3585 1443 3635 the
1544 3583 1815 3648 rendering
1849 3600 1936 3635 sec.
1975 3585 2346 3637 declinationem
2382 3584 2530 3649 (κατὰ
2560 3590 2707 3648 πρόσ-

284 3668 626 3733 conjunctioni,
651 3667 752 3717 and
776 3683 834 3717 so
854 3666 978 3717 does
1011 3666 1097 3717 the
1120 3665 1270 3731 Vulg.
1342 3666 1441 3715 Ar·
1542 3667 1704 3714 κλισυ
1728 3685 1774 3708 =
1787 3672 1885 3730 per
1906 3666 2047 3723 decl„
2085 3668 2246 3732 infra,
2269 3669 2305 3718 l.
2336 3669 2430 3731 15),
2453 3685 2539 3720 are
2560 3685 2709 3735 pecu·

276 3755 512 3816 gravatur
545 3748 624 3799 sor
667 3750 870 3813 “argue
885 3746 916 3769 ''
949 3748 992 3798 is
1025 3749 1240 3814 perhaps
1273 3763 1339 3797 an
1365 3746 1440 3797 in·
1544 3745 1639 3795 liar
1671 3754 1726 3797 to
1760 3763 1852 3797 our
1883 3750 2181 3811 translator;
2223 3750 2398 3802 Sedul.
2441 3751 2579 3803 Scot.
2619 3751 2711 3802 has

283 3833 430 3882 curia
452 3846 520 3882 on
541 3831 629 3882 the
652 3837 764 3896 part
777 3829 838 3879 of
855 3829 939 3879 the
963 3829 1243 3879 translator.
1553 3830 1584 3854 ‘⁴
1605 3827 1659 3877 in
1681 3829 2072 3881 declinatione.’'

350 3926 402 3979 9.
456 3911 746 3961 terribiliter
763 3909 958 3971 αᾰίιτιῖ]
994 3909 1201 3973 Chrys.:
1240 3905 1448 3971 φρικτῶς
1621 3921 1695 3971 ¹5.
1766 3916 1890 3959 cont.
1932 3910 2294 3974 amt‘citiarum]
2335 3914 2372 3939 ‘⁸
2387 3912 2489 3962 For
2526 3912 2709 3964 stiend·

286 3995 628 4057 παραγγέλλει
671 3993 861 4042 λοιπόν.
951 3992 1136 4042 Thdt.:
1203 3993 1312 4041 etro.
1366 3993 1448 4042 καὶ
1547 3992 1706 4058 ship's
1727 3990 1903 4043 sake.”
1971 3993 2050 4044 cf.
2073 3985 2301 4058 'Chi-ys.:
2336 3994 2415 4043 ba
2449 4011 2509 4044 ce
2546 3997 2710 4056 μηδεὶς

285 4078 435 4127 αὐτὸν
457 4076 723 4125 δεδίττεται
744 4071 808 4135 τῦ
831 4071 1024 4137 φοβερᾷ
1042 4075 1294 4135 μαρτυρίᾳ.
1555 4074 2030 4137 ...προοικειώσηταω
2105 4076 2406 4126 contestatio
2439 4079 2484 4129 is
2512 4094 2545 4128 a
2569 4081 2710 4131 word

356 4171 433 4207 ιο.
498 4156 557 4204 in
578 4153 846 4219 conspectu]
882 4154 953 4205 So
986 4153 1222 4218 Ziegler's
1238 4152 1446 4219 fragm-3
1549 4154 1814 4205 horrowed
1833 4155 1961 4206 from
1984 4156 2070 4207 the
2086 4156 2290 4221 jurists;
2326 4173 2409 4208 see
2431 4160 2562 4210 lexx.

286 4239 441 4303 Vulg.
465 4234 741 4289 “coramss’
807 4236 1026 4285 Domini
1042 4235 1135 4286 has
1151 4251 1220 4285 no
1237 4241 1448 4301 support
1616 4254 1697 4289 το.
1763 4238 1971 4288 omnino
2001 4254 2104 4287 non
2131 4239 2305 4304 facile.
2344 4241 2460 4304 δια]
2525 4242 2710 4294 Thdt.:

284 4326 338 4372 ln
371 4321 459 4372 the
492 4318 645 4370 Latin
678 4317 918 4375 versions,
961 4315 1060 4366 and
1090 4315 1337 4382 probably
1372 4331 1444 4365 re·
1546 4321 1788 4386 ἐξετάζων
1823 4321 1923 4384 γὰρ
1954 4315 2189 4384 πρότερον
2218 4324 2317 4386 χρὴ
2359 4321 2447 4374 τοῦ
2499 4342 2712 4389 χειροτο-

281 4410 509 4470 presents
529 4400 618 4451 the
638 4398 848 4464 reading
869 4397 928 4448 of
951 4396 1094 4448 Th-’s
1115 4406 1252 4458 text3
1285 4398 1445 4461 κυρίου
1547 4403 1774 4462 νουμένου
1795 4404 1879 4451 τὸν
1902 4402 2029 4466 βίον.

281 4487 325 4537 is
348 4484 498 4550 given
522 4484 588 4550 by
612 4481 809 4546 Chrys,
848 4479 1041 4546 though
1074 4488 1164 4535 not
1196 4481 1265 4546 by
1288 4480 1445 4531 Thdt.
