3221 5116
309 403 437 467 111.
469 400 554 486 7.]
1010 414 1091 463 m
1143 413 1246 468 ΕΡ.
1291 414 1393 462 AD
1439 412 1902 464 ΤΙΜΟΤΗΕυΜ
1955 413 1997 463 1.

2604 413 2718 480 115

300 589 481 653 uitae
526 608 685 652 suae
730 596 798 651 et
851 585 1376 651 conuersationis
1439 586 1849 651 documenta
1895 585 2447 661 demonstrarent,
2501 584 2598 648 ita
2649 594 2723 649 ut

301 693 686 777 opinionem
719 711 907 755 suam
943 690 1008 754 in
1043 690 1279 754 melius
1316 689 1701 754 inlustrasse
1740 690 1921 772 apud
1965 687 2114 751 illos
2144 689 2255 772 qui
2290 698 2483 752 extra
2516 689 2725 753 eccle-

301 798 468 861 siam
508 806 665 861 sunt
706 797 1080 861 uideantur.
1171 794 1425 880 quare?
1473 815 1554 858 eo
1600 794 1783 878 quod
1823 792 1978 857 licet
2020 793 2141 858 tibi
2195 792 2377 856 fideli
2427 803 2726 857 contem-

300 901 597 983 platione
645 899 800 964 fidei
840 900 948 964 uel
995 900 1421 983 baptismatis
1458 898 1768 963 uideatur
1803 919 1948 962 esse
1984 898 2240 980 dignuS,
2277 907 2501 962 tamen
2535 919 2725 980 prae·

299 1003 544 1067 cedens
595 1005 738 1068 uita
788 1005 1027 1068 adimit
1076 1007 1135 1069 ei
1186 1005 1501 1068 fiduciam
1552 1003 1733 1087 apud
1790 1025 1903 1067 eos
1957 1003 2069 1089 qui
2126 1012 2322 1068 extra
2374 1003 2722 1068 ecclesiam

302 1116 475 1183 sunt,
539 1107 634 1171 ita
686 1117 762 1172 ut
816 1129 950 1172 non
1013 1109 1218 1172 modo
1276 1108 1507 1174 iuuare
1552 1109 1766 1191 possit
1807 1118 2095 1184 exterOS,
2154 1108 2272 1171 sed
2334 1109 2726 1191 exprobrari

302 1208 392 1272 ob
415 1210 594 1273 uitae
624 1231 783 1274 suae
816 1211 1332 1294 turpitudinem.⁹
1379 1231 1536 1275 nam
1570 1210 1752 1293 quod
1784 1210 1990 1274 dixit:
2021 1219 2097 1274 ut
2124 1232 2201 1276 ne
2231 1212 2300 1275 in
2324 1212 2728 1294 obprobrium

302 1312 565 1392 incidat,
597 1316 800 1380 adicit
845 1325 913 1379 et
959 1318 1225 1380 tertiam
1276 1337 1545 1381 causam
1588 1315 1858 1381 dicens:
1900 1327 1965 1380 et
2007 1318 2076 1381 in
2125 1319 2423 1400 laqueum
2467 1319 2727 1384 diaboli.

301 1415 468 1481 haec
499 1439 698 1483 causa
728 1440 887 1502 prae
927 1421 1161 1483 ceteris
1191 1419 1325 1483 alia
1369 1429 1487 1498 est,
1530 1418 1715 1484 nulla
1753 1440 1842 1483 ex
1883 1429 2071 1502 parte
2111 1421 2431 1484 infirmior
2466 1422 2727 1487 illorum

302 1541 476 1603 quae
507 1530 663 1585 ante
693 1523 872 1586 dicta
902 1531 1072 1599 sunt,
1099 1542 1178 1586 eo
1209 1523 1389 1607 quod
1423 1543 1556 1586 non
1588 1530 1691 1586 est
1713 1533 1983 1586 cautum
2014 1523 2132 1587 tali
2163 1523 2416 1588 homini
2448 1524 2727 1590 aliorum

302 1626 719 1689 committere
768 1625 1180 1709 diligentiam
1223 1635 1292 1690 et
1339 1635 1599 1690 tantam
1647 1627 1705 1690 ei
1753 1636 2024 1709 repente
2073 1630 2389 1710 praebere
2435 1639 2731 1712 potesta-

304 1737 458 1793 tem.
549 1730 800 1812 quare?
859 1732 1016 1814 quia
1056 1730 1275 1820 adhuc
1314 1733 1496 1796 uitae
1540 1741 1606 1796 et
1647 1753 1906 1797 morum
1949 1755 2217 1798 suorum
2261 1737 2546 1799 necdum
2580 1757 2733 1801 cau-

304 1840 450 1897 tum
503 1836 809 1917 praebuit
859 1838 1354 1914 documentum,
1402 1846 1471 1901 et
1516 1838 1841 1901 incertum
1888 1848 1991 1902 est
2035 1847 2256 1902 utrum
2303 1838 2467 1903 nihil
2515 1839 2732 1904 simile

305 1937 624 2018 pristinae
662 1938 962 2021 perficiat
1001 1940 1195 2017 uitae,
1229 1939 1500 2005 diabolo
1547 1941 1790 2006 multas
1828 1941 2146 2005 aduersus
2188 1962 2340 2005 eum
2385 1941 2751 2007 machinas

307 2042 687 2108 inueniente
717 2053 792 2108 ut
823 2043 1061 2108 iterum
1094 2065 1246 2109 eum
1279 2045 1344 2108 in
1377 2045 1669 2128 antiquis
1692 2046 2085 2127 praecipitet
2108 2044 2405 2124 delictis;
2439 2066 2519 2109 eo
2544 2047 2725 2129 quod

313 2165 524 2228 nuper
562 2147 782 2210 adhuc
823 2168 864 2211 a
893 2148 1330 2212 deterioribus
1371 2149 1718 2212 recessisse
1757 2148 2037 2222 uidetur,
2070 2157 2138 2212 et
2170 2167 2304 2211 non
2335 2156 2563 2230 potest
2601 2150 2726 2214 sub

303 2247 576 2313 alterius
607 2270 764 2315 cura
795 2272 929 2315 non
959 2252 1300 2333 pertinens
1331 2252 1397 2313 in
1419 2249 1657 2315 melius
1680 2252 1934 2333 corrigi,
1968 2271 2048 2314 eo
2079 2249 2259 2334 quod
2292 2252 2434 2335 ipse
2466 2253 2732 2318 uidetur

305 2351 584 2417 aliorum
617 2355 841 2436 potius
872 2355 1389 2420 sollicitudinem
1421 2355 1668 2421 habere
1698 2357 2142 2421 commissam.
2221 2358 2316 2420 sic
2347 2379 2467 2440 per
2502 2359 2732 2423 omnia

303 2455 599 2520 ostendit
630 2455 817 2520 illum
849 2459 960 2540 qui
994 2460 1060 2521 in
1093 2459 1549 2542 episcopatum
1598 2459 1985 2541 producitur
2025 2460 2440 2541 probabilem
2486 2461 2731 2525 debere

307 2580 452 2624 esse
498 2571 567 2625 et
612 2563 968 2627 uirtutibus
1014 2562 1143 2628 illis
1188 2584 1362 2647 quae
1406 2564 1776 2628 secundum
1823 2565 2142 2647 pietatem
2179 2574 2337 2629 sunt
2378 2576 2731 2646 ornatum;

308 2684 431 2728 nec
475 2665 651 2729 enim
699 2667 787 2731 ob
833 2666 1044 2730 solam
1083 2666 1287 2731 fidem
1334 2677 1450 2732 aut
1492 2668 1808 2750 baptismi
1855 2669 2141 2751 gratiam
2173 2669 2452 2751 dignum
2484 2668 2730 2735 habere

307 2789 462 2834 eum
511 2771 878 2835 existimari
929 2772 1118 2836 istius
1165 2793 1311 2837 esse
1364 2774 1510 2852 loci,
1562 2774 1687 2837 nisi
1737 2784 1807 2836 et
1855 2774 2036 2837 uitae
2087 2782 2157 2836 et
2202 2774 2730 2837 conuersationis

307 2894 470 2939 suae
509 2874 712 2938 fultus
755 2875 953 2940 fuerit
996 2878 1398 2941 testimonio.
1489 2885 1626 2941 tres
1678 2897 1914 2941 causas
1962 2877 2366 2939 necessarias
2416 2877 2731 2958 exposuit

308 2978 485 3062 quod
519 2981 612 3045 ita
644 2983 1000 3045 conueniat
1030 2981 1463 3044 fieri—unam
1497 2980 1769 3063 quidem
1812 3001 1893 3044 eo
1923 2979 2103 3063 quod
2142 2978 2337 3043 facile
2367 2979 2732 3043 extollatur

310 3087 397 3151 ab
429 3087 541 3151 illa
572 3095 907 3169 potestate
936 3108 1070 3171 qua
1099 3089 1337 3151 docere
1368 3094 1626 3166 ceteros
1656 3085 2007 3163 statuitur3
2050 3082 2328 3147 alteram
2360 3104 2519 3147 uero
2550 3082 2728 3166 quod

310 3199 618 3273 oporteat
649 3210 801 3253 eum
834 3190 1085 3254 bonum
1118 3190 1574 3253 testimonium
1616 3185 1862 3251 habere
1906 3187 1993 3251 ab
2026 3186 2153 3249 illis
2188 3185 2304 3268 qui
2346 3183 2502 3249 soris
2532 3194 2687 3249 sunt
2714 3207 2730 3264 ;

388 3344 436 3399 ,4
474 3325 573 3377 fide
602 3326 727 3376 CH
741 3343 773 3375 r
811 3324 821 3391 Ι
846 3327 1148 3391 baptismate
1170 3342 1204 3376 r

308 3416 384 3458 est
417 3407 507 3458 tali
529 3425 563 3458 r
720 3420 777 3471 15
800 3416 852 3459 et
875 3409 973 3474 (ast
993 3411 1068 3470 ut)
1084 3408 1191 3458 add
1207 3424 1241 3458 r

1401 3339 1461 3375 10
1492 3341 1523 3375 a
1544 3340 1626 3374 me
1652 3323 1769 3388 (for
1788 3326 1924 3386 ante)
1949 3320 2041 3388 Hl
2070 3338 2134 3373 eo
2150 3322 2286 3388 quod
2309 3329 2383 3372 est
2405 3329 2606 3372 cautum
2630 3337 2732 3371 non

1400 3420 1453 3472 17
1487 3407 1680 3471 corrige
1699 3408 1742 3455 C
1754 3404 1781 3431 ⁴*
1806 3406 2053 3471 corrigere
2075 3405 2142 3454 H
2285 3419 2345 3455 22
2381 3404 2662 3454 existimare
2676 3403 2745 3453 H

375 3552 421 3600 3.
492 3538 885 3604 contemplataebne
898 3539 1052 3604 fidei]
1094 3539 1219 3588 Fide
1249 3539 1351 3600 (see
1384 3554 1467 3588 vv.

308 3621 389 3682 ll.)
413 3636 530 3685 may
549 3620 772 3686 possibly
794 3622 859 3671 be
888 3622 975 3671 the
1004 3621 1201 3671 archaic
1229 3621 1467 3687 genitive.

308 3700 483 3751 Rab.'s
519 3702 797 3751 correction
844 3701 1006 3752 shews
1055 3702 1161 3751 that
1207 3702 1269 3751 he
1316 3700 1469 3750 sailed

306 3792 362 3833 to
407 3784 663 3848 recognize
708 3783 791 3834 the
845 3783 1026 3847 phrase
1069 3784 1471 3847 contemplatione

313 3866 532 3914 alicuius
556 3866 643 3913 rei.

1567 3551 1734 3593 causa,
1781 3535 1834 3586 id
1874 3543 1963 3595 est,
2002 3551 2067 3586 ne
2103 3535 2157 3585 in
2194 3534 2402 3600 antiqua
2439 3533 2731 3599 praecipitet

1568 3619 1771 3675 delicta,
1817 3634 1879 3669 eo
1915 3618 2052 3684 quod
2091 3633 2253 3683 nuper
2293 3616 2360 3666 ab
2404 3616 2734 3666 exterioribus

1569 3698 1675 3765 (sic)
1709 3701 1965 3750 recessisse
1999 3697 2252 3749 uidetur.'’
2318 3698 2461 3747 With
2483 3695 2629 3746 Th.’s
2658 3697 2734 3746 in·

1570 3784 1894 3849 terpretation
1917 3784 1976 3833 of
1990 3783 2070 3831 ἵνα
2089 3780 2414 3842 μὴ...δμπέσῃ
2423 3780 2529 3842 [εἰς]
2544 3779 2733 3842 παγίδα

1567 3869 1657 3916 τοῦ
1688 3868 1918 3930 §.apameo
1949 3864 2012 3915 cs.
2051 3865 2129 3914 his
2154 3879 2338 3914 comm.
2369 3879 2436 3912 on
2468 3876 2495 3911 a
2520 3863 2656 3912 Tim.
2679 3864 2732 3911 ii.

373 3944 423 3998 6.
512 3962 614 3996 non
678 3947 815 3996 modo
865 3946 1049 3996 iuuare
1096 3944 1341 4010 possit1=
1366 3960 1469 3995 non
1571 3947 1669 4009 263
1703 3950 1804 3999 and
1827 3949 1981 3998 Thdt.
2004 3947 2078 3996 ad
2094 3947 2146 3996 Ιι.
2177 3948 2243 3995 l.:
2278 3947 2345 3996 εἰς
2374 3946 2465 4005 τὴν
2495 3945 2735 4008 προτέραν

308 4027 464 4076 modo
486 4041 605 4084 non,
629 4026 719 4076 &c.
745 4026 989 4090 (Madvig,
1018 4027 1047 4086 9
1068 4023 1182 4088 461,
1206 4025 1270 4085 b).

380 4123 427 4174 7.
492 4116 554 4158 ut
574 4108 655 4171 ne]
701 4108 778 4159 Cs.
806 4117 977 4174 supra,
1002 4124 1053 4174 p.
1086 4122 1190 4172 114,
1216 4108 1250 4157 l.
1276 4107 1336 4168 63
1369 4106 1470 4157 and

309 4207 361 4257 p.
393 4206 498 4251 111,
526 4190 562 4240 1.
596 4205 670 4251 12,
709 4199 846 4241 note.
918 4192 995 4241 Et
1021 4192 1085 4241 in
1113 4191 1349 4255 laqueum
1381 4190 1466 4250 (cf.

309 4290 360 4340 p.
393 4274 549 4336 114,1.
569 4271 617 4338 6)
637 4275 679 4324 is
700 4276 785 4325 the
808 4275 1014 4339 reading
1036 4274 1094 4324 of
1109 4274 1195 4325 the
1219 4275 1473 4325 Clement-

310 4358 394 4407 ine
418 4357 650 4422 Vulgate.

378 4454 427 4504 9.
492 4440 609 4490 hacc
629 4440 1069 4507 causa...ur‘dets(r]
1115 4441 1241 4491 This
1263 4456 1473 4508 passage

310 4521 353 4570 is
388 4520 501 4571 thus
543 4523 869 4574 summarized
903 4525 973 4589 by
1013 4522 1288 4575 Lanrrane=
1335 4523 1475 4573 “alia

1571 4030 1648 4080 ὅτι
1667 4029 1881 4091 τάχιστα
1904 4028 2281 4091 παλινδρομῆσει
2303 4027 2624 4089 παρανομίαν,
2648 4026 2735 4075 τοῦ

1573 4111 1804 4177 διαβόλου
1825 4109 1983 4160 πάντα
2005 4110 2123 4173 πρὸς
2143 4112 2286 4159 τοῦτο
2305 4108 2668 4170 μηχανωμένου.

1637 4194 1895 4260 infirmior
1925 4192 2153 4257 illm-um]
2220 4192 2299 4243 Cs.
2341 4204 2378 4242 1.
2413 4208 2465 4258 p.
2500 4208 2580 4255 π,
2615 4192 2649 4242 l.
2679 4207 2727 4253 α,

1573 4285 1710 4329 note.

1646 4376 1721 4410 12.
1786 4354 2473 4422 adhuc...necdum]=adbuc
2514 4371 2631 4415 non,
2675 4371 2736 4403 or

1573 4443 1760 4508 simply
1802 4442 2044 4500 necdum,·
2097 4449 2259 4506 nuper
2308 4441 2471 4490 adhuc
2515 4440 2572 4502 (1.
2635 4438 2731 4498 16),

1576 4528 1670 4574 “at
1693 4539 1723 4571 a
1746 4524 1846 4573 still
1872 4529 2037 4574 recent
2059 4519 2290 4587 period.”

2390 4621 2558 4681 8-2

2765 1539 2844 1588 10

2760 2583 2844 2630 20

2763 3097 2838 3166 25
