3221 5116
487 363 612 428 272
1153 362 1610 414 THEonosz
1660 360 2247 414 MOPSUESTENUS
2729 345 2902 432 [3‚4

483 537 723 603 intuitu
768 540 1037 622 pietatis
1080 541 1147 604 in
1187 540 1477 623 idipsum
1511 539 1964 617 conuenerint‚
1999 560 2079 602 eo
2110 538 2292 620 quod
2326 557 2556 602 uerum
2589 547 2689 601 est
2721 535 2904 619 quod

482 661 523 703 a
550 641 844 706 Domino
875 644 1127 707 dictum
1162 654 1293 709 est:
1324 643 1441 708 ubi
1455 645 1726 727 fuerint
1751 643 1877 706 duo
1905 652 2027 706 aut
2056 653 2187 706 tres
2215 643 2284 705 in
2317 641 2574 705 nomino
2601 661 2749 713 meo,
2773 639 2909 702 illic

479 763 626 806 sum
683 745 751 808 in
798 745 1003 808 medio
1048 768 1285 810 eorum.
1375 756 1443 811 et
1473 747 1630 830 quia
1679 756 1938 809 ceteros
1993 746 2058 808 in
2115 744 2529 827 praefatione
2578 743 2905 825 epistolae

480 847 760 911 credidit
793 847 919 911 illis
950 848 1429 932 adiungend03‚
1464 870 1597 912 non
1635 849 1972 912 modicum
2005 850 2066 910 ei
2098 849 2423 911 auxilium
2469 849 2554 911 ad
2589 867 2902 929 praesens

417 948 736 1033 sconsert
781 959 1286 1033 argumentum3
1329 952 1385 1014 si
1431 952 1609 1014 enim
1658 950 1813 1016 fidei
1858 951 2245 1014 communio
2291 960 2550 1014 tantam
2585 949 2900 1015 fiduciam

480 1052 845 1133 praebebat
875 1052 1005 1115 illis
1035 1062 1109 1116 ut
1150 1063 1218 1117 et
1248 1055 1807 1135 coniungerentur
1846 1053 1981 1115 suis
2019 1052 2327 1131 dominis,
2362 1053 2609 1116 iustum
2651 1061 2792 1115 erat
2835 1060 2906 1114 et

481 1155 875 1219 Onesimum
927 1156 1013 1218 de
1056 1167 1276 1219 cetero
1323 1156 1685 1219 affectuose
1733 1156 1978 1231 uidere,
2034 1154 2147 1236 qui
2198 1155 2523 1236 propositi
2569 1155 2671 1216 sui
2721 1174 2903 1216 corn-

481 1259 796 1323 munione
826 1258 1084 1322 hisdem
1118 1278 1189 1321 se
1221 1258 1689 1343 exequendam
1722 1255 2239 1320 sollicitudinem
2272 1265 2671 1339 susceperat.

598 1427 835 1510 gratia
863 1427 1042 1491 uobis
1069 1438 1133 1490 et
1143 1437 1286 1509 pax
1311 1447 1354 1489 a
1383 1426 1521 1489 Deo
1535 1436 1730 1508 patre
1759 1435 1972 1488 nostro
2000 1435 2062 1489 et
2089 1424 2347 1488 domino
2370 1424 2517 1488 Iesu
2548 1424 2818 1491 Christo.

377 1584 455 1632 10
610 1564 774 1628 haec
811 1566 1081 1648 quidem
1115 1573 1270 1628 sunt
1311 1585 1484 1647 quae
1529 1573 1597 1627 et
1628 1585 1718 1627 ex
1773 1565 2291 1645 praescriptione
2337 1565 2588 1627 discere
2620 1573 2899 1646 possunt

481 1668 548 1731 hi
580 1670 692 1750 qui
725 1689 876 1732 cum
924 1667 1371 1731 sollicitudine
1419 1668 1667 1748 scripta
1704 1666 2086 1730 discutiunt.
2177 1666 2526 1730 uideamus
2566 1677 2790 1729 autem
2830 1676 2898 1729 et
2987 1737 2993 1742 ,

482 1770 595 1834 illa
624 1791 797 1853 quae
837 1780 1218 1853 sequuntur.
1308 1770 1541 1850 incipit
1582 1779 1808 1832 autem
1855 1770 1922 1831 in
1970 1768 2153 1832 illam
2187 1769 2539 1852 epistolam
2573 1791 2775 1852 quam
2808 1770 2895 1833 ad

484 1873 940 1938 Philemonem
973 1875 1324 1957 scripserat
1355 1872 1482 1936 hoc
1515 1874 1756 1937 modo:

601 2026 868 2108 gratias
895 2046 1020 2110 ago
1046 2026 1186 2090 Deo
1208 2047 1364 2104 meo.

378 2181 449 2249 15
614 2181 654 2224 a
698 2161 1059 2244 gratiarum
1107 2161 1369 2224 actione
1415 2161 1646 2244 incipit
1698 2161 1997 2238 scribere,
2051 2182 2257 2245 agens
2306 2182 2427 2245 pro
2469 2161 2597 2225 illis
2648 2162 2896 2243 gratias

485 2267 654 2341 Deo,
707 2266 899 2329 sicuti
952 2276 1020 2328 et
1060 2265 1126 2329 in
1173 2264 1397 2329 multis
1438 2265 1737 2348 epistolis
1787 2265 1855 2327 id
1903 2266 2133 2329 fecisse
2178 2267 2458 2330 uidetur.
2549 2274 2623 2327 ut
2669 2273 2895 2327 autem

484 2389 617 2432 non
658 2368 993 2433 uideretur
1031 2387 1205 2432 nunc
1245 2367 1813 2450 contemplatione
1859 2366 2225 2434 litterarum
2266 2368 2514 2452 gratias
2550 2386 2746 2450 agere
2778 2385 2899 2447 pro

483 2492 582 2547 e0‚
615 2471 868 2554 optime
898 2471 1101 2535 adicit
1133 2495 1147 2534 ε

611 2654 855 2726 sempor
880 2643 1256 2706 memoriam
1289 2643 1392 2706 tui
1400 2643 1664 2725 faciens
1697 2642 1765 2705 in
1796 2641 2194 2706 orationibus
2225 2642 2395 2704 meis.

372 2810 457 2858 20
616 2787 871 2869 inquit:
916 2787 1019 2851 ‘in
1066 2787 1478 2852 orationibus
1525 2789 1689 2850 meis
1737 2807 1993 2850 memor
2036 2807 2184 2851 sum
2232 2787 2329 2851 tui
2376 2796 2443 2851 et
2487 2786 2736 2870 gratias
2777 2804 2899 2867 pro

583 2953 615 2999 8
647 2950 781 3000 idem
807 2947 922 3013 (sor
945 2944 1157 3010 hisdem)
1183 2964 1215 2997 r
1239 2944 1250 3009 Ι
1277 2947 1645 3013 exsequendum
1676 2947 1722 2996 C
1738 2962 1772 2995 r
1988 2960 2046 2995 ιο
2073 2962 2145 3010 sq.
2184 2947 2309 2996 haec
2344 2945 2710 3011 quidem...hoc
2748 2945 2901 2994 modo

483 3048 561 3082 om
584 3048 618 3081 r
832 3045 888 3093 15
924 3030 1014 3080 illo
1038 3029 1157 3094 (sor
1175 3030 1296 3089 illis)
1319 3045 1353 3092 tf
1546 3043 1609 3078 ἰο
1644 3029 1695 3078 in
1719 3044 1789 3078 or.
1820 3044 1888 3077 m.
1912 3027 2074 3092 inquit
2095 3044 2129 3074 r

484 3161 622 3210 Tert.
645 3161 704 3209 de
731 3160 840 3210 exh.
877 3166 992 3209 cast.
1027 3172 1078 3220 7:
1115 3162 1146 3185 ‘⁸
1162 3158 1249 3208 ubi
1281 3166 1398 3216 treS,
1434 3158 1642 3209 ecclesia
1743 3159 1860 3207 read
1900 3158 2083 3206 his-dem
2122 3173 2171 3205 se
2204 3157 2578 3221 exaequandum
2617 3157 2900 3207 sollicitudi—

483 3251 575 3300 est.
601 3242 715 3291 licet
738 3239 904 3290 laici.”
1743 3257 1806 3291 ne
1822 3240 1848 3290 ἲ
1917 3241 2014 3290 See
2036 3256 2116 3288 vv.
2134 3240 2185 3289 ll.

556 3338 596 3372 1.
675 3323 869 3371 intuitu
911 3321 1137 3385 pictatis]
1231 3320 1311 3371 Cf.
1353 3332 1414 3370 11.
1459 3337 1510 3385 p.
1561 3335 1636 3379 ιο,
1815 3319 1890 3371 16.
1945 3322 2098 3371 sic-uti
2137 3329 2184 3370 et
2225 3323 2282 3370 in
2327 3321 2500 3371 multis
2540 3321 2652 3386 ep.].
2730 3322 2808 3372 Cf.
2856 3334 2894 3372 1.

483 3403 518 3452 l.
553 3420 628 3465 14,
655 3410 791 3453 note.
838 3404 949 3452 The
972 3409 1115 3451 exact
1138 3401 1318 3466 phrase
1340 3402 1382 3450 is
1411 3401 1544 3450 cited
1574 3401 1643 3465 by
1743 3419 1831 3468 pp.
1862 3406 2031 3463 120‚·l.
2058 3424 2104 3466 4.
2141 3411 2277 3462 note,
2312 3419 2423 3463 τοι,
2458 3403 2491 3452 l.
2529 3417 2573 3467 7,
2615 3417 2728 3467 255.
2761 3404 2795 3455 l.
2835 3419 2897 3469 9:

484 3487 569 3536 the
590 3487 716 3536 lexx.
747 3486 873 3535 from
899 3484 1227 3535 Modestinus·

551 3586 595 3622 2.
679 3570 767 3618 ubi
785 3569 1007 3633 fieerint,
1042 3567 1154 3628 δια]
1222 3569 1276 3617 S.
1316 3568 1465 3616 Matt.
1500 3566 1638 3617 xviii.

485 3669 564 3713 πο,
593 3653 725 3702 cited
749 3652 1042 3716 apparently
1063 3650 1190 3699 from
1226 3665 1464 3713 memory,
1501 3649 1639 3699 since

483 3734 772 3794 συνηγμένοι
837 3735 899 3793 (“
913 3729 1165 3791 collecti,”
1233 3730 1267 3756 “
1282 3730 1569 3794 congregati
1586 3728 1636 3790 ”)

484 3816 616 3865 finds
636 3831 705 3863 no
726 3813 898 3878 place;
934 3829 1099 3876 comp.
1127 3828 1158 3861 a
1179 3810 1368 3860 similar
1399 3810 1638 3860 omission

482 3898 536 3948 in
572 3898 627 3948 S.
663 3898 843 3947 Ambr.
875 3897 932 3945 de
952 3902 1094 3959 myst.
1114 3908 1141 3957 5
1170 3892 1364 3959 (Migne
1387 3895 1448 3942 P.
1467 3893 1530 3942 L.
1560 3891 1636 3951 16,

483 3975 619 4041 414)·
699 3977 811 4026 The
845 3975 1107 4025 translator
1139 3974 1231 4023 has
1273 3973 1506 4023 followed
1552 3973 1638 4022 the

486 4059 547 4108 Ο.
571 4058 632 4106 L.
664 4058 716 4106 in
751 4056 949 4121 writing
964 4055 1174 4120 fuerim
1204 4054 1281 4105 sor
1313 4054 1518 4105 “sunt'’
1555 4052 1634 4118 (el-

484 4139 594 4204 clv).

552 4234 599 4285 7.
667 4221 759 4285 qui
785 4220 1036 4284 propositi,
1067 4219 1184 4281 δια]
1227 4221 1241 4245 ‘
1257 4220 1393 4268 Who
1411 4219 1481 4283 by
1502 4219 1638 4268 shar-

484 4304 573 4367 ing
604 4303 689 4352 the
713 4302 964 4352 Christian
994 4303 1250 4351 character
1283 4300 1395 4351 had‘
1420 4301 1637 4367 pledged

483 4386 689 4436 himself
718 4393 771 4435 to
812 4385 896 4434 the
934 4386 1130 4435 zealous
1167 4384 1429 4448 discharge
1463 4384 1522 4433 os
1559 4384 1637 4433 his

485 4466 606 4532 duty
630 4466 845 4515 towards
866 4465 945 4516 his
968 4464 1189 4515 master)
1253 4465 1328 4514 Or
1356 4464 1537 4514 should
1560 4479 1636 4513 we

1743 3499 1805 3536 11.
1831 3503 1881 3552 p.
1907 3502 1987 3549 42,
2015 3488 2049 3536 l.
2079 3503 2157 3536 υ.

1811 3582 1887 3633 17.
1944 3570 2343 3634 contemplatione
2395 3567 2700 3632 huc-rarum]
2774 3573 2787 3597 ‘
2804 3570 2896 3620 Be-

1739 3666 1887 3701 cause
1917 3651 1983 3701 he
2015 3650 2281 3716 happened
2315 3658 2369 3699 to
2403 3651 2470 3702 be
2504 3648 2758 3714 writing3’
2803 3652 2897 3701 ‘on

1739 3731 1970 3782 occasion
1992 3730 2049 3780 os
2067 3732 2165 3781 this
2187 3729 2368 3781 letter.¹

1812 3828 1884 3878 ¹9·
1944 3821 2135 3877 semper
2153 3814 2458 3873 memoriam,
2487 3811 2599 3874 Sec-J
2654 3812 2750 3864 Th.
2780 3829 2898 3863 con·

1739 3905 1878 3946 nects
1909 3894 1984 3945 dec
2021 3895 2142 3945 with
2175 3898 2345 3955 μνείαν
2377 3914 2428 3945 c.
2466 3915 2538 3956 1.,
2572 3898 2740 3947 rather
2773 3898 2896 3947 than

1739 3978 1860 4029 with
1883 3975 2174 4042 εὐχαριστῶ.
2237 3979 2289 4028 S.
2315 3980 2517 4043 Jerome
2541 3979 2669 4029 finds
2697 3979 2905 4031 himself

1739 4061 1922 4112 unable
1958 4068 2012 4111 to
2051 4059 2227 4111 decide
2257 4051 2490 4111 'between
2527 4060 2611 4110 the
2644 4067 2747 4111 two
2778 4076 2898 4111 con·

1739 4141 2034 4193 structions:
2072 4142 2107 4168 “
2121 4140 2355 4205 ambigue
2376 4156 2497 4190 uero
2516 4140 2708 4190 dictum
2730 4149 2898 4191 utrum

1739 4221 1922 4285 gratias
1936 4227 2050 4284 agat
2067 4220 2180 4269 Deo
2197 4234 2287 4268 suo
2300 4235 2512 4283 semper,
2526 4235 2590 4268 an
2604 4218 2899 4269 memoriam

1740 4303 1846 4353 eius
1868 4302 2016 4352 saciat
2041 4301 2093 4350 in
2115 4300 2424 4351 orationibus
2446 4300 2548 4350 suis
2574 4315 2789 4365 semper.
2843 4309 2896 4351 et

1738 4393 2002 4448 utrumque
2023 4383 2246 4447 intellegi
2269 4380 2488 4447 potest.”
