3221 5116
485 387 615 448 202.
1137 385 1597 444 THEoDoRus
1639 383 2233 439 MOPSUESTENUS
2429 370 2508 455 [Ι.
2549 370 2806 436 16—11.
2845 384 2901 432 1.

486 580 577 650 ex
623 560 753 628 illis
803 583 977 647 quae
1024 563 1338 630 accidunt
1387 562 1690 629 tristitiis,
1779 570 2021 644 reputa
2068 569 2298 626 autem
2346 559 2463 630 illa
2507 580 2683 645 quae
2738 578 2903 641 erga

485 649 597 729 me
627 664 810 743 fiunt,
842 676 910 730 et
938 667 1257 749 quoniam
1297 666 1411 750 qui
1451 666 1764 732 uidentur
1801 684 2190 730 communes
2227 664 2419 754 nobis
2462 684 2607 729 esse
2651 664 2720 726 in
2765 660 2916 726 fide·

486 789 720 833 omnes
752 789 860 833 me
890 770 958 833 in
986 768 1159 833 Asia
1188 769 1608 854 reliquerunt,
1643 790 1732 832 ex
1774 768 2015 852 quibus
2053 767 2321 850 Figelus
2358 777 2460 832 est
2500 777 2568 832 et
2613 769 2905 832 Hermo·

487 872 724 955 genes?
813 883 1221 938 memoratus
1254 883 1355 937 est
1385 883 1612 938 autem
1643 872 1881 937 horum
1932 873 2354 936 memoratim
2397 894 2478 936 eo
2517 873 2700 955 quod
2732 872 2905 937 forte

425 978 788 1050 Somnium
836 976 1131 1050 ,deterius
1179 977 1523 1046 arbitrium
1574 996 1733 1059 erga
1784 974 2164 1058 apostolum
2214 976 2281 1039 in
2329 975 2551 1040 Deum
2594 975 2906 1041 ostende-

490 1091 660 1147 runt.
747 1080 879 1146 hoc
932 1081 1204 1166 quidem
1266 1082 1352 1147 ad
1415 1080 1941 1146 consolationem
2002 1088 2071 1143 et
2146 1079 2649 1144 instructionem
2724 1079 2905 1145 dixit

491 1184 851 1265 Timothei,
899 1196 975 1252 ut
1021 1207 1157 1254 non
1193 1186 1490 1271 grauiter
1538 1185 1708 1250 ferat
1766 1206 1968 1269 super
2018 1183 2148 1248 illis
2195 1184 2488 1249 tristitiis
2532 1205 2707 1267 quae
2774 1185 2903 1249 sibi

492 1289 838 1371 accidunt;
882 1291 1243 1357 adhortans
1285 1312 1444 1356 uero
1475 1311 1629 1355 eum
1661 1290 1751 1355 ad
1795 1289 2071 1355 meliora
2113 1297 2522 1355 memoratus
2558 1296 2662 1353 est
2700 1288 2906 1352 etiam

490 1394 679 1460 illum
711 1396 824 1479 qui
856 1394 1177 1459 dissimile
1206 1394 1551 1459 arbitrium
1581 1392 1820 1458 habuit
1848 1413 1864 1457 t

392 1553 473 1603 10
625 1547 735 1613 det
763 1547 1030 1634 (inquit)
1061 1546 1392 1612 Dominus
1420 1546 1934 1611 misemcordiam
1969 1544 2306 1628 Onesi-'foti
2328 1543 2570 1623 domui,
2600 1543 2911 1627 quoniam

480 1652 864 1735 frequenter
916 1672 1017 1716 me
1086 1651 1515 1736 rqujgerauit
1555 1661 1621 1716 et
1666 1660 1960 1715 catenam
2007 1671 2224 1715 meam
2278 1671 2407 1714 non
2463 1647 2737 1726 erubuit,
2796 1648 2920 1724 sed

495 1776 644 1840 cum
700 1755 1013 1839 uenissem
1069 1754 1322 1818 Romae
1369 1755 1634 1819 sollicite
1682 1775 1784 1819 mc
1829 1753 2183 1836 exquisiuit
2228 1764 2293 1819 et
2341 1753 2608 1820 inuenit.
2696 1755 2805 1819 det
2850 1751 2920 1820 ei

497 1858 827 1923 Dominus
855 1859 1365 1923 mirericordiam
1396 1858 1689 1924 muenire
1716 1842 1775 1922 α’
1795 1859 2080 1923 Domino
2116 1858 2188 1924 in
2219 1858 2339 1924 illa
2367 1858 2488 1925 die.
2574 1868 2639 1923 et
2663 1867 2912 1943 quanta

497 1961 748 2045 Ephesi
773 1960 1254 2026 ministrauerit
1280 1960 1462 2041 milti,
1493 1962 1727 2027 melius
1756 1972 1827 2041 tu
1856 1961 2187 2046 cognoscis.

396 2095 471 2165 15
631 2112 788 2156 narn
843 2091 1005 2155 dum
1060 2098 1467 2156 memoratur
1521 2090 1969 2169 Onesiforum,
2012 2089 2320 2157 hortatur
2363 2099 2432 2157 et
2474 2088 2911 2154 Timotheum

501 2216 659 2280 erga
688 2195 1014 2279 pietatem
1043 2192 1458 2275 diligentiam
1491 2195 1829 2258 adhibere.
1906 2195 2086 2258 unde
2116 2203 2185 2258 et
2213 2194 2342 2259 hoc
2370 2195 2439 2258 in
2471 2192 2619 2257 loco
2649 2193 2917 2275 posuit:

499 2309 564 2363 et
616 2310 907 2364 catenam
965 2321 1175 2364 meam
1226 2320 1353 2363 non
1411 2300 1687 2365 erubuit.
1780 2308 2271 2381 consequenter
2316 2300 2447 2363 ista
2506 2298 2730 2363 iunxit
2778 2294 2915 2361 illis

501 2423 676 2485 quae
726 2402 816 2468 ad
868 2403 1009 2467 eius
1057 2401 1599 2467 exhortationem
1653 2401 1962 2466 dixerat:
2037 2423 2116 2465 ne
2170 2422 2318 2485 ergo
2362 2400 2686 2466 erubescas
2743 2397 2919 2463 testi-

501 2507 793 2572 monium
837 2506 1135 2574 Domini.
1222 2506 1566 2572 confidens
1619 2526 1777 2573 uero
1838 2506 1925 2571 de
1976 2505 2398 2591 praecedenti
2447 2503 2917 2571 exhortatione

393 2617 479 2669 20
503 2611 789 2677 adiecitt

635 2750 707 2805 tu
735 2760 900 2823 ergo,
910 2740 1036 2825 fili
1069 2740 1180 2821 mi,
1212 2742 1573 2827 confortare
1610 2740 1682 2807 in
1700 2737 1944 2825 'gratia
1979 2760 2142 2823 quae
2176 2748 2275 2805 est
2309 2739 2379 2804 in
2424 2737 2679 2807 Christo
2715 2741 2862 2805 Iesu
2883 2763 2919 2818 ,-

609 2887 631 2923 1
668 2880 866 2939 reputat
885 2873 956 2924 H
1218 2890 1247 2940 3
1280 2876 1455 2940 relinq.
1484 2876 1553 2925 H
1569 2873 1581 2941 Ι
1609 2873 1836 2924 Philetus
1858 2890 1891 2924 r
1916 2870 1925 2939 Ι
1954 2873 2291 2938 Hermogenis
2311 2874 2377 2924 H
2628 2891 2661 2936 4
2692 2870 2922 2922 meminit

507 2951 625 3020 (sor
643 2970 793 3005 mem.
817 2953 913 3019 est)
936 2971 970 3006 r
992 2952 1002 3020 Ι
1028 2955 1329 3007 nominatim
1361 2957 1479 3020 (for
1496 2953 1832 3019 memoratim)
1856 2970 1892 3004 r
2083 2966 2113 3017 5
2146 2953 2444 3004 deteriorem
2469 2951 2551 3002 C*
2564 2952 2635 3001 H
2801 2949 2835 3001 6
2867 2958 2920 3001 et

503 3051 584 3084 om
605 3050 639 3084 r
834 3048 861 3100 7
917 3042 968 3086 et
992 3034 1098 3101 (bes
1105 3035 1180 3101 ut)
1204 3036 1309 3087 add
1328 3054 1361 3088 r
1586 3037 1618 3085 8
1640 3036 1868 3086 meminit
1894 3033 2009 3099 (sor
2027 3050 2179 3086 mem.
2206 3032 2300 3098 eut)
2323 3050 2357 3083 r
2578 3048 2611 3099 9
2644 3039 2696 3084 et
2716 3033 2786 3083 ait
2811 3030 2923 3098 (afl

505 3114 701 3181 habuit)
723 3116 829 3166 add
844 3133 877 3166 r
1127 3133 1188 3168 ιο
1220 3119 1307 3170 det
1328 3118 1417 3171 &c.
1446 3118 1526 3182 [as
1546 3118 1606 3168 in
1640 3117 1809 3192 Vulg.]
1831 3134 1864 3168 r
1887 3116 1896 3183 Ι
1925 3118 2086 3184 inquit
2106 3133 2186 3167 om
2206 3133 2240 3167 r
2263 3113 2277 3182 Ι
2304 3115 2550 3168 Onoeiseri
2572 3117 2640 3165 H
2863 3128 2921 3180 15

507 3205 810 3248 memoratus
837 3197 1152 3248 Onesiserum
1172 3199 1243 3249 H
1430 3203 1490 3251 18
1523 3215 1618 3250 nec
1642 3196 1757 3265 (sor
1776 3196 1860 3263 ne)
1884 3199 1955 3248 Η
2174 3212 2234 3263 19
2267 3198 2567 3263 procedente
2588 3211 2623 3246 r
2856 3210 2923 3248 20

506 3278 661 3328 adicit
686 3278 731 3329 C
749 3295 782 3329 r

575 3415 621 3461 4.
711 3394 1038 3458 memorativa]
1127 3396 1224 3447 See
1266 3397 1350 3448 De
1391 3398 1501 3458 vit,
1542 3414 1585 3448 s.
1616 3413 1668 3448 v.

511 3479 768 3540 Rabanus,
830 3495 887 3529 as
928 3478 1086 3540 usual,
1127 3478 1417 3530 substitutes
1453 3496 1486 3530 a
1527 3481 1668 3531 word

1769 3397 2150 3450 Mintur-aum?
2167 3397 2309 3450 milei.
2363 3398 2602 3455 Claram..
2623 3399 2767 3457 Am„
2793 3396 2925 3451 have

1769 3480 1952 3545 simply
1986 3484 2019 3508 ‘⁴
2037 3479 2387 3531 ministrauerit
2406 3478 2455 3539 ;”
2487 3480 2632 3541 mihi,
2669 3481 2919 3540 however,

510 3561 564 3612 in
587 3560 821 3625 ordinary
841 3572 958 3618 use;
993 3576 1075 3610 see
1097 3576 1180 3611 vv.
1214 3561 1266 3611 11.
1326 3562 1475 3626 Erga
1496 3568 1575 3626 ap.
1610 3561 1669 3611 in

510 3645 681 3694 Deum
711 3644 754 3694 is
783 3643 1008 3709 possibly
1038 3651 1266 3709 corrupt3
1298 3644 1388 3695 but
1413 3644 1498 3695 the
1514 3646 1671 3695 ‘sense

510 3741 629 3790 may
662 3725 760 3776 be:
806 3725 955 3789 ‘they
991 3725 1193 3775 shewed
1224 3725 1353 3775 their
1385 3725 1672 3776 unfaithful-

512 3822 628 3857 ness
665 3813 718 3856 to
758 3806 875 3857 God
916 3807 983 3872 by
1020 3806 1150 3857 their
1191 3807 1407 3857 conduct
1455 3807 1675 3859 towards

514 3887 616 3937 His
636 3884 871 3937 servant!

582 3981 629 4033 7.
695 3973 756 4018 ut
795 3984 896 4018 non
923 3970 1155 4034 graut‘ter
1176 3967 1323 4033 ferat
1356 3976 1517 4035 super,
1557 3968 1674 4034 ὅτι]

515 4049 598 4101 Cf.
631 4049 718 4099 the
753 4049 1052 4100 Ciceronian
1085 4049 1264 4115 phrase
1292 4052 1533 4115 μηνίει-ν,
1573 4067 1672 4102 mo-

514 4132 642 4193 leste,
674 4133 803 4189 &³a,
812 4133 956 4195 ferre
973 4133 1178 4197 aliquid
1192 4149 1232 4183 S.
1260 4133 1318 4182 de
1336 4133 1506 4199 aliqua
1528 4149 1592 4184 re.

587 4229 663 4264 11.
714 4214 1018 4278 frequenter,
1071 4214 1277 4278 Romae]
1340 4215 1411 4266 So
1458 4215 1522 4266 O.
1576 4216 1669 4275 L.;

515 4295 691 4361 vulg„
736 4294 984 4362 “saepe,''
1021 4295 1340 4347 “Romam’'
1408 4298 1671 4357 Vertissem,

517 4377 561 4427 if
569 4384 774 4437 correct,
803 4386 1079 4443 represents
1100 4394 1133 4429 a
1158 4379 1366 4445 reading
1393 4378 1667 4441 γενόμενον,

515 4458 592 4510 of.
617 4458 784 4509 which
834 4459 973 4509 there
1017 4459 1061 4509 is
1102 4476 1170 4510 no
1214 4468 1349 4511 trace
1384 4460 1671 4511 elsewhere.

1770 3576 1982 3627 appears
2032 3561 2085 3612 in
2144 3562 2415 3621 Ambrstr„
2471 3560 2729 3627 Vulg.⁰¹·¹¹¹·
2811 3560 2925 3612 The

1772 3659 1999 3708 pronoun
2028 3643 2177 3693 stood
2210 3644 2264 3693 in
2294 3643 2496 3694 Thdt.’s
2528 3650 2649 3704 text,
2676 3643 2777 3694 and
2809 3658 2925 3708 pro·

1772 3724 1988 3790 bablyin
1998 3722 2323 3777 Theodore’s.
2351 3725 2602 3789 Cognoscis
2617 3721 2902 3791 (γινώσκεις)
2905 3740 2925 3785 3

1776 3805 1926 3855 Latin
1947 3803 2188 3863 versione,
2214 3803 2446 3857 “nosti.’'

1844 3899 1920 3951 17.
1989 3894 2335 3952 consequenter
2350 3887 2446 3936 ista
2466 3886 2657 3949 iunxit,
2679 3885 2797 3949 δια]
2827 3885 2931 3937 For

1774 3968 1862 4020 the
1884 3968 2015 4019 third
2039 3969 2160 4019 time
2180 3968 2234 4017 in
2255 3968 2355 4019 this
2376 3968 2581 4034 chapter
2597 3968 2653 4019 s,
2676 3968 2802 4019 Pau1
2816 3954 2933 4019 uses·

1772 4053 1860 4103 the
1901 4053 2019 4102 verb
2059 4051 2457 4114 ἐπαισχύνεσθαι.
2527 4053 2625 4104 See
2661 4054 2823 4103 above
2860 4068 2929 4103 on

1771 4149 1821 4186 v.
1870 4149 1946 4186 η.
2007 4134 2228 4200 Chrys.:
2284 4132 2376 4185 θέα
2411 4137 2512 4185 πῶς
2546 4133 2802 4199 πανταχοῦ
2835 4133 2928 4196 τὴν

1773 4215 2010 4289 ᾳὶσχῦνην
2029 4219 2181 4280 λέγει,
2212 4215 2267 4267 οὗ
2287 4217 2373 4269 τὸν
2393 4218 2617 4269 κίνδυνον.
2681 4219 2928 4271 lanfranc

1772 4297 1894 4347 cites
1926 4297 2026 4348 this
2058 4304 2291 4349 sentence
2324 4298 2377 4349 in
2407 4299 2495 4350 the
2526 4299 2688 4351 form:
2736 4301 2923 4351 “cons-

1771 4380 1869 4430 hoc
1912 4379 2157 4437 adiunxit,
2193 4380 2312 4446 quia
2343 4381 2409 4432 ad
2441 4380 2556 4432 exh-
2593 4381 2700 4433 eius
2736 4381 2932 4435 dixerat

1773 4476 1860 4511 nec
1879 4459 2177 4522 erubescas,''
2199 4460 2290 4511 &c-
