3221 5116
266 408 348 472 V.
391 420 485 489 15,
528 406 651 491 16.]
854 419 937 471 IN
986 420 1092 472 ΕΡ.
1139 420 1241 471 AD
1287 419 2039 473 THESSALONICENSES
2085 420 2132 471 1.
2601 419 2682 486 37

262 602 619 677 sequenter
660 595 748 660 de
793 594 939 672 illis,
990 616 1165 679 quae
1213 594 1355 679 ipse
1400 595 1847 679 praedixerat,
1895 593 2234 678 praecepit
2279 591 2480 656 etiam
2527 589 2683 654 doc·

264 706 442 762 tores
492 698 709 763 facere
731 720 748 778 ;
811 702 899 765 de
950 701 1192 783 quibus
1251 708 1321 764 et
1375 702 1518 783 ipse
1571 700 1639 763 in
1688 700 1971 783 epistola
2019 719 2138 763 sua
2190 699 2558 780 scripserat,
2612 702 2687 758 ut

262 800 350 863 de
378 800 483 865 his
514 801 929 885 diligentiam
976 802 1387 867 adhiberent.
1480 811 1547 866 et
1588 802 1717 865 illis
1757 801 2171 884 praecipiens
2210 797 2684 881 compendiose

263 912 338 967 ut
367 904 807 969 ‘instruerent
838 904 1406 987 indisciplinatos,'
1430 905 1517 969 ad
1550 926 1720 989 quos
1752 915 1820 970 et
1851 906 1994 989 ipse
2019 905 2281 969 uidetur
2310 901 2681 985 scripsisse3

259 1009 681 1074 consolamini
719 1031 875 1074 uero
905 1010 1381 1094 pusillanima,
1415 1010 1527 1094 qui
1569 1009 1660 1073 ob
1702 1006 1849 1074 illos
1894 1010 2006 1093 qui
2049 1008 2468 1072 decedebant
2498 1004 2683 1068 flebi-
2756 1017 2788 1085 5

260 1110 412 1174 liter
483 1132 714 1176 eorum
774 1113 1265 1195 separationem
1326 1112 1668 1191 ferebant3
1752 1111 2061 1176 sustinete
2130 1108 2684 1194 infirmos—dicit

261 1224 491 1280 autem
532 1217 619 1281 de
651 1216 779 1280 illis
810 1219 924 1301 qui
966 1217 1401 1281 fornicatione
1440 1215 1984 1299 deturpabantur‚
2031 1216 2281 1279 docens
2322 1235 2456 1278 non
2497 1211 2683 1278 abdi-

261 1343 413 1387 care
435 1344 550 1386 eos
574 1333 845 1405 propter
874 1324 1131 1405 peccati
1159 1324 1364 1404 ipsius
1389 1320 2000 1403 exprobrationem,
2026 1320 2141 1383 sed
2169 1327 2237 1382 et
2261 1318 2679 1402 diligentiam

261 1444 420 1507 erga
457 1423 604 1488 illos
644 1426 939 1489 debitam
979 1425 1313 1501 adhibere,
1346 1431 1414 1487 et
1459 1442 1688 1486 curam
1736 1421 1951 1505 magis
1997 1421 2129 1484 illis
2170 1419 2386 1484 facere
2417 1428 2493 1483 ut
2522 1439 2683 1482 con-

265 1537 623 1592 uertantur.
715 1530 809 1593 Sic
838 1538 908 1594 et
947 1528 1082 1592 alio
1124 1528 1190 1591 in
1234 1527 1382 1591 loco
1428 1527 1756 1590 scribens:
1800 1526 1948 1609 quis
1990 1524 2259 1611 (inquit)
2298 1524 2688 1609 infirmatur
2719 1543 2798 1590 10

258 1639 323 1693 et
350 1650 476 1693 non
505 1651 616 1713 ego
639 1630 989 1714 infirmor?
1032 1629 1159 1693 hoc
1193 1638 1312 1707 est,
1337 1633 1353 1663 ‘
1377 1650 1528 1693 mea
1553 1649 1699 1693 esse
1728 1628 2008 1693 aliorum
2033 1628 2349 1692 existimo
2373 1623 2684 1711 peccata?

262 1730 435 1794 bene
478 1741 703 1796 autem
751 1733 956 1796 adicit
984 1733 1308 1816 patientes
1348 1741 1538 1797 estote
1573 1732 1673 1796 ad
1703 1753 1931 1808 omnes,
1966 1751 2049 1795 eo
2088 1731 2267 1815 quod
2300 1729 2428 1793 hoc
2458 1748 2683 1792 neces-

259 1834 510 1897 sarium
556 1836 754 1899 ualde
798 1844 900 1900 est
946 1836 1300 1920 magistriS,
1334 1836 1430 1899 ita
1472 1844 1548 1900 ut
1594 1857 1730 1900 non
1776 1836 1969 1901 facile
2012 1837 2369 1918 desperent
2413 1840 2686 1917 propter

260 1946 556 2017 peccata,
598 1937 930 2020 patienter
979 1959 1139 2003 uero
1193 1958 1382 2002 suam
1430 1937 1754 2021 impleant
1807 1938 2198 2012 doctrinam,
2245 1944 2684 2019 expectantes

260 2058 526 2120 semper
556 2049 630 2103 ut
660 2040 964 2124 discipuli
1008 2041 1314 2106 meliores
1360 2042 1459 2105 sui
1503 2041 1887 2118 efficiantur,
1919 2041 2307 2123 lucrumque
2341 2037 2682 2121 proprium
2720 2052 2790 2121 15

261 2162 408 2207 esse
439 2145 844 2222 existiment,
877 2146 1137 2209 etiamsi
1175 2154 1244 2209 et
1287 2146 1493 2209 serius
1538 2144 1903 2227 aliquando
1949 2164 2063 2208 eos
2108 2143 2446 2228 potuerint
2486 2142 2572 2205 ad
2614 2141 2684 2203 id

261 2248 443 2329 quod
490 2247 843 2314 honestum
886 2258 988 2313 est
1024 2270 1354 2315 reuocare.
1446 2258 1514 2314 et
1547 2249 1785 2313 iterum
1832 2248 1921 2313 ad
1957 2247 2336 2332 generalem
2369 2244 2683 2311 exhorta-

262 2350 519 2413 tionem
552 2353 985 2435 progrediens
1014 2353 1342 2435 praecipit
1369 2376 1383 2416 :

394 2487 604 2553 uidete
632 2509 709 2552 ne
750 2488 896 2572 quis
940 2490 1188 2552 malum
1214 2499 1341 2571 pro
1372 2489 1542 2552 malo
1571 2487 1776 2551 alth-ui
1818 2486 2066 2565 reddat,
2097 2486 2216 2550 sed
2245 2496 2491 2569 semper
2516 2484 2693 2568 quod

264 2589 497 2656 bonum
525 2603 621 2657 est
645 2592 985 2657 sectamini
1012 2594 1084 2657 in
1115 2592 1391 2657 inuicem
1419 2602 1482 2656 et
1509 2594 1581 2656 in
1610 2614 1842 2657 omnes.
2714 2608 2799 2655 20

395 2712 558 2776 nulli
592 2711 841 2776 malum
874 2733 995 2795 pro
1032 2712 1210 2776 malo
1240 2712 1483 2777 debere
1516 2711 1871 2776 retribuere
1903 2710 2080 2786 dicit,
2112 2708 2387 2792 [bonum
2418 2707 2682 2792 sectari]

264 2834 423 2878 uero
486 2815 551 2876 in
612 2822 939 2895 quantum
1000 2816 1208 2880 uirtus
1268 2815 1649 2897 opitulatur,
1701 2822 1774 2876 ut
1825 2813 2039 2895 magis
2089 2813 2157 2875 in
2213 2812 2496 2875 inuicem
2558 2810 2683 2874 sibi

265 2915 587 2980 beneficia
632 2914 1012 2996 praebeant,
1054 2937 1207 2982 cum
1248 2917 1375 2980 illis
1416 2917 1529 3000 qui
1576 2915 1837 2979 externi
1885 2914 2076 2978 nobis
2123 2933 2269 2977 esse
2313 2912 2684 2979 uideantur.

265 3021 511 3084 deinde
541 3019 744 3085 adicit
769 3045 783 3085 :

393 3167 640 3238 semper
654 3156 946 3240 gaudete.
2712 3180 2748 3228 2
2756 3177 2788 3246 5

394 3272 524 3339 hoc
569 3284 709 3338 est:
772 3279 929 3358 ‘pro
974 3275 1284 3338 omnibus
1328 3276 1617 3340 tristitiis
1661 3297 1834 3359 quae
1894 3277 2086 3340 uobis
2144 3275 2455 3340 accidunt
2503 3274 2682 3339 bono

367 3444 387 3478 1
426 3426 712 3492 praecoepit
741 3427 785 3477 C
929 3442 958 3490 3
992 3428 1301 3492 praecipiens
1322 3445 1400 3479 om
1424 3446 1457 3478 r
1585 3449 1618 3493 4
1650 3428 1901 3480 instruerit
1929 3429 2006 3479 C*
2162 3441 2191 3492 5
2226 3428 2524 3477 decidebant
2552 3427 2629 3477 C*
2652 3443 2687 3477 r

261 3506 295 3558 6
328 3511 569 3561 sustinere
598 3511 675 3560 C*
945 3525 970 3574 7
1006 3511 1394 3577 deturpebantur
1416 3513 1485 3561 H
1540 3513 1933 3562 deturbabantur
1955 3529 1988 3561 r
2248 3514 2280 3561 8
2312 3510 2683 3560 abdicationem

263 3589 380 3653 (sor
398 3591 651 3655 exprobr.)
677 3591 743 3640 H
868 3606 928 3642 10
952 3590 1003 3640 in
1024 3592 1125 3640 alio
1147 3591 1182 3640 l.
1205 3593 1272 3641 H
1292 3591 1300 3657 Ι
1328 3592 1501 3642 scribis
1529 3592 1604 3642 C·
1676 3594 1846 3643 scribit
1869 3594 1912 3642 C
1933 3591 2078 3657 (cm)
2112 3589 2121 3657 Ι
2148 3592 2308 3656 inquit
2330 3608 2406 3640 om
2430 3592 2496 3640 H
2624 3606 2676 3641 11

261 3688 357 3737 ego
379 3688 482 3722 non
504 3674 572 3721 H
584 3689 616 3720 r
642 3670 651 3737 Ι
678 3688 812 3738 pecc.
844 3673 986 3723 exist.
1012 3691 1045 3722 r
1194 3691 1251 3725 αι
1289 3676 1560 3725 retribuere
1595 3675 1719 3725 dicit
1741 3691 1819 3724 om
1848 3674 1919 3725 C·
1948 3673 1958 3739 Ι
1987 3676 2176 3725 bonum
2199 3673 2373 3723 sectari
2398 3689 2477 3721 om
2505 3671 2575 3722 C*
2592 3673 2679 3720 H:

256 3753 462 3803 reddere
499 3753 621 3802 dicit
654 3761 843 3803 sectare
877 3756 922 3804 C
952 3751 1101 3818 (corr)
1142 3755 1275 3817 [both
1319 3757 1362 3805 C
1377 3757 1403 3779 ⁴*
1439 3756 1550 3804 and
1582 3756 1654 3805 H
1674 3756 1807 3806 sltem
1848 3772 1881 3805 a
1916 3755 2121 3816 lacuna]
2156 3754 2359 3803 retribui
2404 3753 2454 3802 d.
2491 3753 2682 3802 bonurn

260 3842 449 3885 sectare
470 3851 503 3884 r
696 3849 759 3898 23
790 3835 945 3885 etiam
975 3836 1073 3899 (ast
1105 3835 1393 3901 praebeant)
1421 3838 1526 3887 add
1559 3838 1603 3887 C
1639 3835 1785 3902 (corr)
1818 3835 1828 3901 Ι
1853 3852 1983 3902 quae
2012 3853 2073 3887 ex
2104 3845 2299 3885 terrena
2328 3832 2536 3884 materia
2569 3833 2687 3898 (sor

262 3919 347 3983 qui
370 3917 580 3980 externi)
604 3934 638 3966 r

331 4059 377 4111 7.
410 4047 826 4112 deturpabuntur]
842 4046 1061 4108 Ronsch,
1070 4048 1223 4109 Itala,
1238 4064 1287 4113 p.
1310 4064 1420 4115 190.
1521 4050 1693 4115 clergy
1713 4052 1812 4100 and
1835 4049 2017 4115 people
2038 4049 2187 4099 alike.

334 4144 407 4179 10.
478 4130 579 4179 alio
600 4129 658 4178 in
680 4130 796 4191 loco]
833 4146 859 4179 α
884 4131 1004 4180 Cor.
1029 4129 1204 4196 xi.·29.
1446 4167 1458 4174 -
1590 4148 1671 4181 αι.
1738 4133 1918 4181 bonum
1956 4131 2150 4192 sectare]
2212 4130 2289 4181 Or
2329 4131 2545 4197 perhaps
2587 4149 2682 4182 scc-

333 4222 409 4273 ¹5·
477 4210 695 4260 meliores
736 4210 839 4273 sm]
895 4211 972 4261 Cs.
1016 4211 1237 4270 Ronsch‚
1268 4211 1421 4270 Itala,
1522 4220 1633 4262 tare
1654 4213 1761 4273 (ins.
1790 4214 1928 4274 act.).
2003 4214 2073 4264 So
2108 4213 2352 4274 (whether
2383 4215 2450 4278 by
2484 4214 2678 4277 conjec-

263 4309 313 4357 p.
338 4290 449 4357 436.
572 4289 589 4304 ‘
1518 4301 1627 4343 ture
1651 4309 1708 4342 or
1735 4293 1862 4342 from
1891 4309 1922 4342 a
1951 4309 2088 4343 more
2118 4293 2305 4358 perfect
2336 4294 2483 4358 copy)
2513 4293 2679 4342 Raba-

330 4388 405 4437 ¹7·
446 4375 629 4425 iterum
650 4375 722 4424 ad
725 4391 836 4440 gen.
853 4376 985 4433 exh„
1010 4376 1122 4438 δια]
1157 4376 1236 4427 Cf.
1261 4377 1417 4426 Thdt.
1520 4390 1612 4424 nus
1635 4374 1856 4438 supplies
1877 4375 1963 4423 the
1986 4375 2157 4424 hiatus
2178 4375 2228 4423 in
2252 4392 2344 4424 our
2367 4375 2547 4425 MSSq

264 4455 442 4520 (infra,
474 4471 540 4506 on
574 4471 624 4503 v.
648 4457 733 4517 αα)
768 4457 873 4505 εἶτα,
901 4454 1103 4519 γενικῶς
1135 4458 1419 4520 ἀποτρέπει.
1589 4454 1669 4506 26.
1737 4458 1823 4507 hoc
1843 4464 1937 4507 est:
1960 4465 2057 4521 pro
2078 4473 2209 4506 omn.
2239 4456 2400 4519 trist]
2436 4456 2582 4506 Cited
2609 4457 2680 4522 by

264 4536 372 4587 The
410 4537 724 4588 exhortation
771 4539 814 4588 is
865 4541 1013 4605 again
1054 4540 1323 4591 addressed
1368 4547 1422 4590 to
1524 4541 1788 4591 Lansrtmc.
1846 4538 1926 4592 Cr.
1947 4539 2151 4603 Chrys-‚2
2174 4540 2319 4589 τοῦτο
2335 4536 2555 4601 περὶτῶν
2578 4556 2677 4588 πει-
