3221 5116
484 343 603 406 168
1143 353 1600 405 THEooosz
1649 353 2235 406 MOPSUESTENUS

2652 340 2759 425 [V.
2801 355 2893 419 17.

475 535 616 588 erat
645 524 875 607 quales
917 546 1061 589 esse
1101 526 1455 589 conueniat
1493 526 1935 608 presbyterOS,
1972 526 2059 589 de
2104 527 2438 609 obsequiis
2476 547 2634 590 uero
2663 545 2896 590 eorum

478 628 582 690 uel
615 629 948 692 alimentis
980 628 1139 692 nihil
1175 629 1390 692 suerat
1424 639 1855 706 memoratuS,
1888 640 1958 693 et
1999 631 2270 712 quidem
2304 629 2435 694 illis
2459 631 2625 713 *ipsis
2657 650 2890 695 secun-

477 730 641 793 dum
674 731 834 795 illud
883 742 1151 816 tempus
1198 732 1713 797 sollicitudinem
1747 732 2176 798 ecclesiarum
2210 735 2642 818 implentibus
2663 758 2680 814 ;
2721 736 2893 799 bene

478 833 721 897 adiecit
752 846 819 898 et
849 836 934 898 de
964 835 1065 899 his
1093 857 1108 899 z

414 1020 444 1085 5
607 979 725 1062 qui
752 979 896 1043 bene
907 988 1226 1061 praesunt
1236 977 1615 1059 presbyteri,
1646 978 1889 1059 duplici
1912 978 2148 1044 honore
2173 980 2368 1063 dzjgm'
2393 981 2769 1046 habeantur.

612 1104 1013 1190 ‘duplicem'
1044 1108 1272 1171 dicens
1315 1106 1751 1188 multiplicem
1797 1107 1975 1171 dicit.
2072 1128 2226 1172 nam
2260 1110 2725 1193 ‘presbyteros
2769 1110 2894 1192 (in-

478 1212 650 1293 quit)
684 1213 885 1274 etiam
920 1212 1185 1274 maioris
1230 1212 1627 1293 prouisionis
1674 1212 1914 1294 dignos
1951 1223 2257 1294 oportere
2303 1215 2690 1279 existimare
2721 1216 2895 1279 iusta

479 1315 779 1396 deposcit
811 1315 1014 1377 rati0.'
1106 1315 1382 1377 undeet
1424 1314 1703 1378 adiecit:
1748 1314 1868 1396 qui
1897 1295 2055 1378 ‘bene
2082 1327 2423 1398 praesunt.
2500 1319 2619 1383 sed
2654 1341 2776 1385 nec
2808 1322 2896 1385 de

480 1419 737 1482 illorum
770 1420 1192 1501 prouidentia
1222 1418 1526 1481 absolute
1556 1419 1748 1496 dixit,
1782 1421 1896 1502 qui
1931 1421 1995 1483 in
2028 1422 2258 1486 ordine
2291 1433 2357 1486 et
2386 1424 2597 1507 gradu
2630 1434 2894 1489 tantum

377 1552 453 1598 10
479 1532 632 1586 sunt
692 1524 1227 1605 presbyterorum
1255 1544 1269 1600 ;
1347 1522 1463 1585 sed
1526 1524 1613 1586 de
1674 1523 1801 1586 illis
1862 1525 1975 1606 qui
2030 1527 2280 1608 gradus
2329 1528 2430 1590 sui
2481 1527 2894 1593 functionem

479 1626 750 1710 implere
781 1637 978 1710 prout
1007 1628 1320 1691 conuenit
1353 1629 1677 1691 uidentur.
1768 1630 1946 1692 unde
1980 1640 2046 1694 et
2078 1632 2366 1697 adiecit:

609 1772 889 1836 maxime
916 1772 1033 1855 qui
1059 1772 1359 1838 laborant
1388 1773 1456 1836 in
1489 1774 1678 1838 uerbo
1706 1784 1768 1838 et
1795 1774 2109 1838 doctrina.

610 1921 744 1964 non
805 1899 1109 1964 absolute
1167 1899 1290 1964 hos
1351 1901 1593 1984 dignos
1668 1922 1815 1965 esse
1889 1904 2311 1985 prouidentia
2364 1906 2557 1985 dixit,
2616 1909 2731 1972 sed
2783 1906 2899 1970 illa

482 2005 735 2068 ratione
764 2026 898 2088 qua
939 2005 1297 2086 plurimum
1328 2005 1625 2070 laborem
1670 2010 2078 2090 expendant,
2113 2010 2165 2073 si
2212 2020 2437 2074 tamen
2481 2022 2554 2076 ut
2584 2012 2897 2077 conuenit

379 2141 445 2204 15
482 2111 820 2173 doctrinae
851 2131 1020 2191 opus
1053 2110 1327 2192 implere
1361 2110 1711 2189 uoluerint,
1745 2113 1838 2175 ita
1868 2122 1944 2176 ut
1975 2113 2041 2176 in
2075 2134 2430 2178 commune
2471 2116 2555 2179 de
2586 2116 2900 2180 omnibus

481 2214 992 2277 sollicitudinem
1043 2215 1452 2298 impendant,
1498 2236 1577 2279 ac
1624 2217 1915 2281 doceant
1963 2239 2076 2281 eos
2125 2219 2236 2282 illa
2283 2217 2497 2283 facere
2541 2241 2714 2302 quae
2758 2220 2897 2285 fieri

481 2325 828 2399 oportent;
890 2331 958 2384 et
1010 2331 1083 2385 ut
1134 2322 1219 2385 de
1266 2323 1543 2406 singulis
1597 2326 1881 2403 solliciti,
1934 2328 2218 2391 multum
2263 2327 2559 2392 habeant
2610 2351 2896 2412 agonem

481 2431 553 2484 ut
606 2443 1148 2509 unumquemque
1191 2429 1481 2491 consiliis
1524 2431 1796 2513 optimis
1843 2439 1911 2495 et
1966 2431 2549 2498 exhortationibus
2598 2436 2684 2498 ad
2731 2434 2893 2498 illud

481 2526 660 2608 quod
707 2528 949 2592 decens
995 2540 1096 2595 est
1143 2530 1496 2597 adducant.
1587 2534 1680 2597 sic
1721 2536 1899 2599 enim
1947 2545 2015 2599 et
2049 2536 2228 2600 beati
2261 2538 2545 2620 apostoli
2589 2538 2901 2602 uidentur

372 2666 457 2713 20
482 2631 823 2695 doctrinae
866 2653 1036 2716 opus
1082 2636 1391 2699 omnibus
1447 2638 1760 2719 operibus
1806 2639 2283 2722 anteposuisse.
2400 2643 2577 2705 unde
2627 2652 2694 2706 et
2741 2664 2900 2707 con-

481 2737 919 2820 templatione
968 2742 1317 2805 uiduarum
1365 2740 1730 2823 aliquando
1775 2743 2013 2807 oborta
2058 2746 2528 2820 controuersia,
2581 2747 2899 2811 dixerunt

483 2850 497 2875 ‘
523 2864 657 2906 non
701 2865 845 2908 esse
885 2846 1161 2929 dignum
1214 2846 1662 2929 relinquentes
1709 2868 1782 2911 se
1822 2848 2100 2912 uerbum
2151 2849 2494 2913 doctrinae
2525 2849 2901 2915 ministrare

580 3028 610 3071 4
644 3007 796 3057 adicit
825 3008 869 3057 C
888 3024 919 3056 r
1144 3007 1175 3057 6
1210 3007 1453 3072 intellegit
1478 3005 1596 3072 (sor
1613 3004 1754 3071 dicit)
1778 3024 1812 3056 r
2062 3018 2089 3071 7
2124 3007 2396 3057 existimari
2426 3009 2471 3058 C
2486 3009 2641 3070 (corr)
2867 3012 2898 3061 8

481 3087 632 3138 adicit
656 3105 690 3137 r
910 3105 961 3139 11
1001 3089 1153 3138 adicit
1181 3090 1226 3138 C
1244 3104 1275 3136 r
1497 3102 1551 3151 15
1588 3087 1639 3136 in
1663 3087 1917 3137 communi
1946 3086 2023 3136 C*
2048 3104 2081 3136 r
2278 3099 2335 3149 17
2371 3095 2572 3152 oportet
2595 3104 2629 3136 r
2838 3104 2894 3140 αι

479 3171 656 3218 aborta
678 3169 744 3217 H
758 3168 838 3232 [gf.
871 3181 904 3218 1.
935 3184 986 3233 p.
1018 3184 1125 3232 197,
1149 3170 1185 3217 l.
1212 3183 1255 3232 7,
1284 3183 1363 3218 vv.
1388 3168 1465 3230 IL]
1495 3167 1502 3232 Ι
1534 3167 1856 3218 contentione
1874 3166 1989 3231 (sor
2007 3168 2367 3228 controuersia)
2386 3169 2491 3217 Ην

482 3267 636 3315 quere
659 3258 708 3299 et
735 3250 1013 3307 ministrare
1036 3253 1078 3299 C
1102 3252 1247 3313 (corr)

2662 3183 2720 3218 υ
2757 3168 2904 3218 relin-

547 3402 594 3453 6.
673 3402 942 3464 ‘duplicem
962 3400 975 3422 ’
995 3401 1171 3461 de'cens,
1204 3400 1294 3451 &c.
1345 3402 1415 3450 So
1452 3398 1634 3464 Chrys.
1740 3404 1753 3427 ⁴
1775 3399 1861 3466 qui
1896 3401 2083 3450 habent
2107 3397 2356 3460 uerbum‚’
2374 3399 2462 3449 sed
2484 3398 2579 3464 qui
2596 3397 2827 3448 laborant
2845 3399 2903 3448 in

482 3486 785 3552 doubtfully:
834 3488 1008 3545 διπλῆς
1052 3485 1137 3543 τῆς
1181 3486 1297 3547 πρὸς
1339 3484 1426 3532 τὰς
1466 3482 1639 3546 χήρας,

485 3567 513 3628 ἦ
568 3571 654 3630 τῆς
709 3571 824 3633 πρὸς
878 3569 986 3617 τοὺς
1040 3566 1299 3616 διακόνους·
1387 3561 1419 3623 ἣ
1472 3564 1641 3613 ἅπλῶς

488 3652 691 3711 ’διπλῆς
728 3647 893 3710 τιμῆς’
936 3643 1162 3707 πολλῆς
1218 3647 1381 3708 φησίν.
1447 3645 1639 3696 Thdt.:

481 3737 538 3785 τὸ
562 3735 617 3784 δὲ
650 3735 727 3783 ’δ.
752 3731 814 3781 τ.’
852 3733 957 3780 ἀντὶ
988 3732 1075 3779 τοῦ
1109 3731 1385 3778 πλείονος
1412 3728 1640 3777 τέθεικεν.

484 3818 557 3866 As
580 3825 634 3867 to
656 3814 743 3866 the
764 3830 907 3865 sense
929 3812 988 3863 of
1003 3808 1133 3871 τιμή,
1162 3827 1245 3860 see
1258 3807 1401 3859 Th.‘s
1418 3808 1642 3858 remarks

483 3901 643 3949 above
697 3914 766 3947 on
826 3913 874 3946 ν.
932 3912 977 3961 3,
1038 3896 1138 3944 and
1194 3909 1359 3958 comp.
1432 3892 1638 3956 Chrys.:

484 3979 627 4041 τιμὴν
666 3981 876 4028 ἐνταῦθα
924 3980 1014 4036 τὴν
1060 3978 1319 4039 θεραπείαν
1365 3974 1518 4035 λέγει,
1553 3972 1645 4041 τήν

484 4061 582 4111 τῶν
623 4061 897 4122 ἀναγκαίων
942 4062 1198 4122 χορηγίαν.
1267 4058 1386 4107 Add
1440 4057 1643 4122 Jerome

482 4154 552 4207 ep.
600 4156 713 4202 123:
755 4144 791 4168 ‘⁸
812 4139 1174 4191 ‘honor’...uel
1208 4155 1301 4205 pro
1327 4140 1644 4202 eleemosyna

484 4224 564 4273 uel
604 4239 696 4288 pro
744 4237 950 4272 munere
993 4220 1251 4286 accipitur,
1295 4228 1350 4270 ut
1395 4227 1473 4270 est
1516 4219 1642 4268 illud

473 4304 749 4371 presbyteri
765 4301 1005 4374 duplefficiss’
1029 4303 1119 4353 διο.

550 4392 598 4439 8.
664 4387 750 4437 sed
778 4403 862 4436 nec
892 4385 951 4435 de
980 4385 1203 4444 illorum,
1241 4383 1360 4446 δια]
1418 4383 1501 4434 Cf.
1551 4384 1642 4434 Pe-

482 4473 617 4536 lag.:
659 4471 810 4519 “non
847 4466 973 4518 dixit
1001 4465 1225 4516 omnium
1265 4467 1374 4530 [leg.
1414 4464 1644 4527 omnino]

1742 3481 1939 3532 uerbo.”

1808 3578 1884 3629 15.
1950 3564 2200 3614 doctrinae
2232 3572 2367 3629 opus,
2406 3562 2521 3624 ἃς]
2577 3561 2660 3612 Cf.
2699 3563 2902 3627 Chrys.:

1742 3643 1835 3695 τοῦ
1878 3642 1958 3695 νῦν
1995 3648 2114 3695 εἰσὶν
2150 3647 2195 3693 ol
2232 3646 2458 3705 λέγοντες
2498 3648 2568 3707 μὴ
2612 3645 2712 3694 δεῖν
2752 3647 2905 3707 λόγου

1742 3729 1863 3786 μηδὲ
1885 3728 2224 3787 διδασκαλίας;
2248 3726 2429 3776 Thdt.:
2463 3721 2611 3776 οὕτως
2624 3727 2907 3787 ἀξιέπαινον

1742 3807 1826 3871 τῆς
1848 3809 2160 3858 διδασκαλίας
2181 3808 2237 3856 τὸ
2261 3804 2444 3869 χρῆμα.

1811 3909 1890 3943 22.
1958 3897 1973 3921 ‘
1993 3909 2095 3941 non
2123 3908 2217 3941 esse
2235 3889 2491 3955 dig-’num’
2514 3891 2632 3953 δια]
2687 3891 2815 3942 Acts
2836 3892 2904 3941 vi.

1746 3991 1790 4024 ο.
1861 3974 2210 4038 Relinquentes
2311 3973 2604 4022 ministrare
2657 3974 2905 4035 (καταλεί-

1747 4058 2003 4119 ψαντας...
2025 4055 2292 4116 διακονεῖν).
2368 4054 2439 4104 So
2484 4055 2549 4104 Ο.
2584 4055 2678 4112 L.;
2730 4053 2905 4119 vulg„

1749 4139 1785 4163 ‘⁸
1804 4137 2146 4202 derelinquere
2166 4174 2285 4187 ......
2304 4144 2353 4186 et
2420 4135 2702 4186 ministrare
2717 4134 2747 4157 ”
2816 4134 2899 4199 (ef.

1744 4228 1915 4284 supra,
1943 4235 2022 4268 vv.
2045 4217 2143 4282 ss.)-
2166 4217 2266 4268 Th.
2291 4232 2451 4268 seems
2481 4224 2535 4267 to
2555 4218 2685 4267 have
2706 4217 2904 4268 written

1747 4299 1870 4350 with
1914 4298 2282 4349 characteristic
2318 4296 2631 4347 inexactness
2660 4294 2794 4357 ἄξιον
2830 4297 2907 4347 sor

1748 4375 1964 4440 ἀρεστόν,
1992 4378 2094 4428 and
2127 4375 2214 4437 τῆς
2236 4377 2548 4427 διδασκαλίας
2570 4376 2646 4428 for
2669 4375 2754 4428 τοῦ
2779 4374 2905 4426 θεοῦ.

1749 4462 1845 4513 See
1867 4478 1919 4527 p.
1950 4475 2059 4524 152,
2083 4461 2118 4512 1.
2145 4459 2223 4517 26,
2248 4468 2381 4510 note.
