3221 5116
523 356 609 423 26
1202 372 1660 425 THEODORUS
1707 368 2292 425 MoPsUESTENUS

2523 353 2670 440 [IV.
2701 371 2943 436 9—12.

523 536 673 600 loco
707 538 793 601 de
834 537 964 602 illis
1002 539 1243 618 scribit,
1277 562 1357 605 eo
1405 542 1586 624 quod
1644 542 1791 625 ipsa
1840 540 2144 608 otiositas
2180 551 2250 607 et
2293 559 2569 626 operum
2622 541 2951 606 securitas

525 637 811 704 faciebat
840 661 956 704 eos
986 642 1053 705 in
1089 642 1250 706 nihil
1285 644 1446 709 utile
1484 646 1701 727 ipsam
1744 645 1932 709 abuti
1978 647 2404 710 otiositatem.
2494 644 2743 708 etenim
2775 644 2947 707 dum

524 741 791 804 bonitas
850 742 1131 807 aliorum
1192 746 1334 809 sine
1404 748 1817 811 discussione
1868 749 2123 812 cunctis
2184 748 2640 831 indigentibus
2700 746 2950 811 solatia

527 848 904 929 praebebat,
958 857 1221 912 tantum
1272 850 1327 912 si
1359 850 1655 914 eiusdem
1701 850 1854 914 fidei
1897 871 2042 915 esse
2083 852 2665 928 existimarentur3
2709 848 2951 912 laudat

465 948 797 1029 Squidem
847 949 1151 1032 primitus
1204 950 1370 1026 illos,
1425 952 1538 1033 qui
1588 953 2000 1034 praebebant
2054 952 2143 1016 ob
2194 952 2330 1016 tale
2382 953 2819 1035 propositum,
2874 957 2951 1013 et

527 1050 707 1131 quod
755 1052 1121 1115 necessarie
1162 1051 1325 1115 illud
1368 1053 1773 1135 explebant3
1817 1052 2015 1117 simul
2062 1054 2266 1117 etiam
2305 1064 2375 1118 et
2413 1053 2778 1117 conlaudat
2809 1070 2949 1126 e05,

528 1152 845 1233 quoniam
895 1173 1029 1216 non
1076 1153 1290 1217 solum
1342 1175 1500 1237 erga
1547 1175 1722 1232 suos,
1770 1155 1886 1219 sed
1925 1165 1993 1221 et
2043 1156 2210 1220 alios
2255 1156 2501 1233 fideles»,
2534 1158 2648 1239 qui
2685 1157 2753 1219 in
2796 1154 2949 1218 aliis

529 1253 693 1317 locis
739 1275 1151 1320 commorare
1199 1256 1613 1333 uidebantur,
1662 1257 1798 1321 tale
1858 1258 2312 1323 adcelerarent
2369 1260 2666 1322 studium
2729 1257 2950 1320 adim-

530 1356 724 1439 plere.
814 1360 1151 1442 praecepit
1183 1380 1342 1423 uero
1384 1360 1618 1423 ceteris
1660 1369 1736 1422 ut
1772 1379 1904 1422 non
1949 1359 2311 1424 abutantur
2351 1360 2614 1423 illorum
2656 1358 2951 1423 liberali-

427 1472 505 1520 10
528 1468 738 1524 tatem
772 1460 858 1525 ad
891 1461 1004 1525 illa
1035 1484 1205 1546 quae
1237 1483 1370 1526 non
1403 1463 1828 1538 conueniunt,
1861 1461 1974 1544 qui
2018 1482 2233 1545 neque
2276 1461 2487 1525 ullum
2526 1482 2696 1545 opus
2728 1461 2950 1525 facere

530 1562 846 1628 uolebant
895 1574 962 1629 et
1006 1566 1346 1629 otiositate
1391 1565 1536 1649 ipsa
1581 1565 1667 1629 ad
1716 1565 1829 1629 illa
1873 1585 2047 1648 quae
2092 1585 2227 1628 non
2268 1566 2761 1631 conueniebant
2802 1585 2953 1629 sese
3045 1566 3060 1582 ⁶

530 1684 839 1729 exercere
867 1668 1333 1750 properabant.
1377 1673 1394 1700 ‘
1413 1668 1583 1732 sicut
1615 1668 1792 1731 enim
1819 1659 2166 1731 laudamus
2190 1667 2336 1731 illos
2360 1670 2472 1752 qui
2497 1668 2979 1752 indigentibus-

532 1766 912 1832 ministrant
942 1777 1010 1833 et
1039 1768 1173 1832 tale
1204 1770 1619 1851 propositum
1652 1790 1809 1852 erga
1840 1769 2069 1833 fideles
2106 1769 2340 1834 fratres
2370 1790 2526 1835 suos
2558 1771 2950 1849 ostendunt,

531 1871 626 1934 sic
678 1879 747 1935 et
794 1881 1048 1935 ceteros
1098 1872 1405 1937 uolumus
1457 1873 1734 1957 adsequi
1776 1875 2256 1937 incrementum
2305 1881 2381 1937 ut
2425 1873 2632 1956 quieti
2677 1873 2831 1949 sint,
2880 1881 2955 1937 et

429 1981 500 2048 15
533 1971 647 2035 illa
687 1992 858 2054 quae
894 1994 1014 2036 sua
1054 1976 1211 2037 sunt
1261 1984 1481 2057 agant,
1519 1976 1947 2057 operantibus
1995 1976 2301 2039 manibus
2352 1976 2528 2052 suis;
2574 1995 2664 2038 ex
2710 1974 2958 2058 quibus

532 2074 846 2156 possibile
885 2076 972 2138 sit
1009 2095 1123 2138 eos
1162 2096 1296 2139 non
1338 2077 1633 2159 indigere
1671 2076 1943 2141 alterius
1981 2077 2308 2154 solatium,
2346 2087 2414 2141 et
2453 2077 2633 2160 apud
2678 2086 2953 2140 exteros

534 2179 809 2242 minime
839 2177 1156 2242 confundi
1204 2199 1326 2261 pro
1371 2199 1572 2261 opere
1614 2178 2011 2243 indecente.’
2103 2190 2172 2243 et
2210 2178 2339 2243 hoc
2370 2179 2438 2242 in
2471 2179 2619 2242 loco
2647 2179 2961 2243 similiter

534 2282 777 2345 adicit:
830 2280 998 2344 sicut
1026 2281 1466 2364 praecepimus
1516 2283 1711 2359 uobis,
1768 2292 1835 2346 et
1884 2283 2154 2365 reliqua,
2204 2283 2567 2371 ostendens
2629 2284 2953 2365 quoniam

534 2403 657 2446 nec
704 2382 832 2445 hoc
874 2403 1124 2446 nouum
1176 2383 1301 2446 illis
1351 2404 1527 2447 nunc
1572 2384 1823 2448 indicit.
1912 2387 2150 2449 transit
2199 2405 2358 2448 uero
2398 2384 2673 2448 ulterius
2718 2384 2804 2448 ad
2839 2384 2959 2449 illa

425 2497 512 2548 20
535 2503 707 2566 quae
746 2482 877 2546 dici
916 2485 1420 2562 conueniebant‚
1461 2485 1751 2548 suadens
1794 2495 1871 2549 ut
1906 2507 2041 2549 non
2083 2485 2432 2549 inhoneste
2475 2485 2694 2550 serant
2732 2486 2818 2551 de
2848 2487 2957 2551 his

536 2586 652 2669 qui
698 2585 786 2649 ab
829 2585 956 2650 hac
1001 2588 1142 2650 uita
1187 2589 1566 2665 excedunt;
1612 2589 2047 2671 quamobrem
2090 2599 2158 2654 et
2206 2592 2292 2653 de
2334 2589 2556 2653 futuro
2597 2598 2778 2654 statu
2825 2591 2957 2654 illis

537 2690 867 2772 disputat,'
897 2699 965 2753 et
1002 2689 1283 2772 gloriam
1324 2690 1505 2754 illam
1551 2712 1725 2774 quae
1756 2712 1913 2774 erga
1954 2702 2223 2755 sanctos
2268 2702 2426 2756 tunc
2469 2691 2593 2754 erit
2640 2693 2957 2774 explicat,

538 2800 605 2855 et
629 2791 717 2854 ob
749 2791 1212 2854 necessitatem
1245 2792 1587 2856 doctrinae
1620 2792 1734 2855 illa
1758 2813 1931 2875 quae
1964 2802 2344 2874 competere
2367 2794 2495 2856 sibi
2521 2794 2961 2861 existimabat

540 2896 625 2959 ad
687 2915 1000 2978 praesens
1058 2905 1526 2978 argumentum
1600 2905 1880 2959 enarrat.
1970 2915 2129 2959 nam
2192 2898 2259 2959 in
2320 2906 2648 2979 quantum
2709 2917 2961 2979 magna

639 3076 668 3111 ο
702 3060 830 3125 ipsa,
864 3059 1123 3110 ociositate
1161 3058 1208 3109 C
1238 3059 1386 3122 (corr)
1410 3059 1478 3109 H
1498 3056 1712 3116 {imbuti
1744 3059 1813 3108 H
2042 3072 2070 3122 5
2106 3059 2173 3108 ob
2195 3059 2285 3109 tali
2306 3062 2565 3124 propositu
2590 3057 2663 3124 (-ο
2684 3058 2774 3125 Η)
2803 3059 2881 3110 C*
2900 3061 2972 3110 H

540 3140 574 3192 6
604 3141 882 3192 necessario
903 3157 937 3190 r
1201 3149 1229 3201 7
1263 3155 1382 3204 erga
1405 3139 1510 3204 (bqf
1516 3138 1660 3203 alios)
1683 3139 1789 3188 add
1808 3138 1852 3188 C
1872 3138 2017 3200 (corr)
2273 3142 2304 3190 8
2336 3140 2717 3190 commemorari
2745 3141 2788 3190 C
2809 3139 2960 3205 (corr)

567 3222 577 3287 Ι
606 3224 881 3272 accelerare
902 3238 935 3270 r
1160 3236 1193 3290 9
1225 3237 1346 3286 ergo
1370 3219 1486 3284 (χόν
1503 3222 1645 3281 uero)
1668 3236 1703 3271 r
1726 3219 1736 3286 Ι
1765 3220 2064 3271 liberalitate
2091 3221 2138 3270 C
2154 3219 2301 3283 (corr)
2368 3222 2599 3271 libertate
2620 3238 2655 3271 r
2900 3237 2955 3272 11

542 3305 873 3356 conueniebat
902 3301 980 3354 C*
1215 3302 1275 3354 16
1321 3302 1500 3352 solatio
1527 3301 1604 3352 C’
1629 3317 1664 3352 r
1908 3312 1966 3364 ιγ
1998 3301 2252 3352 indicente
2279 3300 2356 3352 C*
2381 3303 2451 3352 H
2460 3318 2495 3353 r
2724 3302 2784 3353 18
2817 3317 2959 3368 prae·

543 3386 755 3452 cipimus
776 3386 844 3436 H
864 3381 873 3450 Ι
900 3391 951 3435 et
972 3398 1018 3434 c·
1045 3382 1160 3449 (sor
1179 3390 1229 3434 et
1250 3381 1361 3448 rel.)
1386 3398 1419 3430 r

608 3553 659 3597 4.
747 3535 927 3586 laudat
990 3509 1213 3600 quidem·
1255 3533 1521 3598 primitus,
1593 3532 1709 3596 ἃς]
1811 3531 1989 3596 τολλῷ
2008 3533 2201 3595 μᾶλλον
2229 3537 2275 3585 οί
2305 3537 2618 3597 ἔξωθεν...δὼ
2651 3537 2732 3585 καὶ
2763 3553 2965 3600 χριστ·

545 3619 692 3668 ‘The
736 3619 841 3684 Ap.
879 3618 1076 3668 desired
1120 3633 1188 3668 on
1223 3618 1311 3667 the
1350 3632 1448 3666 one
1481 3617 1621 3668 hand
1654 3624 1708 3668 to
1809 3619 2094 3681 εμτόρους
2133 3621 2365 3668 καλοῦσιν
2404 3617 2549 3678 ἡμᾶς.
2618 3619 2700 3669 Cf.
2723 3618 2965 3670 Th.'sre·

543 3717 821 3765 encourage
842 3700 1159 3764 almsgiving‚
1182 3700 1283 3749 and
1314 3713 1384 3747 on
1416 3699 1502 3749 the
1535 3699 1699 3756 other,

544 3789 600 3830 to
651 3781 808 3845 guard
864 3781 1059 3844 against
1112 3779 1179 3828 its
1233 3778 1455 3843 possible
1509 3777 1700 3829 abuse.’

548 3861 804 3924 Similarly
823 3862 1006 3910 Thdt.:
1041 3860 1319 3922 συνέβαινεν
1338 3861 1437 3921 γὰρ
1469 3860 1579 3909 τοὺς
1612 3859 1702 3918 μὲν

547 3945 825 4006 φιλοτίμους
886 3944 1117 4005 χορηγεῖν
1172 3943 1273 3992 τοΐς
1329 3942 1564 4000 δεομένας
1617 3945 1707 4003 τὴν

545 4025 730 4086 χρείαν,
767 4024 876 4074 τοὺς
906 4024 958 4071 δὲ
980 4024 1060 4072 διὰΙ
1090 4027 1180 4085 τὴν
1213 4023 1397 4072 τούτων
1429 4023 1708 4082 φιλοτιμίαν

547 4106 745 4163 ἀμελεῖν
810 4104 896 4161 τῆς
950 4105 1200 4165 ἐργασίας.
1300 4103 1493 4152 εἰκότως
1546 4106 1706 4154 τοίνυν

547 4186 790 4235 κάκείνους
823 4180 1076 4245 ἐπῇνεσεν,
1113 4186 1191 4233 καὶ
1229 4185 1413 4232 τούτοις
1448 4184 1513 4232 τὰ
1556 4186 1706 4247 πρόσ-

547 4272 677 4327 φορα
719 4262 1105 4327 συνεβούλευσεν.
1172 4264 1297 4313 And
1340 4263 1538 4328 Chrys„
1590 4265 1706 4314 who

546 4347 663 4396 thus
683 4346 878 4410 applies
899 4346 985 4396 the
1006 4344 1213 4410 reproos
1241 4352 1296 4396 to
1317 4343 1397 4393 his
1429 4361 1544 4395 own
1577 4362 1702 4410 age:

547 4431 594 4477 ει·
615 4428 715 4491 γὰρ
737 4429 782 4478 ol
802 4426 918 4491 ‘rap’
942 4426 1055 4488 ἡμῖν
1078 4425 1481 4482 σκανδαλίζονται
1502 4423 1703 4484 τούτοις,

1806 3698 1976 3748 marks
2011 3714 2079 3748 on
2111 3714 2138 3748 ’ς
2163 3698 2341 3749 Thess.
2372 3699 2444 3749 iii.
2478 3698 2659 3762 6—15‚
2694 3715 2715 3749 ι
2742 3700 2881 3750 Tim.
2910 3717 2963 3750 v.

1810 3778 2018 3831 11—16.

1867 3860 1916 3910 6.
2000 3860 2284 3921 conlaudat]
2358 3881 2404 3903 =
2417 3863 2737 3924 προσεπαινεῖ
2776 3878 2836 3912 or
2878 3865 2966 3915 the

1805 3941 1947 3991 like?
2012 3940 2195 4004 Comp.
2219 3941 2452 3992 however
2474 3942 2556 3992 De
2578 3943 2683 4000 vit,
2707 3960 2747 3992 s.
2763 3960 2812 3993 v.
2840 3945 2962 4011 (10).

1879 4037 1956 4084 ¹4·
2021 4021 2224 4084 adsequi
2243 4022 2623 4083 incrementum]
2655 4026 2837 4086 τροφῆς
2863 4027 2967 4076 ἐπι-

1806 4103 1987 4161 τυχεῖν.
2055 4100 2158 4149 For
2177 4102 2966 4155 incrementum=nutrimentum

1807 4199 1890 4232 see
1912 4181 2060 4237 lexx„
2083 4197 2120 4230 s.
2135 4198 2182 4230 v.
2248 4183 2475 4233 Suadens
2495 4191 2556 4232 ut
2581 4199 2684 4233 non
2719 4185 2974 4236 inhoneste

1790 4264 1987 4327 ferant,
2026 4262 2113 4310 διε.
2132 4263 2362 4312 επείθων
2396 4262 2524 4313 ὥστε
2564 4265 2632 4324 μὴ
2677 4265 2970 4326 ἀσχημόνως

1807 4344 1939 4403 ἔχειν
1976 4342 2086 4402 περὶ
2124 4343 2238 4398 τῶν,
2275 4346 2427 4395 ιτα-,λι
2500 4345 2763 4396 consolari
2808 4363 2966 4412 pass„

1806 4436 1890 4472 see
1913 4434 1952 4472 ι.
1975 4437 2026 4486 p.
2058 4435 2164 4486 194,
2191 4421 2223 4470 l.
2260 4436 2335 4485 19.
