3221 5116
368 433 824 486 FRAGMENTS
870 434 965 485 oF
1010 433 1166 485 THE
1213 393 1607 485 Do‘olu'xrrc
1654 432 1922 485 womts
1968 432 2063 484 or·-
2109 432 2534 486 Tnsononss.
2607 434 2731 501 3¹7

310 627 365 684 9.
452 603 693 688 [Justin.
736 615 818 684 ep.
863 582 1001 666 aduss
1051 607 1162 668 n.
1209 603 1295 685 (ιν
1330 605 1408 684 τῷ
1441 603 1612 684 τρίτῳ
1648 601 1792 664 κατὰ
1825 576 2234 684 ’mmmm
2270 602 2495 687 λόγου).
2595 608 2731 667 Aet„

492 705 679 767 Conc-
714 705 837 766 CP.
870 703 927 764 ii.
960 720 1040 764 ιν.
1079 723 1152 763 10
1183 702 1247 783 (“
1264 713 1325 764 et
1352 711 1491 780 post
1516 699 1636 761 alia
1651 700 1724 779 ”).
1810 700 1945 781 Vig.
1984 721 2074 762 10.
2163 702 2362 780 Pelag.
2392 702 2431 762 l.
2460 698 2550 783 c.].

391 832 573 914 ’Ἑγῶ
610 834 732 912 μέν,
774 832 847 897 ὦς
878 832 1066 911 ὁρᾶτε,
1093 832 1332 910 δύναμαι
1368 832 1479 909 μὲν

308 932 493 991 ποιεῖν
519 927 676 990 οἰδὲν
702 927 845 990 κατὰ
870 929 975 1007 τήν
1000 930 1209 991 οἰκείαν
1224 929 1405 1006 φύσιν
1413 929 1471 1004 ¹¹⁹,

309 1028 410 1091 ἅτε
429 1026 722 1106 ἅνθρωπος
738 1025 832 1088 ὧν·
860 1026 1166 1110 ἐργάζομαι
1184 1027 1263 1101 δέ,
1283 1025 1475 1104 ἐπειδή

308 1127 382 1192 ἐκ
441 1125 578 1192 ἐμοὶ
635 1129 858 1192 neuma
907 1128 945 1191 ό
991 1129 1193 1212 narn-lp
1250 1129 1475 1191 ἅπαντα

308 1237 473 1297 ποιεῖ,
560 1232 751 1311 ἐπειδὴ
797 1235 909 1315 γὰρ
955 1228 1085 1303 εΤὠ
1129 1256 1194 1294 τε
1244 1232 1472 1314 (φησὶν)

310 1332 381 1398 ἐκ
408 1335 503 1418 τῷ
535 1331 709 1419 πατρὶ
743 1331 833 1397 καὶ
865 1333 902 1397 ὁ
934 1332 1135 1418 πατήρ
1165 1331 1237 1398 ἐκ
1272 1330 1472 1408 ἐμοί-θ’,

311 1433 438 1500 Ouis-
484 1434 546 1496 δὲ
586 1432 765 1518 λόγος
811 1438 874 1497 ἔν
920 1434 1061 1513 ἐμοί,
1105 1432 1140 1495 ὅ
1187 1437 1290 1495 τοῦ
1342 1419 1477 1495 ’θεοῦ

310 1531 635 1615 μονογενής·
689 1530 956 1611 δηλονότι
1003 1532 1095 1593 καὶ
1136 1533 1325 1611 παπ-ἦρ
1366 1530 1477 1594 σῦν

311 1627 1477 1712 αὖτῷένὲμοίτεμέωνκαὶέργα

309 1727 519 1786 ποιῶν]
600 1726 695 1787 καὶ
730 1725 1059 1804 θαυμαστόν
1094 1751 1162 1808 γε
1196 1724 1356 1787 οῦδὲν
1384 1727 1477 1786 ἐπὶ

307 1827 410 1885 τοῦ
454 1828 711 1903 Χριστοῦ
751 1827 919 1885 τοῦτο
964 1824 1224 1902 νομίζειν,
1272 1827 1477 1901 σαφῶς

308 1920 482 1984 αὐτοῦ
520 1924 650 2001 περὶ
683 1925 796 1983 τῶν
831 1925 1050 1983 λοιπῶν
1086 1922 1352 2003 λέγοντος
1386 1920 1476 1982 α’ν-

310 2027 564 2105 θρώπων·
609 2024 646 2089 ὁ
687 2020 945 2097 tis-andin
994 2044 1074 2086 me
1119 2021 1232 2086 τὸκ
1281 2024 1470 2096 Adron

310 2150 433 2204 Μογ
499 2129 763 2214 τκρήοει,
837 2124 927 2191 καὶ
988 2126 1027 2189 ὁ
1084 2125 1285 2212 nai-rip
1351 2148 1476 2201 Μογ

309 2227 600 2303 &taurica
652 2228 863 2304 afron·
926 2225 1013 2292 nai
1066 2229 1225 2314 πρὸς
1282 2228 1471 2304 afron

310 2331 689 2407 ἐλεγοόμεθα
734 2329 825 2396 καὶ
870 2331 1080 2395 nomin
1127 2330 1267 2416 παρ’
1304 2329 1474 2416 aba>

312 2439 650 2523 noiricomen
662 2435 709 2519 ‡.
767 2442 816 2500 d
832 2439 945 2521 γὰρ
964 2437 1097 2515 παρ’
1123 2438 1342 2520 ἑκάστῳ
1368 2442 1479 2501 τῶν

308 2538 573 2600 τοιούτων
614 2535 648 2598 ὅ
682 2562 744 2598 τε
787 2536 977 2614 πατὴρ
1018 2536 1112 2597 καὶ
1146 2535 1181 2599 ὅ
1214 2535 1331 2601 υἱός
1372 2535 1478 2614 τὴν

310 2636 493 2714 μονὴν
531 2639 840 2707 ruffinae,
877 2636 939 2697 τί
970 2636 1298 2714 θαυμαστόν
1334 2639 1384 2697 εἰ
1418 2640 1477 2698 ἓν

310 2736 391 2814 τῷ
430 2733 574 2794 κατὰ
605 2732 796 2811 σάρκα
826 2732 1077 2811 &ntia-y
1108 2736 1341 2815 Χριστῷ
1375 2732 1477 2812 ἅμ-

313 2839 406 2910 φω
450 2830 570 2892 κατ’
612 2830 751 2893 αὖτό
799 2831 1081 2910 νομίζοιτο
1122 2833 1326 2909 μένειν,
1371 2840 1477 2910 τῆς

316 2928 460 2992 κατὰ
489 2928 595 3007 τήν
625 2928 828 2990 οὗσίαν
862 2928 1143 2993 κοινωνίας
1177 2929 1477 3009 προσιεμέ·

315 3052 429 3104 νης,
473 3024 544 3091 ὥς
584 3024 749 3101 εἰκός,
795 3025 889 3086 καὶ
933 3025 1040 3104 τὴν
1081 3029 1186 3103 τῆς
1229 3033 1479 3109 μετοχῆς

311 3125 635 3199 κοινωνίανς

1656 838 1672 866 ⁴
1692 834 1825 910 Ego
1853 832 2100 909 quidem
2128 852 2312 910 quem
2341 832 2560 894 uidetis
2586 831 2736 894 nihil

1573 928 1821 1006 quidem
1868 931 2065 993 facere
2111 950 2357 1009 possum
2401 931 2735 992 secundum

1571 1046 1772 1087 meam
1828 1039 2116 1102 naturam,
2162 1047 2301 1088 cum
2357 1029 2543 1089 homo
2586 1027 2737 1101 sim3

1571 1143 1786 1202 operor
1824 1136 2042 1197 autem,
2086 1125 2230 1204 quia
2268 1127 2332 1185 in
2375 1144 2464 1184 me
2501 1145 2739 1185 manens

1573 1226 1760 1285 Pater
1791 1223 1996 1286 omnia
2028 1225 2186 1286 facit.
2258 1224 2544 1303 quoniam
2573 1225 2734 1286 enim
2804 1237 2836 1297 5

1571 1340 1665 1399 egv
1704 1323 1767 1383 in
1809 1324 1992 1383 Patre
2025 1331 2082 1383 et
2112 1324 2299 1383 Pater
2334 1323 2399 1383 iu
2433 1341 2534 1398 me,
2570 1323 2735 1382 Deus

1573 1427 1777 1478 autem
1816 1419 2087 1479 Verbum
2132 1416 2495 1497 Unigenitus
2536 1416 2598 1477 in
2632 1436 2750 1503 mev

1574 1527 1685 1588 est,
1724 1526 1953 1575 certum
1988 1525 2078 1576 est
2105 1515 2274 1592 quod
2301 1525 2363 1575 et
2394 1515 2567 1574 Pater
2593 1533 2735 1574 cum

1575 1611 1708 1691 ipso
1750 1612 1812 1673 in
1853 1632 1952 1675 me
1992 1623 2196 1674 manet
2236 1624 2296 1673 et
2339 1631 2524 1690 opera
2558 1610 2737 1672 facit)

1574 1720 1637 1770 et
1679 1729 1801 1770 non
1845 1720 1936 1771 est
1986 1710 2322 1771 mirandum
2372 1710 2450 1771 de
2494 1708 2736 1772 Christo
2767 1733 2841 1772 ro

1575 1807 1726 1868 haec
1745 1805 2083 1879 existimari,
2105 1826 2245 1867 cum
2272 1805 2580 1868 euidenter
2605 1805 2736 1885 ipse

1575 1905 1655 1964 de
1709 1903 1922 1965 ceteris
1975 1903 2319 1966 hominibus
2373 1904 2573 1966 dicat:
2634 1905 2746 1980 qui

1573 2003 1770 2080 ddejgit
1794 2023 1895 2077 mc,
1928 2004 2161 2063 uerbum
2190 2022 2374 2062 meum
2400 2003 2733 2076 obser-uam,

1574 2106 1633 2157 et
1648 2108 1834 2177 pater
1874 2119 2031 2159 meus
2055 2101 2255 2177 diltjgtt
2274 2118 2402 2159 eum
2426 2105 2482 2159 et
2504 2100 2590 2159 ad
2608 2119 2734 2161 eum

1576 2197 1865 2254 uem’emus
1908 2201 1963 2254 et
2006 2197 2355 2256 manshnem
2403 2198 2569 2274 apud
2605 2215 2734 2255 eum
2769 2213 2836 2274 15

1557 2295 1862 2370 faciemus.
1974 2292 2025 2355 si
2089 2296 2250 2355 enim
2307 2294 2470 2373 apud
2525 2313 2736 2355 unum·

1573 2409 1876 2468 quemque
1922 2390 2262 2452 huiusmodi
2308 2390 2617 2452 hominum
2674 2403 2735 2452 et

1577 2487 1753 2547 Pater
1780 2497 1841 2547 et
1869 2485 2054 2547 Filius
2083 2485 2458 2547 mansionem
2487 2486 2732 2562 faciunt,

1572 2592 1725 2669 quid
1771 2591 2110 2653 mirandum
2158 2605 2250 2655 est
2288 2592 2339 2654 si
2374 2591 2439 2654 in
2482 2594 2734 2657 domino

1574 2700 1906 2761 secundum
1961 2718 2202 2762 oernem
2258 2699 2498 2763 Christo
2550 2702 2733 2764 ambo
2763 2730 2839 2769 20

1573 2806 1751 2866 simul
1791 2817 2141 2884 putarentur
2174 2826 2435 2882 manere,
2468 2826 2734 2870 commu-

1573 2913 1757 2976 nione
1773 2933 1981 2975 eorum
1998 2915 2328 2975 secundum
2338 2914 2731 2976 substantiam

1570 3019 2062 3082 communionem
2079 3020 2261 3082 etiam
2282 3021 2606 3084 mansionis
2623 3023 2734 3084 for·

1567 3125 1724 3187 sitan
1753 3125 2117 3205 suscipiente
2136 3130 2166 3190 Ρ

537 3363 628 3404 ro.
717 3341 872 3427 [Act.
904 3345 1093 3407 Cone.
1124 3345 1247 3406 CP.
1279 3343 1335 3405 ii.
1369 3342 1442 3405 iv.
1482 3364 1548 3403 ιι
1584 3345 1647 3426 (⁸⁴
1663 3353 1724 3405 et
1752 3355 1890 3423 post
1916 3342 2132 3425 alia’').
2203 3344 2336 3425 Vig.
2376 3343 2493 3428 11]-

438 3473 534 3535 Ita
559 3485 621 3535 et
648 3471 911 3534 animam
940 3483 1153 3550 utpote
1179 3471 1503 3533 humanam
1531 3483 1593 3533 et
1620 3470 1998 3534 inmortalem
2028 3472 2414 3535 constitutam
2443 3484 2503 3536 et
2523 3492 2731 3536 sensus
2759 3491 2831 3551 ²5

311 3569 658 3650 participem
687 3569 852 3648 prius
877 3569 1179 3648 accipiens
1206 3580 1267 3630 et
1293 3589 1401 3648 per
1425 3569 1915 3631 resurrectionem
1941 3568 2004 3630 in
2033 3569 2554 3633 inmutabilitatem
2591 3590 2731 3633 con-

312 3672 584 3744 stituens,
631 3668 717 3730 sic
765 3681 827 3731 et
869 3665 1047 3730 nobis
1096 3669 1426 3730 eorundem
1472 3667 1723 3729 istorum
1766 3688 1872 3747 per
1918 3668 2408 3731 resurrectionem
2457 3671 2731 3748 praebuit

312 3766 815 3831 communionem.
902 3767 1042 3828 ideo
1069 3779 1210 3830 ante
1247 3766 1740 3830 resurrectionem
1780 3786 1852 3829 ex
1889 3767 2136 3828 mortuis
2166 3767 2436 3846 increpat
2484 3767 2729 3845 quidem

316 3869 555 3929 Petrum
584 3878 651 3928 ut
676 3866 799 3928 suis
836 3886 976 3928 eum
1017 3866 1271 3927 uocibus
1307 3866 1869 3944 scandalizantem§,
1901 3876 1961 3927 et
1995 3863 2059 3925 in
2088 3884 2308 3944 magna
2334 3864 2730 3944 trepidatione

313 3983 421 4043 per
447 3975 683 4043 tempus
710 3961 1005 4042 passionis
1033 3962 1396 4025 constitutus
1431 3962 1806 4041 adparitione
1836 3961 2032 4040 angeli
2071 3962 2299 4041 indiget
2338 3963 2729 4025 confortantis
2757 3986 2838 4043 30

315 4082 453 4123 eum
498 4062 579 4122 ad
624 4059 972 4138 patientiam
1015 4071 1076 4121 et
1112 4060 1490 4122 tolerantiam
1527 4059 1970 4120 imminentium
2006 4062 2300 4120 malorum
2324 4081 2343 4135 ;
2382 4073 2522 4138 post
2547 4081 2730 4125 resur-

316 4158 643 4221 rectionem
671 4170 878 4218 autem
905 4177 977 4218 ex
1004 4158 1252 4220 mortuis
1279 4170 1340 4220 et
1369 4157 1431 4218 in
1458 4159 1661 4219 caelos
1697 4175 2011 4218 ascensum
2048 4156 2404 4235 inpassibilis
2440 4159 2632 4223 sactus
2670 4175 2731 4224 et

422 4338 479 4388 13
513 4325 745 4375 obseruet
771 4325 823 4374 P

314 4405 606 4458 munionem
641 4406 691 4455 V

391 4519 420 4546 ⁴
455 4519 536 4582 [S.
558 4519 694 4585 John
717 4536 765 4569 v.
796 4519 893 4585 ¹9]-

878 4421 935 4466 2⁴
974 4406 1327 4471 suscipientem
1362 4405 1413 4455 V

1031 4339 1092 4391 ¹9
1124 4323 1510 4375 existimandum
1531 4339 1573 4373 e.
1603 4330 1659 4372 nt
1694 4322 1746 4370 V

1013 4519 1047 4570 ‘l'
1083 4521 1136 4570 S.
1159 4519 1294 4583 John
1322 4519 1418 4567 xiv.
1453 4534 1526 4579 ro,
1554 4535 1627 4569 11.

1944 4337 2008 4372 20
2040 4320 2227 4372 Christi
2263 4323 2315 4371 V
2497 4341 2555 4376 21
2593 4340 2730 4376 com·

1745 4519 1778 4576 t
1811 4519 1883 4570 lb.
1918 4534 1995 4582 23.
2100 4520 2123 4578 ξ
2156 4519 2235 4581 [S.
2263 4520 2407 4569 Matt.
2436 4519 2534 4569 xvi.
2560 4520 2659 4583 ²3]-
