3221 5116
278 413 345 477 J.
380 430 437 511 3,
466 412 555 496 4]
843 425 926 476 IN
976 427 1080 477 ΕΡ.
1127 426 1230 476 AD
1275 426 2024 478 THESSALomcENSES
2074 428 2148 477 11.
2626 424 2709 492 43

290 597 610 678 quoniam
630 596 900 681 gratias
935 617 1126 681 agere
1163 597 1473 674 debemus,
1506 597 1698 682 quasi
1738 597 1852 681 qui
1895 605 1964 662 et
1996 595 2279 660 incusari
2320 594 2410 660 sit
2447 593 2713 678 dignuS,

290 700 346 762 si
378 719 515 762 non
546 700 850 764 debitum
883 701 1187 765 redderet
1218 721 1341 784 pro
1373 701 1517 775 illis,
1551 721 1673 785 pro
1705 701 1947 784 quibus
1977 710 2044 765 et
2077 701 2325 765 debent
2348 701 2713 784 gratiarum

291 801 643 878 actionem,
666 822 746 866 eo
765 803 944 885 quod
979 813 1047 867 et
1079 804 1444 867 necessarie
1475 803 1720 866 debere
1751 800 1933 866 illam
1960 802 2283 866 uideatur.
2328 810 2396 865 et
2427 801 2715 865 adiectio

290 916 390 970 est
446 907 796 989 perspicua
841 927 1046 990 quam
1100 908 1345 971 adiecit
1390 907 1620 971 dicens
1668 905 1839 969 sicut
1885 904 2160 988 dignum
2206 913 2350 981 est,·
2418 905 2600 988 quod
2646 912 2716 969 et

291 1008 515 1089 ipsum
578 1017 1014 1090 augmentum
1076 1007 1282 1072 habet
1338 1009 1703 1090 gratiarum
1779 1008 2079 1084 actionis,
2142 1006 2469 1091 siquidem
2554 1006 2714 1071 talia
2790 1011 2821 1078 5

287 1122 445 1175 sunt
491 1132 665 1195 quae
710 1112 1076 1177 secundum
1116 1133 1232 1176 eos
1270 1121 1446 1190 sunt,
1486 1120 1562 1175 ut
1606 1112 1779 1174 iuste
1827 1111 1976 1174 Deo
2022 1131 2145 1193 pro
2183 1110 2311 1173 illis
2348 1108 2711 1192 gratiarum

289 1213 467 1276 actio
518 1213 855 1280 referatur.
948 1214 1125 1277 unde
1184 1214 1546 1278 ostendens
1600 1214 1758 1296 quia
1818 1214 1958 1276 iure
2012 1213 2139 1276 ista
2177 1212 2359 1289 dicit,
2409 1232 2489 1275 eo
2531 1211 2711 1295 quod

289 1337 539 1401 magna
570 1326 759 1382 erant
791 1318 904 1382 illa
934 1340 1105 1403 quae
1137 1318 1503 1382 secundum
1535 1337 1651 1380 eos
1683 1325 1888 1390 erant,
1922 1317 2017 1379 ait
2047 1337 2061 1378 :

417 1487 731 1570 quoniam
780 1488 1187 1572 supercrescit
1211 1487 1389 1572 fides
1438 1497 1678 1567 uestra,
1732 1498 1796 1551 et
1850 1486 2146 1552 abundat
2192 1487 2437 1553 caritas
2487 1488 2712 1552 unius-

287 1593 593 1675 cuiusque
620 1594 911 1683 omnium
941 1603 1230 1657 uestrum
1263 1594 1332 1656 in
1361 1594 1775 1657 alterutrum.
2747 1614 2827 1662 10

384 1731 673 1794 ‘etenim
717 1753 835 1814 per
873 1731 1099 1796 omnia
1144 1731 1440 1795 ostendit
1482 1732 1802 1814 quoniam
1852 1751 2100 1814 magna
2145 1739 2335 1796 erant
2381 1730 2493 1796 illa
2542 1752 2715 1815 quae

288 1833 660 1896 secundum
694 1854 807 1897 eos
841 1843 1044 1911 erant,
1078 1856 1166 1898 ex
1209 1835 1450 1918 quibus
1493 1834 1672 1897 dixit
1718 1833 1920 1896 fidem
1966 1853 2195 1897 eorum
2239 1855 2497 1917 augere,
2531 1834 2711 1918 quod

286 1934 628 1998 habebant
660 1934 908 2019 aliquid
943 1936 1229 2019 amplius
1265 1957 1307 2000 a
1348 1934 1709 2013 firmitate3
1759 1934 2036 2000 firmitas
2078 1935 2258 1999 enim
2296 1935 2426 1998 dici
2471 1943 2713 2017 potest,

289 2037 414 2100 etsi
476 2038 547 2099 in
610 2038 846 2101 eodem
921 2046 1101 2102 statu
1178 2048 1470 2101 maneat.
1563 2057 1720 2100 nam
1798 2036 1979 2118 quod
2055 2036 2262 2098 dixit.
2304 2035 2710 2118 supercreuit,

290 2140 589 2203 ostendit
641 2142 823 2224 quod
876 2149 945 2204 et
990 2141 1056 2204 in
1111 2142 1255 2223 ipsa
1305 2139 1434 2203 fide
1485 2149 1922 2223 augmentum
1976 2141 2419 2223 sumpserint3
2485 2150 2552 2206 et
2602 2142 2708 2206 ‘in
2748 2159 2817 2226 15

288 2242 684 2307 alterutrum
736 2246 1083 2308 caritatem
1143 2262 1372 2308 eorum
1422 2241 1799 2307 abundare'
1853 2243 2098 2321 dicenS,
2147 2246 2328 2329 quod
2376 2255 2443 2310 et
2493 2247 2711 2330 ipsum

290 2345 589 2408 ostendit
644 2345 709 2408 in
769 2347 914 2409 dies
967 2346 1265 2428 singulos
1328 2345 1671 2409 meliorem
1734 2344 1996 2408 illorum
2059 2345 2261 2410 fuisse
2321 2346 2713 2429 profectum.

285 2447 465 2529 quod
500 2448 704 2510 etiam
739 2449 952 2512 maius
983 2449 1287 2512 adserere
1317 2449 1588 2530 cupiens
1628 2448 1839 2511 dixit:
1882 2446 2383 2529 uniuscuiusque
2422 2449 2713 2513 omnium

291 2560 581 2613 uestrum
636 2550 705 2613 in
754 2550 1141 2615 alterutrum
1161 2576 1191 2627 ,·
1262 2571 1495 2614 omnes
1545 2550 1723 2614 enim
1775 2548 2079 2614 similiter
2117 2549 2294 2613 dixit
2340 2549 2508 2615 tales
2550 2571 2710 2617 esse.

292 2657 359 2713 et
389 2652 566 2735 quae
596 2660 699 2715 est
731 2653 919 2715 istius
949 2654 1038 2717 rei
1076 2652 1430 2736 probatio?
2741 2682 2827 2730 20

421 2806 519 2870 ita
552 2817 628 2871 ut
654 2829 766 2871 nos
797 2808 925 2892 ipsi
951 2808 1019 2872 in
1050 2809 1232 2873 uobis
1248 2808 1619 2893 gloriemur
1662 2806 1733 2870 in
1772 2805 2046 2870 ecclesiis
2076 2805 2221 2883 Dei,
2248 2817 2373 2909 pro
2387 2806 2714 2890 patientia

390 3029 416 3063 2
452 3030 548 3079 pro
565 3014 745 3079 quibus
767 3014 915 3065 debet
945 3015 989 3064 C
1010 3016 1155 3080 (corr)
1409 3027 1437 3076 3
1475 3019 1525 3063 et
1547 3010 1654 3077 (bqf
1662 3010 1872 3071 necess.)
1894 3026 1971 3060 om
2000 3010 2046 3059 C
2067 3010 2214 3072 (corr)
2240 3027 2273 3060 r
2427 3059 2432 3064 ,
2499 3024 2526 3074 5
2561 3012 2714 3063 habet

290 3102 414 3157 grat.
438 3111 517 3144 om
542 3110 576 3144 r
749 3107 775 3158 7
809 3096 958 3146 ualde
984 3096 1095 3159 (sor
1114 3096 1267 3156 unde)
1293 3096 1359 3144 H
1377 3093 1387 3159 Ι
1413 3110 1476 3145 eo
1497 3100 1547 3144 et
1571 3092 1709 3158 quod
1730 3109 1763 3142 r
1946 3093 1976 3142 8
2012 3102 2154 3142 erunt
2177 3108 2210 3141 r
2397 3109 2456 3144 10
2490 3095 2714 3143 omnium

289 3191 365 3224 om
388 3177 457 3225 H
647 3192 702 3227 11
739 3192 892 3241 quon.
915 3194 1098 3243 magna
1120 3194 1189 3227 er.
1212 3194 1289 3227 om
1317 3176 1387 3227 C*
1592 3190 1652 3237 14
1685 3175 1726 3223 si
1752 3173 1866 3239 (for
1884 3171 1995 3238 etsi)
2025 3173 2071 3223 C
2090 3173 2238 3236 (corr)
2463 3186 2518 3236 15
2543 3175 2595 3224 in
2621 3176 2730 3240 (bef

290 3255 419 3320 ipsa)
441 3275 521 3307 om
544 3260 612 3307 H
793 3269 850 3321 17
874 3259 1136 3309 meliorum
1164 3259 1234 3310 C·
1438 3259 1495 3307 18
1527 3256 1652 3306 dicit
1671 3255 1740 3304 H
1758 3254 1768 3320 Ι
1793 3262 2013 3305 uestrum
2036 3271 2173 3305 omn.
2199 3273 2232 3304 r
2424 3273 2482 3307 21
2520 3258 2714 3308 domini

289 3338 403 3401 (fir
419 3338 523 3400 dei)
548 3356 581 3388 r

363 3549 405 3584 1.
476 3537 489 3561 ‘
505 3532 762 3595 debemus-3
794 3536 945 3601 quasi
993 3536 1096 3600 qui,
1159 3533 1276 3597 δια]
1354 3534 1452 3584 See
1556 3536 1588 3559 ‘⁴
1608 3530 1663 3580 in
1686 3530 1956 3581 inuicem.‘’

296 3613 474 3673 below,
515 3631 561 3665 c.
608 3615 661 3665 ii.
709 3632 785 3680 13.
820 3616 1040 3681 Thpht:
1087 3617 1145 3666 τὸ
1178 3617 1278 3678 γὰρ
1323 3612 1454 3675 ἄξιον
1625 3628 1701 3677 13.
1767 3611 2298 3678 ampliusafirmt'tate]
2333 3612 2413 3662 Cf.
2453 3623 2491 3662 1.
2532 3630 2581 3679 p.
2627 3627 2704 3676 32,

296 3694 516 3755 γίνεσθαι
571 3698 812 3756 ποιοῦμεν·
882 3697 953 3745 διὸ
1009 3697 1086 3744 καὶ
1141 3693 1345 3756 ὀφειλὴν
1394 3696 1452 3743 τὸ
1554 3694 1589 3743 l.
1614 3692 1663 3754 6,
1693 3702 1827 3743 note.

300 3777 505 3839 πρᾶγμα
562 3778 817 3836 ὠνόμασεν.
891 3778 1114 3834 Debent,·
1167 3777 1254 3826 the
1309 3792 1453 3826 sense
1625 3792 1701 3839 14.
1766 3774 2087 3839 supercrescit]
2121 3775 2247 3824 This
2269 3774 2461 3839 change
2492 3774 2551 3824 os
2572 3782 2710 3827 tense

300 3872 458 3909 seems
491 3859 673 3909 almost
696 3868 749 3909 to
785 3859 981 3924 require
1017 3858 1147 3909 debet
1170 3857 1275 3922 (the
1298 3859 1437 3908 read·
1554 3859 1597 3908 is
1637 3858 1931 3924 apparently
1964 3874 1995 3907 a
2028 3858 2126 3922 slip
2158 3873 2225 3907 on
2262 3857 2347 3906 the
2381 3864 2490 3922 part
2524 3858 2584 3907 of
2608 3859 2709 3908 Th.

300 3939 385 4005 ing
406 3940 463 3991 of
495 3943 540 3991 C
558 3941 760 4002 (corr.)),
789 3957 847 3991 or
868 3941 1083 4006 perhaps
1107 3940 1281 3990 debeat.
1552 3940 1769 3990 himself.
1832 3938 2006 4003 Chrys
2030 3937 2151 3988 calls
2173 3936 2418 3987 attention
2442 3946 2494 3988 to
2517 3938 2602 3988 the
2623 3954 2711 3988 use

364 4017 411 4069 6.
476 4021 602 4072 iuste
644 4024 763 4085 Deo,
801 4022 916 4083 &c.]
1000 4022 1126 4071 This
1162 4021 1452 4087 interpreta-
1555 4018 1616 4068 of
1631 4019 1717 4068 the
1735 4017 2021 4083 compound
2041 4017 2160 4066 verb
2178 4014 2282 4076 (οὐκ
2304 4019 2438 4065 εἶπεν
2458 4020 2706 4078 αὐξάνει,

302 4099 406 4149 tion
428 4101 486 4151 of
513 4105 668 4154 καθὼς
701 4101 838 4164 ἄξιον
866 4104 908 4153 is
930 4102 1116 4152 offered
1146 4104 1213 4167 by
1236 4103 1359 4153 Oec.
1398 4117 1455 4152 as
1555 4098 1688 4158 ἀλλ’,
1709 4099 2132 4161 ὑπεραυξάνει),
2147 4099 2246 4148 and
2265 4116 2321 4149 so
2340 4098 2480 4161 Oce„
2496 4100 2709 4166 Thpht.;

304 4181 387 4231 the
419 4183 601 4235 former
644 4185 703 4234 os
734 4193 835 4235 two
873 4185 1219 4235 altematives:
1275 4183 1327 4244 ἤ,
1378 4184 1455 4233 ὅτι
1555 4184 1654 4232 Th.
1683 4181 1784 4231 and
1807 4181 1962 4230 Thdt.
1989 4180 2075 4230 fail
2099 4188 2152 4230 to
2173 4181 2340 4231 notice
2362 4180 2417 4232 it.

305 4259 489 4326 (φησὶν)
513 4263 694 4315 δίκαιόν
722 4268 858 4315 ἐστιν
895 4268 1095 4326 νοήσεις·
1131 4264 1165 4325 ἢ
1192 4266 1250 4314 τὸ
1281 4266 1455 4327 μενά·
1629 4278 1701 4329 19.
1774 4279 1940 4313 omnes
1981 4264 2112 4312 enim
2154 4263 2403 4324 similiter,
2454 4263 2568 4325 δια]
2625 4263 2708 4313 Cf.

302 4345 410 4394 λως
446 4346 773 4405 ἐξακουστέον,
813 4347 889 4395 ἵνα
924 4345 973 4409 ᾖ
1020 4347 1262 4408 μεγάλως,
1303 4348 1458 4396 καθὼς
1555 4344 1764 4408 Chrys-3
1799 4345 1880 4392 καὶ
1902 4343 1992 4407 ὅρα,
2017 4344 2233 4405 ἀγάπην·
2286 4344 2340 4393 οὐ
2372 4345 2457 4393 τὸν
2479 4344 2567 4403 μέν
2589 4344 2711 4405 ἠγά-

304 4422 434 4485 ἅξιον
455 4426 736 4490 *fimena
756 4429 1036 4490 παρέχοντι.
1557 4442 1677 4486 των,
1713 4426 1797 4477 τὸν
1831 4426 1884 4476 δὲ
1920 4427 1994 4475 οὔ·
2043 4424 2157 4476 ἀλλ’
2204 4427 2288 4487 ἴση
2321 4423 2384 4487 ἦν
2422 4428 2557 4491 παρὰ
2588 4427 2711 4476 πάν-

375 4520 448 4556 10.
514 4509 571 4558 in
605 4509 929 4571 alterutrum]
983 4509 1047 4560 Ο.
1081 4510 1138 4560 L.
1167 4509 1268 4559 and
1285 4509 1455 4573 Vulg„
1556 4525 1670 4558 των.
