3221 5116
309 389 767 447 FRAGMENTS
812 396 908 447 OF
956 396 1110 447 THE
1158 396 1545 451 DOGMATIC
1591 399 1859 452 WORKS
1906 399 2001 451 OF
2043 396 2471 454 THEODORE.
2544 396 2665 464 305

254 585 342 628 cm
369 562 442 628 ἐκ
468 561 599 631 ’τοῖς
626 569 990 652 προφήταις,
1012 568 1103 635 ἐπ’
1114 569 1405 658 ’ὲοχᾶτωκ
1508 574 1575 633 in
1618 574 1946 634 nomlcsimis
1985 573 2179 634 diebus
2213 572 2308 633 hic
2348 573 2562 632 locutus
2591 576 2675 629 est

252 666 386 731 τῶν
464 669 725 757 κΜερῶκ
787 676 1034 748 roff-rma
1104 674 1407 741 ἑλάλκεεκ
1509 673 1671 733 nobis
1709 674 1774 733 1⁵¹1
1795 672 1950 750 filt'o
2034 692 2142 751 per
2173 670 2360 732 filium
2397 669 2558 730 enim
2587 670 2670 729 10·

254 766 404 835 amin
436 770 508 835 ὲκ
542 771 710 857 γίῷ.
754 782 1007 859 φανερῶς
1033 781 1145 864 γὰρ
1175 784 1414 845 εηαῦθα
1507 782 1683 831 cutus
1724 780 1817 831 est
1856 769 2067 843 nobis;
2122 780 2349 830 certum
2391 778 2483 850 est
2527 787 2673 829 uero

254 871 327 937 ἐκ
360 870 474 958 γῖᾦ
501 880 579 957 τῷ
603 877 878 963 ἀνθρώπῳ
906 880 1092 964 λέγων
1119 882 1404 945 devwac.
1509 867 1678 944 quod
1733 868 1812 929 de
1858 868 2180 944 adsumpto
2232 863 2496 926 homine.
2579 867 2673 924 cui

1505 967 1658 1024 enim
1711 967 1873 1025 dixit
1920 965 2236 1042 aliquando
2299 964 2674 1040 angelorum:
2743 974 2776 1035 5

1514 1065 1709 1143 ‘filius
1748 1084 1906 1125 meus
1942 1084 2001 1125 es
2038 1072 2121 1134 tu,
2160 1082 2255 1142 ego
2299 1063 2465 1123 hodie
2494 1080 2671 1140 gvnut

1507 1162 1603 1229 te†
1617 1162 1667 1221 β’
1700 1164 1928 1223 nullum
1948 1161 2144 1242 (dicit)
2164 1160 2516 1241 participem
2533 1159 2672 1223 fecit

1509 1258 1815 1338 dignitatis
1842 1259 1958 1320 filii.
2020 1259 2139 1319 hoc
2155 1257 2316 1319 enim
2339 1258 2509 1335 quod
2523 1254 2671 1318 dixit

1501 1357 1684 1434 genui
1730 1365 1796 1430 te,
1841 1355 2012 1434 quasi
2054 1375 2162 1433 per
2200 1356 2320 1416 hoc
2359 1352 2672 1432 participa-

1507 1452 1737 1515 tionem
1791 1450 2094 1514 filiationis
2147 1450 2353 1526 dedit;
2419 1450 2670 1511 omnino
2707 1463 2780 1502 10

1506 1573 1654 1615 uero
1669 1565 1872 1632 aperte
1890 1553 2114 1613 nullam
2130 1551 2358 1613 habens
2373 1550 2453 1611 ad
2472 1551 2670 1610 Deum

1504 1651 1776 1711 Verbum
1793 1647 2282 1712 communionem
2292 1647 2540 1726 adparet
2556 1647 2673 1707 hoc

1510 1748 1680 1825 quod
1708 1747 1939 1809 dictum
1967 1758 2076 1809 est.
2189 1745 2228 1782 Ῥ
2392 1743 2430 1780 '⁶
2593 1744 2634 1781 ¹·

1586 1865 1716 1905 cum
1758 1845 2088 1906 introducat
2116 1846 2562 1923 primogenitum
2605 1844 2671 1903 in

1504 1945 1691 2004 orbem
1739 1951 2034 2003 terrarum
2073 1943 2247 2004 dicit:
2306 1948 2398 2002 ‘et
2438 1944 2678 2002 adorent
2708 1953 2775 2014 15

1505 2059 1634 2098 eum
1662 2040 1925 2099 universi
1944 2039 2350 2115 angelt'Deiss.'
2418 2036 2553 2115 quis
2579 2048 2669 2099 est

1508 2137 1686 2217 igitur
1728 2135 1834 2215 qui
1883 2135 1945 2196 in
2001 2137 2209 2198 orbem
2253 2146 2537 2197 terrarum
2586 2133 2673 2195 in-

1507 2236 1841 2298 troducitur
1899 2246 1960 2297 et
2014 2234 2490 2297 dominationem
2544 2232 2672 2296 eius

1508 2333 1738 2412 incipit,
1792 2334 1872 2394 de
1927 2350 2048 2408 qua
2099 2331 2156 2393 ei
2205 2342 2266 2393 et
2311 2330 2546 2393 adorari
2591 2333 2671 2392 ab

1509 2430 1736 2509 angelis
1776 2428 2148 2507 adquiritur?
2201 2449 2316 2490 nec
2363 2427 2526 2490 enim
2583 2428 2669 2489 in·
2705 2442 2781 2481 20

1511 2527 1752 2591 saniens
1768 2526 1985 2604 aliquis
2000 2526 2162 2588 dicat
2186 2527 2385 2588 Deum
2402 2525 2671 2588 Verbum

1511 2645 1643 2688 esse
1685 2625 2109 2698 introductum,
2155 2624 2261 2702 qui
2304 2623 2510 2686 omnia
2548 2644 2670 2687 non

1510 2723 1775 2786 extantia
1801 2724 1943 2786 fecit
1971 2721 2258 2785 ineffabili
2285 2721 2413 2785 eius
2435 2722 2670 2798 uirtute,

1508 2824 1747 2884 donans
1777 2821 1864 2885 eis
1894 2833 1959 2883 ut
1987 2817 2239 2903 essent]

414 3049 468 3108 6.
555 3042 716 3129 [Act.
747 3046 937 3110 Conc.
970 3047 1096 3110 CP.
1128 3045 1184 3109 ii.
1217 3046 1396 3128 v1.'(“
1419 3042 1926 3109 Theodorus...in
1952 3042 2319 3107 duodecimo
2346 3042 2501 3105 libro

1118 3143 1389 3207 eiusdem
1418 3143 1691 3223 opusculi
1709 3139 1817 3224 ”)].

372 3272 473 3334 Ad
501 3273 651 3334 haec
678 3285 881 3338 autem
909 3277 1121 3338 beatus
1148 3276 1460 3355 apostolus
1486 3271 1879 3350 respondens,
1904 3281 2158 3332 conatur
2183 3273 2503 3332 ostendere
2524 3289 2672 3348 quo-
2703 3290 2733 3329 2
2742 3288 2775 3349 5

250 3369 438 3432 modo
479 3371 775 3451 particeps
802 3385 893 3435 est
921 3374 1111 3435 diuini
1139 3371 1419 3445 honoris;
1461 3382 1521 3433 et
1549 3369 1715 3448 quod
1743 3387 1819 3431 eo
1846 3367 2055 3429 fruitur
2080 3386 2204 3429 non
2231 3378 2474 3446 propter
2500 3387 2670 3430 suam

251 3479 550 3546 naturam,
584 3472 693 3532 sed
721 3483 965 3551 propter
989 3471 1424 3535 inhabitantem
1452 3481 1740 3530 naturam.

251 3699 305 3758 7.
393 3681 632 3764 [Leont.
678 3686 716 3745 l.
756 3704 799 3746 c.
831 3687 921 3765 (ἐκ
948 3687 1050 3747 τοῦ
1074 3683 1248 3747 αὐτοῦ
1274 3683 1492 3768 λόγου).
1583 3686 1715 3744 Act.
1749 3684 1939 3746 Conc-
1972 3683 2094 3744 CP.
2126 3676 2183 3742 ii.
2219 3695 2296 3741 ιν.
2324 3699 2399 3758 47
2434 3679 2673 3761 (“eius-

546 3782 688 3844 dem
716 3803 791 3844 ex
817 3781 971 3847 libro
1001 3783 1365 3848 duodecimo
1393 3779 1471 3846 de
1502 3779 1926 3843 Incarnatione
1943 3779 2029 3860 '').
2073 3776 2209 3857 Vig.
2241 3772 2365 3860 49].

319 3905 507 3969 Ὥστε
547 3909 614 3968 οὔ
649 3909 829 3987 μόνον
857 3913 1049 3973 ‘uuir'
1076 3910 1246 3973 αὐτὸν
1271 3910 1407 3972 «ἰπο-
1591 3911 1805 3987 Itaque
1832 3928 1957 3970 non
1986 3909 2182 3969 solum
2210 3906 2449 3968 ‘filium’
2470 3906 2666 3986 ipsum

247 3990 420 4060 καλεῖ
440 4003 543 4060 τοῦ
567 4000 698 4061 θεοῦ
723 4002 959 4084 λόγουα
920 4004 1225 4082 ἀφορίσας,
1247 4000 1407 4066 ἅλλαῖ
1509 4017 1692 4068 uocat
1731 4025 1769 4066 a
1811 4008 1950 4067 Deo
1982 4006 2189 4067 Verbo
2229 4024 2529 4084 separans,
2559 4007 2668 4069 sed

246 4095 345 4155 καὶ
379 4094 702 4157 συντάττων
728 4096 871 4159 κατὰ
895 4097 997 4159 τὸν
1019 4105 1124 4177 τῆς
1148 4100 1408 4176 υἱότητος
1507 4102 1688 4163 etiam
1710 4103 2042 4163 secundum
2060 4100 2359 4163 filiationis
2374 4102 2664 4164 rationem
2695 4127 2774 4184 30

245 4191 428 4275 λόγον
450 4197 571 4258 τοῖς
599 4197 821 4260 λοιποῖς
844 4199 965 4262 τοῖς
989 4196 1409 4278 μετεσχηκόσιν
1506 4218 1950 4260 connumerans
2014 4197 2226 4259 ceteris
2280 4197 2666 4277 participibus

914 4377 970 4427 ³¹
1009 4363 1383 4421 communicans
1405 4363 1519 4429 <jor
1538 4364 1923 4425 connumerans)
1958 4364 2005 4413 V

638 4482 665 4507 '
706 4483 842 4533 Heb.
870 4484 901 4533 i.
934 4501 976 4541 r,
1002 4497 1049 4533 α.
1376 4485 1410 4539 1·
1446 4485 1584 4536 Heb.
1609 4486 1645 4534 i.
1671 4499 1719 4547 5.
2045 4489 2079 4544 Σ
2112 4487 2187 4536 lb.
2210 4485 2259 4536 6.

421 4595 478 4644 s,
528 4594 605 4647 11.
1803 4571 1812 4579 ’
2406 4603 2491 4649 20
