3221 5116
562 392 646 475 36
1231 406 1685 458 THEonoath
1733 405 2322 458 morsusssrssrs'us

2740 392 2849 477 [V-
2890 411 2983 474 ¹4

694 580 961 664 ‘itaque
998 579 1149 644 illos
1196 579 1310 664 qui
1358 579 1703 645 doctrinae
1740 579 2111 644 iniunctum
2160 600 2329 662 opus
2374 579 2622 643 habere
2673 578 2989 643 uidentur

560 681 847 764 plurimo
893 682 1144 747 honore
1187 683 1427 767 dignos
1469 684 1870 760 existimate,
1906 704 2039 746 non
2086 683 2483 748 resultantes
2530 684 2675 762 illis,
2710 687 2986 769 quando

562 804 683 847 uos
735 785 1059 868 corrigere
1117 784 1429 868 cupiunt.'
1516 785 1648 850 hoc
1706 785 1885 848 enim
1936 785 2137 850 dicit:
2196 798 2420 869 pacem
2468 786 2688 850 habete
2738 788 2809 850 in
2867 808 2986 851 eoS.

562 904 721 947 nam
765 896 833 950 et
879 886 1017 951 fieri
1063 886 1188 951 hoc
1233 886 1491 952 solebat
1533 888 1620 951 ab
1655 886 1786 950 illis
1823 886 1937 971 qui
1982 886 2476 970 indisciplinate
2521 889 2858 965 uiuebant‚
2892 888 2981 952 ad

495 1017 528 1083 5
563 1013 729 1075 quos
770 991 1060 1057 scribens
1109 994 1176 1056 in
1222 992 1668 1075 superioribus
1715 992 1978 1055 uidetur
2024 993 2516 1055 contumaciam
2571 1012 2801 1055 eorum
2851 992 2987 1073 sig-

565 1116 774 1173 nasse,
828 1098 1146 1179 quoniam
1193 1097 1355 1160 dum
1398 1094 1862 1180 delinquentes
1902 1094 2228 1177 corrigere
2270 1095 2630 1177 cupiebant
2673 1096 2986 1157 doctores

563 1201 678 1281 qui
740 1199 854 1263 illa
913 1199 1249 1264 faciebant
1307 1219 1483 1282 quae
1551 1219 1686 1262 non
1749 1198 2253 1275 conueniebant‚
2315 1199 2519 1265 etiam
2587 1200 2849 1282 grauari
2911 1221 2986 1265 se

460 1587 539 1635 10

562 1307 912 1370 doctorum
974 1305 1346 1388 arguitione
1398 1303 1898 1368 existimabant.

1989 1302 2214 1385 sicque
2274 1302 2362 1366 ad
2422 1303 2573 1367 illos
2632 1304 2987 1386 disputans

566 1409 764 1472 uertit
795 1428 987 1472 suum
1020 1427 1396 1472 sermonem
1428 1407 1516 1470 ad
1547 1408 1873 1482 doctores,
1906 1406 2175 1470 dicens:

692 1560 1090 1625 obsecramus
1127 1582 1241 1623 uos
1276 1570 1510 1635 autem,
1543 1557 1826 1640 fratre-5,
1860 1557 2169 1623 instruite
2214 1559 2745 1644 indzlcczplinatos,
2777 1584 2988 1628 conso·

563 1668 805 1732 lamini
815 1668 1284 1751 pusillanimes,
1315 1664 1620 1728 sustinete
1648 1663 1958 1746 infirmae,
1976 1664 2299 1745 patientes
2326 1676 2516 1730 estote
2541 1668 2640 1731 ad
2659 1688 2892 1733 omnes.
2942 1749 2946 1753 ·

695 1802 1133 1866 necessarium
1189 1800 1367 1863 enim
1413 1807 1553 1862 erat
1602 1808 1670 1862 et
1706 1795 1829 1860 hos
1877 1796 2216 1862 exhortari
2264 1806 2339 1862 ut
2384 1819 2518 1862 non
2563 1799 2982 1864 discederent

566 1901 655 1965 ab
698 1923 903 1985 opere
941 1912 1215 1985 propter
1263 1899 1683 1985 quorundam
1729 1901 2239 1965 contumaciam.

668 2094 697 2128 α
732 2080 994 2131 aestimate
1038 2096 1071 2129 r

565 2240 655 2309 qui
678 2242 961 2307 (befetiam)
984 2243 1089 2291 add
1109 2242 1185 2292 C*
1206 2257 1240 2289 r

567 2321 758 2388 dicens)
777 2340 810 2373 r
941 2339 1001 2374 10
1021 2332 1189 2374 autem
1212 2340 1303 2374 uos
1324 2340 1356 2372 r

568 2464 771 2529 ἡγεῖσθε
824 2469 925 2518 and
980 2470 1283 2521 overlooked
1341 2469 1437 2518 καί.
1538 2467 1720 2530 Comp.

569 2549 766 2602 Tisch.⁸
797 2553 870 2602 ad
895 2552 931 2604 l.
1002 2553 1070 2602 In
1099 2570 1171 2603 eos
1211 2552 1279 2616 (ἐν
1317 2549 1510 2612 αὕτοῒς),
1548 2548 1726 2613 Vulg..

575 2633 612 2657 ‘⁸
627 2648 742 2681 cum
765 2632 890 2682 eis.'’
958 2633 1055 2683 See
1079 2634 1163 2682 the
1186 2640 1303 2683 next
1325 2641 1442 2682 note
1466 2633 1556 2681 but
1577 2647 1691 2681 one.

638 2729 685 2762 2.
740 2714 970 2778 plurimo
1022 2713 1507 2779 honore...sz2gnasse]
1573 2711 1726 2762 cited

569 2794 638 2859 by
663 2795 927 2846 Lansranc.
994 2797 1091 2847 See
1113 2814 1195 2846 vv.
1213 2798 1268 2846 11.

637 2895 739 2927 non
772 2880 1061 2929 resultantes
1094 2880 1213 2939 illzlr,
1259 2879 1371 2941 δια]
1421 2877 1610 2928 Thdt.:
1660 2877 1724 2925 δίο

572 2975 706 3007 καιον
797 2962 866 3020 μὴ
922 2957 1194 3021 ἀντιλέγειν
1249 2962 1347 3011 τοῖς
1394 2958 1509 3022 παρ’
1568 2955 1724 3007 αὐτῶν

572 3040 867 3100 λεγομένοις·
923 3045 1066 3091 τοῦτο
1119 3045 1218 3105 γὰρ
1261 3043 1414 3103 λέγει·
1463 3042 1728 3103 εἰρηνεύετε

572 3122 625 3170 ἐν
647 3120 824 3173 αὐτοῖς.
895 3124 965 3174 So
1001 3125 1296 3189 apparently
1332 3123 1399 3173 all
1434 3123 1521 3173 the
1558 3122 1729 3174 Greek

573 3212 973 3264 commentators‚
1011 3207 1176 3255 unless
1210 3207 1359 3256 Dam.
1385 3206 1426 3254 is
1459 3213 1513 3255 to
1546 3204 1610 3253 be
1648 3220 1729 3253 ex-

572 3284 777 3347 cepted;
824 3285 923 3333 and
968 3300 1026 3335 so
1064 3301 1250 3349 among
1276 3285 1361 3334 the
1407 3284 1582 3334 Latins
1627 3284 1731 3332 Pri·

574 3363 785 3414 masius:
827 3365 940 3414 “ne
962 3381 1076 3415 cum
1113 3381 1206 3430 pro
1240 3366 1407 3430 aliqua
1440 3381 1592 3415 causa
1626 3381 1730 3415 cor·

575 3446 850 3510 riperentur
864 3463 895 3496 a
911 3447 1267 3504 sacerdofibm,
1282 3447 1469 3496 inimici
1486 3455 1535 3496 et
1551 3446 1732 3511 ingrati

574 3532 838 3580 existerent
854 3531 905 3590 ;”
928 3532 1029 3580 and
1048 3531 1305 3581 Sedulius:
1334 3529 1469 3580 “etsi
1486 3529 1732 3579 contraria

574 3612 751 3661 uestris
774 3613 996 3662 moribus
1022 3609 1292 3661 dixerint.”
1359 3610 1443 3660 On
1472 3610 1558 3660 the
1586 3610 1733 3660 other

573 3691 712 3741 hand
756 3692 1023 3749 Ambrstr.,
1054 3692 1170 3741 who
1200 3691 1344 3741 reads
1379 3691 1560 3740 “inter
1591 3689 1731 3739 uos'’

577 3776 714 3835 (κέν
730 3773 952 3838 ἑαυτοῖς),
988 3774 1160 3824 thinks
1191 3773 1309 3837 only
1331 3773 1391 3823 of
1412 3774 1601 3824 mutual
1638 3773 1734 3822 for·

572 3856 819 3905 boerance
854 3864 1084 3920 amongst
1125 3855 1210 3905 the
1240 3854 1468 3906 faithful:
1510 3856 1732 3920 “pacifi-

574 3953 661 3988 cos
690 3953 776 3986 eos
809 3953 914 3987 esse
936 3934 1210 3987 hortatur.''

643 4022 691 4068 8.
748 4019 1042 4083 arguitione]
1066 4021 1167 4069 For
1183 4035 1296 4069 cxx.
1315 4017 1375 4068 of
1383 4019 1483 4069 this
1499 4017 1629 4069 form
1648 4035 1732 4070 see

579 4102 800 4161 Ronsch,
848 4103 1001 4160 Itala,
1042 4119 1093 4167 p.
1144 4115 1234 4165 7o;
1298 4103 1539 4160 Paueker,
1574 4104 1731 4155 melet.

577 4180 861 4242 le-ri-rtalt„
895 4197 948 4246 p.
983 4198 1026 4245 7.

644 4278 692 4328 9.
728 4264 877 4312 uem‘t
902 4264 1317 4326 ..contumw'am]
1349 4264 1499 4315 Cited
1516 4266 1585 4329 by
1602 4266 1733 4314 Lan-

577 4346 731 4396 sranc.
820 4347 1073 4412 Similarly
1114 4347 1291 4410 Chrys.
1351 4349 1576 4408 (ἐνταῦθα
1617 4350 1735 4410 πρὸς

578 4430 686 4477 τοὺς
734 4426 973 4491 α’ρχοντας
1021 4430 1339 4488 διαλέγεται),
1386 4428 1619 4478 followed
1667 4432 1733 4494 by

579 4513 703 4561 Oec.
739 4509 876 4574 (πρὸς
897 4511 1005 4560 τοὺς
1031 4509 1345 4558 διδασκάλους
1376 4507 1698 4574 ἀποτείνεται)
1719 4528 1735 4572 ;

1360 2099 1392 2143 4
1426 2077 1519 2128 etsi
1565 2074 1681 2140 (sor
1712 2074 1781 2138 et)
1808 2077 1873 2125 H
1895 2073 1903 2138 Ι
1930 2077 2122 2128 solebat
2154 2078 2207 2127 h.
2242 2095 2275 2127 r

566 2158 598 2210 6
632 2177 719 2211 eos
743 2163 842 2227 (ast
860 2162 986 2222 del.)
1009 2162 1115 2210 add
1128 2161 1195 2210 H
1217 2157 1224 2222 Ι
1252 2161 1481 2209 doctores
1509 2174 1596 2208 eos
1625 2157 1771 2206 C'H
1827 2158 2060 2208 docturus
2092 2174 2179 2208 eos
2213 2174 2247 2206 r

1366 2241 1396 2290 8
1418 2238 1748 2304 arguitionem
1778 2236 1855 2286 C*
1874 2252 1908 2286 r

1490 2337 1547 2372 12
1571 2319 1721 2379 enim,
1745 2326 1794 2369 et
1817 2335 1894 2369 om
1919 2336 1951 2368 r
1974 2317 1983 2386 Ι
2013 2321 2313 2372 discederint
2335 2324 2379 2372 C
2386 2320 2414 2346 ¹*

2330 1901 2559 1964 omnia
2621 1922 2783 1967 uero
2827 1923 2986 1966 con-

2564 2093 2592 2142 5
2627 2078 2932 2143 significasse
2965 2078 2992 2127 l

2420 2170 2447 2222 7
2480 2160 2809 2210 conueniebat
2837 2160 2880 2209 C
2887 2160 2915 2185 ⁴*
2949 2158 2958 2223 Ι

2034 2252 2067 2302 9
2100 2238 2166 2288 ad
2189 2240 2420 2289 doctores
2442 2255 2519 2289 om
2541 2240 2608 2288 H
2630 2237 2638 2302 Ι
2664 2238 2851 2288 docens
2875 2238 2992 2302 (sor

2552 2338 2609 2387 13
2632 2322 2906 2371 corundam
2929 2322 3000 2371 H

1823 2471 1911 2514 not
1950 2463 2283 2531 (apparently)
2320 2466 2477 2518 Thdt.
2508 2465 2775 2515 Primasius
2804 2465 2989 2515 echoes

1824 2546 2005 2612 Chrys.
2051 2548 2174 2609 (and
2220 2545 2389 2612 Th.?):
2454 2552 2486 2576 ‘⁸
2505 2547 2601 2597 hoc
2643 2547 2988 2598 sacerdotibus

1823 2631 2068 2694 praecipit
2167 2646 2301 2681 nunc
2358 2630 2661 2696 praepositis
2746 2631 2988 2696 loquitur,

1821 2712 2076 2777 hucusque
2102 2713 2253 2778 plebi.
2264 2711 2294 2736 ’'
2955 2701 2962 2710 ⁸

1896 2810 1970 2845 ιο.
2011 2797 2249 2846 instruite
2263 2795 2680 2860 inde'sczplmatos]
2710 2794 2863 2861 Vulg.
2883 2797 2985 2846 and

1825 2876 1891 2927 O.
1925 2879 2005 2934 L.‚
2036 2879 2317 2943 “corripite
2348 2879 2612 2944 inquietos.
2700 2876 2786 2927 On
2821 2877 2982 2927 indis·

1824 2958 1938 3022 cipl.
1965 2974 2048 3007 see
2083 2960 2263 3018 above,
2305 2976 2354 3025 p.
2387 2975 2461 3022 25,
2489 2960 2522 3008 l.
2553 2973 2630 3022 17,
2656 2968 2796 3011 note.
2863 2963 2986 3012 Sus·

1825 3042 1974 3090 tinete
1988 3057 2014 3102 ,·
2047 3042 2218 3106 Vulg„
2242 3044 2280 3070 ‘⁴
2297 3042 2585 3108 suscipite.''

1897 3136 1969 3185 13.
2015 3124 2186 3172 onmia
2200 3140 2313 3173 uero
2333 3132 2685 3190 consequenter,
2704 3124 2822 3188 δῖα]
2851 3127 2987 3177 ‘Tite

1827 3206 2041 3270 Apostle
2078 3207 2180 3256 had
2223 3208 2425 3273 already
2452 3209 2588 3258 dealt
2626 3209 2678 3257 in
2716 3225 2748 3258 a
2779 3213 2986 3275 general

1826 3303 1940 3352 way
1972 3288 2092 3338 with
2124 3289 2211 3338 the
2248 3305 2386 3339 cases
2428 3290 2488 3338 of
2515 3288 2583 3353 (ι)
2616 3291 2702 3339 the
2735 3290 2985 3351 indolent,

1831 3370 1902 3431 (α)
1939 3370 2024 3420 the
2063 3371 2411 3428 disconsolate,
2468 3369 2534 3436 (3)
2575 3371 2661 3422 the
2703 3371 2986 3423 licentious.

1832 3452 1931 3502 His
1960 3461 2159 3517 present
2189 3453 2459 3504 directions
2502 3462 2560 3503 to
2599 3454 2685 3503 the
2719 3454 2990 3505 Thessalo-

1828 3535 1947 3585 nian
1976 3536 2144 3599 clergy
2161 3536 2287 3585 refer
2316 3537 2462 3600 again
2495 3543 2547 3585 to
2578 3536 2664 3584 the
2686 3552 2824 3586 same
2847 3537 2990 3588 three

1828 3616 2026 3677 classes,
2072 3617 2186 3667 who
2219 3634 2305 3668 are
2337 3619 2663 3683 respectively
2693 3619 2990 3683 designated

1830 3700 1875 3746 οί
1891 3700 2106 3755 ἄτακτοι,
2126 3702 2171 3747 ol
2184 3700 2495 3762 ὀλιγόψυχοι,
2512 3702 2556 3747 οί
2569 3695 2816 3749 ἀσθενεῖς)
2829 3699 2987 3750 Thdt.

1831 3777 2027 3830 follows
2042 3780 2140 3830 this
2153 3781 2436 3845 exposition
2453 3781 2502 3830 in
2521 3788 2632 3845 part
2647 3799 2663 3830 t
2696 3782 2804 3830 τοὺς
2816 3782 2888 3829 ἅτ
2898 3780 2932 3828 d
2939 3800 2990 3830 κ-

1831 3878 1963 3911 τους
1993 3864 2102 3912 τοὺς
2136 3859 2279 3925 ἀργίᾳ
2304 3862 2552 3926 συζῶντας
2585 3860 2733 3911 οὕτως
2756 3863 2992 3912 ἐκάλεσεν

1835 3943 2296 4008 ...ὀλιγοψύχους
2345 3946 2453 3993 τοὺς
2487 3945 2567 3992 ἐπὶ
2600 3946 2699 3994 τοῖς
2731 3946 2990 3993 τεθνεῶσιν

1830 4025 2043 4089 ἀμέτρως
2086 4024 2376 4086 ἀθυμοῦντας
2431 4022 2681 4085 ὠνόμασεν
2705 4055 2770 4063 -
2800 4028 2991 4094 adding

1831 4108 2062 4158 however
2101 4107 2243 4170 (aster
2276 4105 2493 4172 Chrys.)‚
2538 4105 2767 4159 ὠσαύτως
2815 4109 2867 4158 δέ
2911 4111 2991 4158 καὶ

1828 4190 1939 4238 τοὺς
1974 4191 2044 4249 μὴ
2087 4185 2304 4250 ἀνδρείως
2347 4189 2582 4250 φέροντας
2619 4185 2716 4237 τῶν
2762 4190 2994 4238 ἐναντίων

1829 4271 1915 4320 τὰς
1955 4272 2262 4331 προσβολάς..
2337 4271 2414 4334 By
2468 4270 2584 4319 ‘the
2616 4271 2760 4320 weak
2782 4270 2794 4292 '
2831 4272 2990 4322 Thdt.

1830 4349 2160 4398 understands
2192 4351 2301 4399 τοὺς
2343 4353 2412 4408 μὴ
2451 4349 2642 4412 ἑδραίαν
2678 4354 2993 4411 κεκτημένους

1831 4431 2013 4490 πίστιν,
2042 4430 2142 4479 and
2167 4447 2223 4480 so
2241 4440 2372 4481 most
2396 4431 2455 4481 of
2471 4431 2557 4481 the
2581 4439 2984 4491 commentators,

1830 4510 2124 4576 comparing
2148 4512 2297 4562 Rom.
2325 4512 2422 4561 xiv.
2454 4527 2492 4562 1.
