<?xml version="1.0" encoding="UTF-8"?>
<!DOCTYPE html PUBLIC "-//W3C//DTD XHTML 1.0 Transitional//EN"
    "http://www.w3.org/TR/xhtml1/DTD/xhtml1-transitional.dtd">
<html xmlns="http://www.w3.org/1999/xhtml" xml:lang="en" lang="en">
 <head>
  <title>
</title>
<meta http-equiv="Content-Type" content="text/html;charset=utf-8" />
  <meta name='ocr-system' content='tesseract 3.04.00' />
  <meta name='ocr-capabilities' content='ocr_page ocr_carea ocr_par ocr_line ocrx_word'/>
</head>
<body>
  <div class='ocr_page' id='page_1' title='image "./theodoriepiscop02swetgoog_0140.png"; bbox 0 0 3221 5116; ppageno 0'>
   <div class='ocr_carea' id='block_1_1' title="bbox 334 390 810 478">
    <p class='ocr_par' dir='ltr' id='par_1_1' title="bbox 334 390 810 478">
     <span class='ocr_line' id='line_1_1' title="bbox 334 390 810 478; baseline 0.011 -24"><span class='ocrx_word' id='word_1_1' title='bbox 334 390 462 456; x_wconf 94' lang='lat' dir='ltr'>III.</span> <span class='ocrx_word' id='word_1_2' title='bbox 506 391 810 478; x_wconf 82' lang='lat'>11—13.]</span> 
     </span>
    </p>
   </div>
   <div class='ocr_carea' id='block_1_2' title="bbox 1051 403 2044 456">
    <p class='ocr_par' dir='ltr' id='par_1_2' title="bbox 1051 403 2044 456">
     <span class='ocr_line' id='line_1_2' title="bbox 1051 403 2044 456; baseline 0 -1"><span class='ocrx_word' id='word_1_3' title='bbox 1051 405 1133 455; x_wconf 89' lang='lat' dir='ltr'>IN</span> <span class='ocrx_word' id='word_1_4' title='bbox 1183 405 1286 456; x_wconf 90' lang='grc' dir='ltr'>ΕΡ.</span> <span class='ocrx_word' id='word_1_5' title='bbox 1334 403 1434 455; x_wconf 87' lang='lat' dir='ltr'>AD</span> <span class='ocrx_word' id='word_1_6' title='bbox 1480 403 1947 456; x_wconf 84' lang='lat' dir='ltr'><strong>TIMOTHEUM</strong></span> <span class='ocrx_word' id='word_1_7' title='bbox 1993 405 2044 455; x_wconf 89' lang='lat'>1.</span> 
     </span>
    </p>
   </div>
   <div class='ocr_carea' id='block_1_3' title="bbox 2629 400 2749 465">
    <p class='ocr_par' dir='ltr' id='par_1_3' title="bbox 2629 400 2749 465">
     <span class='ocr_line' id='line_1_3' title="bbox 2629 400 2749 465; baseline 0 -18"><span class='ocrx_word' id='word_1_8' title='bbox 2629 400 2749 465; x_wconf 86' lang='lat'>129</span> 
     </span>
    </p>
   </div>
   <div class='ocr_carea' id='block_1_4' title="bbox 328 566 2750 662">
    <p class='ocr_par' dir='ltr' id='par_1_4' title="bbox 328 566 2750 662">
     <span class='ocr_line' id='line_1_4' title="bbox 328 566 2750 662; baseline -0.001 -24"><span class='ocrx_word' id='word_1_9' title='bbox 328 572 455 640; x_wconf 89' lang='lat' dir='ltr'>illis</span> <span class='ocrx_word' id='word_1_10' title='bbox 488 598 578 642; x_wconf 84' lang='lat' dir='ltr'>ea</span> <span class='ocrx_word' id='word_1_11' title='bbox 598 595 772 662; x_wconf 90' lang='lat' dir='ltr'>quae</span> <span class='ocrx_word' id='word_1_12' title='bbox 802 579 889 643; x_wconf 91' lang='lat' dir='ltr'>de</span> <span class='ocrx_word' id='word_1_13' title='bbox 919 601 992 644; x_wconf 94' lang='lat' dir='ltr'>se</span> <span class='ocrx_word' id='word_1_14' title='bbox 1021 587 1180 642; x_wconf 91' lang='lat' dir='ltr'>sunt</span> <span class='ocrx_word' id='word_1_15' title='bbox 1209 577 1513 655; x_wconf 86' lang='lat' dir='ltr'>referant,</span> <span class='ocrx_word' id='word_1_16' title='bbox 1548 575 1913 641; x_wconf 85' lang='lat' dir='ltr'>necessarie</span> <span class='ocrx_word' id='word_1_17' title='bbox 1944 595 2103 659; x_wconf 85' lang='lat' dir='ltr'>ergo</span> <span class='ocrx_word' id='word_1_18' title='bbox 2136 573 2296 639; x_wconf 90' lang='lat' dir='ltr'>dicit</span> <span class='ocrx_word' id='word_1_19' title='bbox 2338 566 2471 638; x_wconf 85' lang='lat' dir='ltr'>non</span> <span class='ocrx_word' id='word_1_20' title='bbox 2503 572 2750 636; x_wconf 89' lang='lat' dir='ltr'>debere</span> 
     </span>
    </p>
   </div>
   <div class='ocr_carea' id='block_1_5' title="bbox 327 676 2747 864">
    <p class='ocr_par' dir='ltr' id='par_1_5' title="bbox 327 676 2747 864">
     <span class='ocr_line' id='line_1_5' title="bbox 327 676 2747 764; baseline -0.003 -18"><span class='ocrx_word' id='word_1_21' title='bbox 327 703 441 746; x_wconf 91' lang='lat' dir='ltr'>eas</span> <span class='ocrx_word' id='word_1_22' title='bbox 472 705 618 748; x_wconf 91' lang='lat' dir='ltr'>esse</span> <span class='ocrx_word' id='word_1_23' title='bbox 648 683 1105 760; x_wconf 88' lang='lat' dir='ltr'>accusatrices,</span> <span class='ocrx_word' id='word_1_24' title='bbox 1136 683 1231 746; x_wconf 87' lang='lat' dir='ltr'>ita</span> <span class='ocrx_word' id='word_1_25' title='bbox 1276 689 1351 746; x_wconf 92' lang='lat' dir='ltr'>ut</span> <span class='ocrx_word' id='word_1_26' title='bbox 1393 701 1526 745; x_wconf 92' lang='lat' dir='ltr'>non</span> <span class='ocrx_word' id='word_1_27' title='bbox 1575 679 1918 764; x_wconf 82' lang='lat' dir='ltr'>publicent</span> <span class='ocrx_word' id='word_1_28' title='bbox 1962 677 2076 742; x_wconf 93' lang='lat' dir='ltr'>illa</span> <span class='ocrx_word' id='word_1_29' title='bbox 2118 678 2263 743; x_wconf 90' lang='lat' dir='ltr'>aliis</span> <span class='ocrx_word' id='word_1_30' title='bbox 2309 696 2484 761; x_wconf 89' lang='lat' dir='ltr'>quae</span> <span class='ocrx_word' id='word_1_31' title='bbox 2530 698 2570 740; x_wconf 89' lang='lat' dir='ltr'>a</span> <span class='ocrx_word' id='word_1_32' title='bbox 2602 676 2747 759; x_wconf 91' lang='lat' dir='ltr'>qui-</span> 
     </span>
     <span class='ocr_line' id='line_1_6' title="bbox 327 777 2744 864; baseline -0.002 -18"><span class='ocrx_word' id='word_1_33' title='bbox 327 783 613 849; x_wconf 88' lang='lat' dir='ltr'>busdam</span> <span class='ocrx_word' id='word_1_34' title='bbox 663 786 791 851; x_wconf 89' lang='lat' dir='ltr'>illis</span> <span class='ocrx_word' id='word_1_35' title='bbox 837 786 1167 864; x_wconf 88' lang='lat' dir='ltr'>dicuntur,</span> <span class='ocrx_word' id='word_1_36' title='bbox 1214 804 1298 847; x_wconf 91' lang='lat' dir='ltr'>ne</span> <span class='ocrx_word' id='word_1_37' title='bbox 1340 804 1429 847; x_wconf 88' lang='lat' dir='ltr'>ex</span> <span class='ocrx_word' id='word_1_38' title='bbox 1481 782 1609 847; x_wconf 90' lang='lat' dir='ltr'>hoc</span> <span class='ocrx_word' id='word_1_39' title='bbox 1656 783 2117 847; x_wconf 87' lang='lat' dir='ltr'>contentiones</span> <span class='ocrx_word' id='word_1_40' title='bbox 2164 779 2422 862; x_wconf 89' lang='lat' dir='ltr'>aliquas</span> <span class='ocrx_word' id='word_1_41' title='bbox 2473 777 2744 843; x_wconf 85' lang='lat' dir='ltr'>adnasci</span> 
     </span>
    </p>
   </div>
   <div class='ocr_carea' id='block_1_6' title="bbox 328 889 1062 954">
    <p class='ocr_par' dir='ltr' id='par_1_6' title="bbox 328 889 1062 954">
     <span class='ocr_line' id='line_1_7' title="bbox 328 889 1062 954; baseline -0.001 -1"><span class='ocrx_word' id='word_1_42' title='bbox 328 889 578 954; x_wconf 83' lang='lat' dir='ltr'>saciant</span> <span class='ocrx_word' id='word_1_43' title='bbox 612 899 728 954; x_wconf 89' lang='lat' dir='ltr'>aut</span> <span class='ocrx_word' id='word_1_44' title='bbox 760 889 1062 953; x_wconf 89' lang='lat' dir='ltr'>diuortia.</span> 
     </span>
    </p>
   </div>
   <div class='ocr_carea' id='block_1_7' title="bbox 455 1039 721 1106">
    <p class='ocr_par' dir='ltr' id='par_1_7' title="bbox 455 1039 721 1106">
     <span class='ocr_line' id='line_1_8' title="bbox 455 1039 721 1106; baseline 0.008 -2"><span class='ocrx_word' id='word_1_45' title='bbox 455 1039 721 1106; x_wconf 82' lang='lat' dir='ltr'>sobrias.</span> 
     </span>
    </p>
   </div>
   <div class='ocr_carea' id='block_1_8' title="bbox 327 1163 2747 1353">
    <p class='ocr_par' dir='ltr' id='par_1_8' title="bbox 327 1163 2747 1353">
     <span class='ocr_line' id='line_1_9' title="bbox 455 1163 2747 1253; baseline -0.002 -21"><span class='ocrx_word' id='word_1_46' title='bbox 455 1165 584 1232; x_wconf 84' lang='lat' dir='ltr'>hoc</span> <span class='ocrx_word' id='word_1_47' title='bbox 614 1179 732 1246; x_wconf 90' lang='lat' dir='ltr'>est,</span> <span class='ocrx_word' id='word_1_48' title='bbox 767 1169 1108 1253; x_wconf 85' lang='lat' dir='ltr'>‘argutas,&#39;</span> <span class='ocrx_word' id='word_1_49' title='bbox 1152 1169 1247 1233; x_wconf 92' lang='lat' dir='ltr'>ita</span> <span class='ocrx_word' id='word_1_50' title='bbox 1283 1177 1356 1232; x_wconf 92' lang='lat' dir='ltr'>ut</span> <span class='ocrx_word' id='word_1_51' title='bbox 1398 1166 1722 1250; x_wconf 82' lang='lat' dir='ltr'>impleant</span> <span class='ocrx_word' id='word_1_52' title='bbox 1768 1188 1922 1232; x_wconf 87' lang='lat' dir='ltr'>cum</span> <span class='ocrx_word' id='word_1_53' title='bbox 1970 1167 2330 1230; x_wconf 85' lang='lat' dir='ltr'>uelocitate</span> <span class='ocrx_word' id='word_1_54' title='bbox 2379 1163 2604 1228; x_wconf 88' lang='lat' dir='ltr'>omnia</span> <span class='ocrx_word' id='word_1_55' title='bbox 2636 1163 2747 1227; x_wconf 94' lang='lat' dir='ltr'>illa</span> 
     </span>
     <span class='ocr_line' id='line_1_10' title="bbox 327 1269 2190 1353; baseline -0.002 -19"><span class='ocrx_word' id='word_1_56' title='bbox 327 1291 502 1353; x_wconf 90' lang='lat' dir='ltr'>quae</span> <span class='ocrx_word' id='word_1_57' title='bbox 531 1293 571 1335; x_wconf 89' lang='lat' dir='ltr'>a</span> <span class='ocrx_word' id='word_1_58' title='bbox 603 1293 675 1335; x_wconf 92' lang='lat' dir='ltr'>se</span> <span class='ocrx_word' id='word_1_59' title='bbox 705 1273 843 1336; x_wconf 89' lang='lat' dir='ltr'>fieri</span> <span class='ocrx_word' id='word_1_60' title='bbox 875 1272 1296 1338; x_wconf 89' lang='lat' dir='ltr'>conueniunt.</span> <span class='ocrx_word' id='word_1_61' title='bbox 1388 1270 1632 1335; x_wconf 91' lang='lat' dir='ltr'>deinde</span> <span class='ocrx_word' id='word_1_62' title='bbox 1662 1269 1959 1353; x_wconf 84' lang='lat' dir='ltr'>plenarie</span> <span class='ocrx_word' id='word_1_63' title='bbox 1992 1270 2190 1333; x_wconf 88' lang='lat' dir='ltr'>dicit:</span> 
     </span>
    </p>
   </div>
   <div class='ocr_carea' id='block_1_9' title="bbox 438 1421 1115 1507">
    <p class='ocr_par' dir='ltr' id='par_1_9' title="bbox 438 1421 1115 1507">
     <span class='ocr_line' id='line_1_11' title="bbox 438 1421 1115 1507; baseline 0.001 -21"><span class='ocrx_word' id='word_1_64' title='bbox 438 1421 672 1507; x_wconf 83' lang='lat' dir='ltr'>fideles</span> <span class='ocrx_word' id='word_1_65' title='bbox 702 1423 771 1488; x_wconf 83' lang='lat' dir='ltr'>in</span> <span class='ocrx_word' id='word_1_66' title='bbox 802 1445 950 1488; x_wconf 88' lang='lat' dir='ltr'>omn</span> <span class='ocrx_word' id='word_1_67' title='bbox 957 1423 1115 1488; x_wconf 83' lang='lat' dir='ltr'>ibus.</span> 
     </span>
    </p>
   </div>
   <div class='ocr_carea' id='block_1_10' title="bbox 460 1546 2742 1638">
    <p class='ocr_par' dir='ltr' id='par_1_10' title="bbox 460 1546 2742 1638">
     <span class='ocr_line' id='line_1_12' title="bbox 460 1546 2742 1638; baseline -0.001 -24"><span class='ocrx_word' id='word_1_68' title='bbox 460 1552 682 1616; x_wconf 90' lang='lat' dir='ltr'>media</span> <span class='ocrx_word' id='word_1_69' title='bbox 729 1575 886 1638; x_wconf 79' lang='lat' dir='ltr'>uero</span> <span class='ocrx_word' id='word_1_70' title='bbox 934 1555 1362 1636; x_wconf 86' lang='lat' dir='ltr'>interponens</span> <span class='ocrx_word' id='word_1_71' title='bbox 1412 1548 1527 1615; x_wconf 90' lang='lat' dir='ltr'>illa</span> <span class='ocrx_word' id='word_1_72' title='bbox 1575 1572 1750 1634; x_wconf 91' lang='lat' dir='ltr'>quae</span> <span class='ocrx_word' id='word_1_73' title='bbox 1810 1550 1895 1614; x_wconf 92' lang='lat' dir='ltr'>de</span> <span class='ocrx_word' id='word_1_74' title='bbox 1951 1549 2335 1614; x_wconf 88' lang='lat' dir='ltr'>mulieribus</span> <span class='ocrx_word' id='word_1_75' title='bbox 2396 1546 2742 1613; x_wconf 88' lang='lat' dir='ltr'>diaconiae</span> 
     </span>
    </p>
   </div>
   <div class='ocr_carea' id='block_1_11' title="bbox 325 1652 2862 1740">
    <p class='ocr_par' dir='ltr' id='par_1_11' title="bbox 325 1652 2862 1740">
     <span class='ocr_line' id='line_1_13' title="bbox 325 1652 2862 1740; baseline 0.002 -24"><span class='ocrx_word' id='word_1_76' title='bbox 325 1653 616 1717; x_wconf 89' lang='lat' dir='ltr'>officium</span> <span class='ocrx_word' id='word_1_77' title='bbox 668 1654 1098 1739; x_wconf 85' lang='lat' dir='ltr'>fungentibus</span> <span class='ocrx_word' id='word_1_78' title='bbox 1146 1665 1420 1740; x_wconf 90' lang='lat' dir='ltr'>propter</span> <span class='ocrx_word' id='word_1_79' title='bbox 1479 1652 1768 1719; x_wconf 91' lang='lat' dir='ltr'>nominis</span> <span class='ocrx_word' id='word_1_80' title='bbox 1844 1654 2114 1720; x_wconf 85' lang='lat' dir='ltr'>dixerat</span> <span class='ocrx_word' id='word_1_81' title='bbox 2175 1657 2739 1733; x_wconf 87' lang='lat' dir='ltr'>communionem,</span> <span class='ocrx_word' id='word_1_82' title='bbox 2786 1674 2862 1720; x_wconf 86' lang='lat'>10</span> 
     </span>
    </p>
   </div>
   <div class='ocr_carea' id='block_1_12' title="bbox 326 1759 2744 2046">
    <p class='ocr_par' dir='ltr' id='par_1_12' title="bbox 326 1759 2744 2046">
     <span class='ocr_line' id='line_1_14' title="bbox 327 1759 2739 1844; baseline -0 -21"><span class='ocrx_word' id='word_1_83' title='bbox 327 1762 421 1823; x_wconf 90' lang='lat' dir='ltr'>ita</span> <span class='ocrx_word' id='word_1_84' title='bbox 476 1769 549 1824; x_wconf 93' lang='lat' dir='ltr'>ut</span> <span class='ocrx_word' id='word_1_85' title='bbox 595 1761 975 1825; x_wconf 88' lang='lat' dir='ltr'>ostenderet</span> <span class='ocrx_word' id='word_1_86' title='bbox 1018 1761 1200 1844; x_wconf 92' lang='lat' dir='ltr'>quod</span> <span class='ocrx_word' id='word_1_87' title='bbox 1249 1759 1390 1824; x_wconf 91' lang='lat' dir='ltr'>uult</span> <span class='ocrx_word' id='word_1_88' title='bbox 1435 1759 1743 1823; x_wconf 90' lang='lat' dir='ltr'>similiter</span> <span class='ocrx_word' id='word_1_89' title='bbox 1790 1767 1857 1823; x_wconf 91' lang='lat' dir='ltr'>et</span> <span class='ocrx_word' id='word_1_90' title='bbox 1907 1759 2066 1824; x_wconf 89' lang='lat' dir='ltr'>istas</span> <span class='ocrx_word' id='word_1_91' title='bbox 2123 1759 2361 1823; x_wconf 88' lang='lat' dir='ltr'>studiis</span> <span class='ocrx_word' id='word_1_92' title='bbox 2415 1760 2739 1823; x_wconf 87' lang='lat' dir='ltr'>uirtutum</span> 
     </span>
     <span class='ocr_line' id='line_1_15' title="bbox 327 1857 2744 1946; baseline 0 -22"><span class='ocrx_word' id='word_1_93' title='bbox 327 1862 683 1926; x_wconf 89' lang='lat' dir='ltr'>intendere.</span> <span class='ocrx_word' id='word_1_94' title='bbox 774 1861 1016 1927; x_wconf 93' lang='lat' dir='ltr'>deinde</span> <span class='ocrx_word' id='word_1_95' title='bbox 1069 1863 1342 1927; x_wconf 89' lang='lat' dir='ltr'>resumit</span> <span class='ocrx_word' id='word_1_96' title='bbox 1390 1861 1922 1946; x_wconf 89' lang='lat' dir='ltr'>prosecutionem</span> <span class='ocrx_word' id='word_1_97' title='bbox 1986 1862 2168 1926; x_wconf 89' lang='lat' dir='ltr'>illam</span> <span class='ocrx_word' id='word_1_98' title='bbox 2216 1882 2420 1945; x_wconf 90' lang='lat' dir='ltr'>quam</span> <span class='ocrx_word' id='word_1_99' title='bbox 2466 1858 2552 1925; x_wconf 93' lang='lat' dir='ltr'>de</span> <span class='ocrx_word' id='word_1_100' title='bbox 2599 1857 2744 1925; x_wconf 90' lang='lat' dir='ltr'>dia-</span> 
     </span>
     <span class='ocr_line' id='line_1_16' title="bbox 326 1961 2264 2046; baseline 0.001 -21"><span class='ocrx_word' id='word_1_101' title='bbox 326 1962 600 2027; x_wconf 89' lang='lat' dir='ltr'>conibus</span> <span class='ocrx_word' id='word_1_102' title='bbox 633 1962 696 2025; x_wconf 87' lang='lat' dir='ltr'>in</span> <span class='ocrx_word' id='word_1_103' title='bbox 728 1963 1279 2046; x_wconf 88' lang='lat' dir='ltr'>praecedentibus</span> <span class='ocrx_word' id='word_1_104' title='bbox 1309 1964 1594 2041; x_wconf 87' lang='lat' dir='ltr'>dixerat,</span> <span class='ocrx_word' id='word_1_105' title='bbox 1629 1962 1891 2028; x_wconf 89' lang='lat' dir='ltr'>residua</span> <span class='ocrx_word' id='word_1_106' title='bbox 1923 1961 2217 2027; x_wconf 88' lang='lat' dir='ltr'>adiciens</span> <span class='ocrx_word' id='word_1_107' title='bbox 2249 1983 2264 2027; x_wconf 71' lang='grc' dir='ltr'>ε</span> 
     </span>
    </p>
   </div>
   <div class='ocr_carea' id='block_1_13' title="bbox 457 2113 2748 2199">
    <p class='ocr_par' dir='ltr' id='par_1_13' title="bbox 457 2113 2748 2199">
     <span class='ocr_line' id='line_1_17' title="bbox 457 2113 2748 2199; baseline 0.001 -23"><span class='ocrx_word' id='word_1_108' title='bbox 457 2113 718 2177; x_wconf 81' lang='lat' dir='ltr'>diaconi</span> <span class='ocrx_word' id='word_1_109' title='bbox 763 2115 1031 2198; x_wconf 88' lang='lat' dir='ltr'>(inquit)</span> <span class='ocrx_word' id='word_1_110' title='bbox 1084 2116 1224 2181; x_wconf 84' lang='lat' dir='ltr'>sint</span> <span class='ocrx_word' id='word_1_111' title='bbox 1266 2117 1464 2180; x_wconf 81' lang='lat' dir='ltr'>unius</span> <span class='ocrx_word' id='word_1_112' title='bbox 1510 2116 1733 2180; x_wconf 75' lang='lat' dir='ltr'>uxoris</span> <span class='ocrx_word' id='word_1_113' title='bbox 1775 2115 1931 2192; x_wconf 81' lang='lat' dir='ltr'>uiri,</span> <span class='ocrx_word' id='word_1_114' title='bbox 1960 2116 2150 2199; x_wconf 83' lang='lat' dir='ltr'>filios</span> <span class='ocrx_word' id='word_1_115' title='bbox 2180 2115 2330 2180; x_wconf 82' lang='lat' dir='ltr'>bene</span> <span class='ocrx_word' id='word_1_116' title='bbox 2368 2125 2651 2198; x_wconf 81' lang='lat' dir='ltr'>regentes</span> <span class='ocrx_word' id='word_1_117' title='bbox 2684 2125 2748 2178; x_wconf 82' lang='lat' dir='ltr'>et</span> 
     </span>
    </p>
   </div>
   <div class='ocr_carea' id='block_1_14' title="bbox 327 2216 750 2281">
    <p class='ocr_par' dir='ltr' id='par_1_14' title="bbox 327 2216 750 2281">
     <span class='ocr_line' id='line_1_18' title="bbox 327 2216 750 2281; baseline 0.012 -5"><span class='ocrx_word' id='word_1_118' title='bbox 327 2234 486 2278; x_wconf 82' lang='lat' dir='ltr'>suas</span> <span class='ocrx_word' id='word_1_119' title='bbox 515 2216 750 2281; x_wconf 83' lang='lat' dir='ltr'>domos.</span> 
     </span>
    </p>
   </div>
   <div class='ocr_carea' id='block_1_15' title="bbox 326 2342 2746 2742">
    <p class='ocr_par' dir='ltr' id='par_1_15' title="bbox 326 2342 2746 2742">
     <span class='ocr_line' id='line_1_19' title="bbox 458 2342 2744 2430; baseline -0 -22"><span class='ocrx_word' id='word_1_120' title='bbox 458 2346 933 2427; x_wconf 88' lang='lat' dir='ltr'>compendiose</span> <span class='ocrx_word' id='word_1_121' title='bbox 1005 2347 1296 2430; x_wconf 90' lang='lat' dir='ltr'>idipsum</span> <span class='ocrx_word' id='word_1_122' title='bbox 1374 2346 1537 2409; x_wconf 89' lang='lat' dir='ltr'>dicit</span> <span class='ocrx_word' id='word_1_123' title='bbox 1616 2345 1799 2429; x_wconf 92' lang='lat' dir='ltr'>quod</span> <span class='ocrx_word' id='word_1_124' title='bbox 1870 2346 1936 2409; x_wconf 91' lang='lat' dir='ltr'>in</span> <span class='ocrx_word' id='word_1_125' title='bbox 2014 2346 2464 2428; x_wconf 89' lang='lat' dir='ltr'>superioribus</span> <span class='ocrx_word' id='word_1_126' title='bbox 2531 2353 2599 2407; x_wconf 90' lang='lat' dir='ltr'>et</span> <span class='ocrx_word' id='word_1_127' title='bbox 2656 2342 2744 2406; x_wconf 91' lang='lat' dir='ltr'>de</span> 
     </span>
     <span class='ocr_line' id='line_1_20' title="bbox 327 2448 2745 2533; baseline 0 -23"><span class='ocrx_word' id='word_1_128' title='bbox 327 2448 732 2530; x_wconf 90' lang='lat' dir='ltr'>presbyteris</span> <span class='ocrx_word' id='word_1_129' title='bbox 786 2449 1068 2526; x_wconf 84' lang='lat' dir='ltr'>dixerat,</span> <span class='ocrx_word' id='word_1_130' title='bbox 1122 2471 1242 2533; x_wconf 90' lang='lat' dir='ltr'>per</span> <span class='ocrx_word' id='word_1_131' title='bbox 1305 2451 1531 2514; x_wconf 89' lang='lat' dir='ltr'>omnia</span> <span class='ocrx_word' id='word_1_132' title='bbox 1583 2449 1946 2514; x_wconf 92' lang='lat' dir='ltr'>ostendens</span> <span class='ocrx_word' id='word_1_133' title='bbox 2007 2449 2323 2533; x_wconf 90' lang='lat' dir='ltr'>quoniam</span> <span class='ocrx_word' id='word_1_134' title='bbox 2386 2468 2745 2513; x_wconf 88' lang='lat' dir='ltr'>commune</span> 
     </span>
     <span class='ocr_line' id='line_1_21' title="bbox 327 2549 2746 2636; baseline -0 -22"><span class='ocrx_word' id='word_1_135' title='bbox 327 2549 454 2615; x_wconf 89' lang='lat' dir='ltr'>illis</span> <span class='ocrx_word' id='word_1_136' title='bbox 494 2551 638 2615; x_wconf 92' lang='lat' dir='ltr'>uult</span> <span class='ocrx_word' id='word_1_137' title='bbox 683 2552 920 2618; x_wconf 89' lang='lat' dir='ltr'>adesse</span> <span class='ocrx_word' id='word_1_138' title='bbox 964 2552 1259 2618; x_wconf 89' lang='lat' dir='ltr'>studium</span> <span class='ocrx_word' id='word_1_139' title='bbox 1306 2554 1586 2618; x_wconf 81' lang='lat' dir='ltr'>uirtutis,</span> <span class='ocrx_word' id='word_1_140' title='bbox 1676 2552 1921 2618; x_wconf 89' lang='lat' dir='ltr'>deinde</span> <span class='ocrx_word' id='word_1_141' title='bbox 1957 2553 2114 2636; x_wconf 90' lang='lat' dir='ltr'>quia</span> <span class='ocrx_word' id='word_1_142' title='bbox 2160 2552 2552 2618; x_wconf 89' lang='lat' dir='ltr'>infirmiores</span> <span class='ocrx_word' id='word_1_143' title='bbox 2599 2571 2746 2615; x_wconf 91' lang='lat' dir='ltr'>esse</span> 
     </span>
     <span class='ocr_line' id='line_1_22' title="bbox 326 2655 2743 2742; baseline 0.002 -25"><span class='ocrx_word' id='word_1_144' title='bbox 326 2655 638 2719; x_wconf 88' lang='lat' dir='ltr'>uidentur</span> <span class='ocrx_word' id='word_1_145' title='bbox 666 2657 1070 2739; x_wconf 89' lang='lat' dir='ltr'>presbyteris</span> <span class='ocrx_word' id='word_1_146' title='bbox 1103 2658 1468 2722; x_wconf 90' lang='lat' dir='ltr'>secundum</span> <span class='ocrx_word' id='word_1_147' title='bbox 1507 2658 1810 2741; x_wconf 84' lang='lat' dir='ltr'>gradum,</span> <span class='ocrx_word' id='word_1_148' title='bbox 1844 2658 2206 2722; x_wconf 89' lang='lat' dir='ltr'>ostendens</span> <span class='ocrx_word' id='word_1_149' title='bbox 2248 2661 2406 2742; x_wconf 88' lang='lat' dir='ltr'>quia</span> <span class='ocrx_word' id='word_1_150' title='bbox 2451 2661 2519 2722; x_wconf 91' lang='lat' dir='ltr'>in</span> <span class='ocrx_word' id='word_1_151' title='bbox 2557 2657 2743 2723; x_wconf 89' lang='lat' dir='ltr'>nulla</span> 
     </span>
    </p>
   </div>
   <div class='ocr_carea' id='block_1_16' title="bbox 327 2758 2862 2946">
    <p class='ocr_par' dir='ltr' id='par_1_16' title="bbox 327 2758 2862 2946">
     <span class='ocr_line' id='line_1_23' title="bbox 327 2758 2862 2838; baseline 0.004 -20"><span class='ocrx_word' id='word_1_152' title='bbox 327 2763 516 2838; x_wconf 91' lang='lat' dir='ltr'>parte</span> <span class='ocrx_word' id='word_1_153' title='bbox 561 2758 976 2822; x_wconf 88' lang='lat' dir='ltr'>minorantur</span> <span class='ocrx_word' id='word_1_154' title='bbox 1019 2759 1105 2823; x_wconf 93' lang='lat' dir='ltr'>ab</span> <span class='ocrx_word' id='word_1_155' title='bbox 1152 2759 1279 2822; x_wconf 91' lang='lat' dir='ltr'>illis</span> <span class='ocrx_word' id='word_1_156' title='bbox 1325 2761 1380 2822; x_wconf 92' lang='lat' dir='ltr'>si</span> <span class='ocrx_word' id='word_1_157' title='bbox 1426 2760 1794 2824; x_wconf 89' lang='lat' dir='ltr'>secundum</span> <span class='ocrx_word' id='word_1_158' title='bbox 1840 2769 1915 2824; x_wconf 93' lang='lat' dir='ltr'>ut</span> <span class='ocrx_word' id='word_1_159' title='bbox 1960 2760 2361 2824; x_wconf 89' lang='lat' dir='ltr'>conueniens</span> <span class='ocrx_word' id='word_1_160' title='bbox 2406 2767 2507 2824; x_wconf 94' lang='lat' dir='ltr'>est</span> <span class='ocrx_word' id='word_1_161' title='bbox 2549 2782 2741 2825; x_wconf 88' lang='lat' dir='ltr'>suum</span> <span class='ocrx_word' id='word_1_162' title='bbox 2777 2783 2862 2829; x_wconf 87' lang='lat'>20</span> 
     </span>
     <span class='ocr_line' id='line_1_24' title="bbox 327 2862 1579 2946; baseline 0.002 -21"><span class='ocrx_word' id='word_1_163' title='bbox 327 2863 618 2926; x_wconf 87' lang='lat' dir='ltr'>officium</span> <span class='ocrx_word' id='word_1_164' title='bbox 650 2864 928 2946; x_wconf 87' lang='lat' dir='ltr'>implere</span> <span class='ocrx_word' id='word_1_165' title='bbox 958 2862 1304 2939; x_wconf 84' lang='lat' dir='ltr'>noluerint,</span> <span class='ocrx_word' id='word_1_166' title='bbox 1336 2862 1579 2927; x_wconf 88' lang='lat' dir='ltr'>adicit:</span> 
     </span>
    </p>
   </div>
   <div class='ocr_carea' id='block_1_17' title="bbox 323 2998 2752 3200">
    <p class='ocr_par' dir='ltr' id='par_1_17' title="bbox 323 2998 2752 3200">
     <span class='ocr_line' id='line_1_25' title="bbox 456 2998 2752 3098; baseline 0 -21"><span class='ocrx_word' id='word_1_167' title='bbox 456 3013 576 3096; x_wconf 82' lang='lat' dir='ltr'>qui</span> <span class='ocrx_word' id='word_1_168' title='bbox 612 3014 787 3078; x_wconf 83' lang='lat' dir='ltr'>enim</span> <span class='ocrx_word' id='word_1_169' title='bbox 831 3013 980 3078; x_wconf 79' lang='lat' dir='ltr'>bene</span> <span class='ocrx_word' id='word_1_170' title='bbox 1018 3014 1567 3092; x_wconf 63' lang='lat' dir='ltr'>minzlrtrauerint,</span> <span class='ocrx_word' id='word_1_171' title='bbox 1600 2998 1896 3098; x_wconf 52' lang='lat' dir='ltr'>gradum</span> <span class='ocrx_word' id='word_1_172' title='bbox 1940 3014 2073 3079; x_wconf 79' lang='lat' dir='ltr'>sibi</span> <span class='ocrx_word' id='word_1_173' title='bbox 2113 3013 2342 3079; x_wconf 82' lang='lat' dir='ltr'>bonum</span> <span class='ocrx_word' id='word_1_174' title='bbox 2385 3014 2752 3098; x_wconf 82' lang='lat' dir='ltr'>adquirunt</span> 
     </span>
     <span class='ocr_line' id='line_1_26' title="bbox 323 3114 2245 3200; baseline 0.001 -22"><span class='ocrx_word' id='word_1_175' title='bbox 323 3123 388 3178; x_wconf 85' lang='lat' dir='ltr'>et</span> <span class='ocrx_word' id='word_1_176' title='bbox 416 3115 691 3179; x_wconf 86' lang='lat' dir='ltr'>multam</span> <span class='ocrx_word' id='word_1_177' title='bbox 704 3115 1033 3200; x_wconf 83' lang='lat' dir='ltr'>fiduciam</span> <span class='ocrx_word' id='word_1_178' title='bbox 1062 3116 1163 3199; x_wconf 83' lang='lat' dir='ltr'>[in</span> <span class='ocrx_word' id='word_1_179' title='bbox 1176 3116 1345 3200; x_wconf 83' lang='lat' dir='ltr'>fide]</span> <span class='ocrx_word' id='word_1_180' title='bbox 1376 3136 1539 3199; x_wconf 78' lang='lat' dir='ltr'>quae</span> <span class='ocrx_word' id='word_1_181' title='bbox 1564 3128 1661 3182; x_wconf 86' lang='lat' dir='ltr'>est</span> <span class='ocrx_word' id='word_1_182' title='bbox 1690 3116 1758 3180; x_wconf 83' lang='lat' dir='ltr'>in</span> <span class='ocrx_word' id='word_1_183' title='bbox 1796 3114 2051 3182; x_wconf 79' lang='lat' dir='ltr'>Christo</span> <span class='ocrx_word' id='word_1_184' title='bbox 2080 3117 2245 3179; x_wconf 84' lang='lat' dir='ltr'>Iesu.</span> 
     </span>
    </p>
   </div>
   <div class='ocr_carea' id='block_1_18' title="bbox 331 3281 802 3410">
    <p class='ocr_par' dir='ltr' id='par_1_18' title="bbox 331 3281 802 3410">
     <span class='ocr_line' id='line_1_27' title="bbox 386 3281 802 3346; baseline 0.01 -20"><span class='ocrx_word' id='word_1_185' title='bbox 386 3316 397 3326; x_wconf 91' lang='lat'>.</span> <span class='ocrx_word' id='word_1_186' title='bbox 427 3296 454 3330; x_wconf 70' lang='grc' dir='ltr'>α</span> <span class='ocrx_word' id='word_1_187' title='bbox 490 3281 748 3346; x_wconf 86' lang='lat' dir='ltr'>duplicent</span> <span class='ocrx_word' id='word_1_188' title='bbox 769 3298 802 3330; x_wconf 83' lang='lat' dir='ltr'>r</span> 
     </span>
     <span class='ocr_line' id='line_1_28' title="bbox 331 3360 689 3410; baseline 0.006 -2"><span class='ocrx_word' id='word_1_189' title='bbox 331 3360 596 3410; x_wconf 84' lang='lat' dir='ltr'>ostendere</span> <span class='ocrx_word' id='word_1_190' title='bbox 618 3361 689 3410; x_wconf 80' lang='lat' dir='ltr'><em>H</em></span> 
     </span>
    </p>
   </div>
   <div class='ocr_carea' id='block_1_19' title="bbox 330 3443 679 3496">
    <p class='ocr_par' dir='ltr' id='par_1_19' title="bbox 330 3443 679 3496">
     <span class='ocr_line' id='line_1_29' title="bbox 330 3443 679 3496; baseline 0 -1"><span class='ocrx_word' id='word_1_191' title='bbox 330 3444 563 3496; x_wconf 82' lang='lat' dir='ltr'>straverit</span> <span class='ocrx_word' id='word_1_192' title='bbox 583 3443 679 3495; x_wconf 78' lang='lat' dir='ltr'>H*</span> 
     </span>
    </p>
   </div>
   <div class='ocr_carea' id='block_1_20' title="bbox 836 3361 1407 3507">
    <p class='ocr_par' dir='ltr' id='par_1_20' title="bbox 836 3361 1407 3507">
     <span class='ocr_line' id='line_1_30' title="bbox 836 3361 1297 3425; baseline 0.002 -14"><span class='ocrx_word' id='word_1_193' title='bbox 836 3375 891 3425; x_wconf 84' lang='lat'>15</span> <span class='ocrx_word' id='word_1_194' title='bbox 926 3361 1107 3411; x_wconf 87' lang='lat' dir='ltr'>domos</span> <span class='ocrx_word' id='word_1_195' title='bbox 1129 3377 1297 3412; x_wconf 81' lang='lat' dir='ltr'>suasr</span> 
     </span>
     <span class='ocr_line' id='line_1_31' title="bbox 879 3443 1407 3507; baseline 0.002 -14"><span class='ocrx_word' id='word_1_196' title='bbox 879 3459 941 3507; x_wconf 81' lang='lat'>23</span> <span class='ocrx_word' id='word_1_197' title='bbox 965 3444 1016 3494; x_wconf 89' lang='lat' dir='ltr'>in</span> <span class='ocrx_word' id='word_1_198' title='bbox 1040 3443 1139 3495; x_wconf 86' lang='lat' dir='ltr'>fide</span> <span class='ocrx_word' id='word_1_199' title='bbox 1160 3461 1237 3494; x_wconf 86' lang='lat' dir='ltr'>om</span> <span class='ocrx_word' id='word_1_200' title='bbox 1267 3445 1312 3494; x_wconf 91' lang='lat' dir='ltr'><em>C</em></span> <span class='ocrx_word' id='word_1_201' title='bbox 1340 3446 1407 3494; x_wconf 86' lang='lat' dir='ltr'><em>H</em></span> 
     </span>
    </p>
   </div>
   <div class='ocr_carea' id='block_1_21' title="bbox 328 3597 1492 4566">
    <p class='ocr_par' dir='ltr' id='par_1_21' title="bbox 330 3597 1492 3743">
     <span class='ocr_line' id='line_1_32' title="bbox 396 3597 1492 3662; baseline 0.001 -14"><span class='ocrx_word' id='word_1_202' title='bbox 396 3597 444 3648; x_wconf 90' lang='lat'>6.</span> <span class='ocrx_word' id='word_1_203' title='bbox 516 3604 739 3662; x_wconf 61' lang='lat' dir='ltr'>arguar,</span> <span class='ocrx_word' id='word_1_204' title='bbox 765 3598 837 3648; x_wconf 78' lang='lat' dir='ltr'>ita</span> <span class='ocrx_word' id='word_1_205' title='bbox 865 3604 937 3660; x_wconf 79' lang='lat' dir='ltr'>ut,</span> <span class='ocrx_word' id='word_1_206' title='bbox 970 3597 1086 3660; x_wconf 63' lang='grc' dir='ltr'>δια]</span> <span class='ocrx_word' id='word_1_207' title='bbox 1154 3598 1252 3649; x_wconf 85' lang='lat' dir='ltr'>See</span> <span class='ocrx_word' id='word_1_208' title='bbox 1285 3615 1353 3649; x_wconf 87' lang='lat' dir='ltr'>on</span> <span class='ocrx_word' id='word_1_209' title='bbox 1383 3616 1433 3648; x_wconf 86' lang='lat' dir='ltr'>v.</span> <span class='ocrx_word' id='word_1_210' title='bbox 1464 3614 1492 3649; x_wconf 68' lang='grc' dir='ltr'>α</span> 
     </span>
     <span class='ocr_line' id='line_1_33' title="bbox 330 3679 730 3743; baseline 0.005 -17"><span class='ocrx_word' id='word_1_211' title='bbox 330 3679 405 3743; x_wconf 84' lang='lat' dir='ltr'>(p.</span> <span class='ocrx_word' id='word_1_212' title='bbox 436 3681 543 3735; x_wconf 84' lang='lat'>108,</span> <span class='ocrx_word' id='word_1_213' title='bbox 568 3680 604 3728; x_wconf 92' lang='lat'>1.</span> <span class='ocrx_word' id='word_1_214' title='bbox 635 3679 730 3743; x_wconf 85' lang='lat'>10).</span> 
     </span>
    </p>

    <p class='ocr_par' dir='ltr' id='par_1_22' title="bbox 328 3761 1492 4566">
     <span class='ocr_line' id='line_1_34' title="bbox 402 3761 1492 3827; baseline 0.001 -17"><span class='ocrx_word' id='word_1_215' title='bbox 402 3777 478 3821; x_wconf 85' lang='lat'>1⁴·</span> <span class='ocrx_word' id='word_1_216' title='bbox 549 3763 705 3811; x_wconf 80' lang='lat' dir='ltr'>unius</span> <span class='ocrx_word' id='word_1_217' title='bbox 743 3763 917 3812; x_wconf 74' lang='lat' dir='ltr'>uxor-125</span> <span class='ocrx_word' id='word_1_218' title='bbox 945 3761 1077 3824; x_wconf 76' lang='lat' dir='ltr'><em>uim]</em></span> <span class='ocrx_word' id='word_1_219' title='bbox 1111 3762 1290 3827; x_wconf 69' lang='lat' dir='ltr'>Chrys».</span> <span class='ocrx_word' id='word_1_220' title='bbox 1316 3763 1492 3824; x_wconf 77' lang='grc' dir='ltr'>(ταῦτα</span> 
     </span>
     <span class='ocr_line' id='line_1_35' title="bbox 330 3837 1481 3905; baseline 0.003 -17"><span class='ocrx_word' id='word_1_221' title='bbox 330 3840 443 3902; x_wconf 68' lang='grc' dir='ltr'>περὶ</span> <span class='ocrx_word' id='word_1_222' title='bbox 463 3837 699 3899; x_wconf 74' lang='grc' dir='ltr'>γυναικῶν</span> <span class='ocrx_word' id='word_1_223' title='bbox 714 3837 945 3890; x_wconf 74' lang='grc' dir='ltr'>διακόνιον</span> <span class='ocrx_word' id='word_1_224' title='bbox 966 3838 1193 3904; x_wconf 72' lang='grc' dir='ltr'>ἁρμόττει</span> <span class='ocrx_word' id='word_1_225' title='bbox 1225 3841 1481 3905; x_wconf 76' lang='grc' dir='ltr'>εἰρῆσθαι),</span> 
     </span>
     <span class='ocr_line' id='line_1_36' title="bbox 329 3922 1489 3989; baseline 0.003 -17"><span class='ocrx_word' id='word_1_226' title='bbox 329 3922 567 3972; x_wconf 81' lang='lat' dir='ltr'>followed</span> <span class='ocrx_word' id='word_1_227' title='bbox 598 3923 663 3988; x_wconf 92' lang='lat' dir='ltr'>by</span> <span class='ocrx_word' id='word_1_228' title='bbox 687 3924 843 3974; x_wconf 89' lang='lat' dir='ltr'>Thdt.</span> <span class='ocrx_word' id='word_1_229' title='bbox 870 3924 1000 3984; x_wconf 77' lang='grc' dir='ltr'>(κατ’</span> <span class='ocrx_word' id='word_1_230' title='bbox 1034 3926 1215 3986; x_wconf 67' lang='grc' dir='ltr'>ἐκείνην</span> <span class='ocrx_word' id='word_1_231' title='bbox 1234 3923 1326 3985; x_wconf 81' lang='grc' dir='ltr'>τὴν</span> <span class='ocrx_word' id='word_1_232' title='bbox 1348 3926 1489 3989; x_wconf 78' lang='grc' dir='ltr'>ἑρμη-</span> 
     </span>
     <span class='ocr_line' id='line_1_37' title="bbox 329 4003 1487 4070; baseline 0.006 -21"><span class='ocrx_word' id='word_1_233' title='bbox 329 4003 463 4051; x_wconf 74' lang='grc' dir='ltr'><strong><em>νείαν</em></strong></span> <span class='ocrx_word' id='word_1_234' title='bbox 492 4005 573 4052; x_wconf 74' lang='grc' dir='ltr'>καὶ</span> <span class='ocrx_word' id='word_1_235' title='bbox 605 4005 749 4053; x_wconf 77' lang='grc' dir='ltr'>τοῦτο</span> <span class='ocrx_word' id='word_1_236' title='bbox 770 4003 984 4068; x_wconf 54' lang='lat' dir='ltr'>vendor)</span> <span class='ocrx_word' id='word_1_237' title='bbox 1022 4007 1123 4055; x_wconf 85' lang='lat' dir='ltr'>and</span> <span class='ocrx_word' id='word_1_238' title='bbox 1161 4005 1285 4056; x_wconf 89' lang='lat' dir='ltr'>Oec.</span> <span class='ocrx_word' id='word_1_239' title='bbox 1313 4004 1487 4070; x_wconf 76' lang='grc' dir='ltr'>(ταῦτα</span> 
     </span>
     <span class='ocr_line' id='line_1_38' title="bbox 331 4085 1481 4152; baseline 0.004 -20"><span class='ocrx_word' id='word_1_240' title='bbox 331 4085 383 4133; x_wconf 77' lang='grc' dir='ltr'>δὲ</span> <span class='ocrx_word' id='word_1_241' title='bbox 441 4087 523 4133; x_wconf 72' lang='grc' dir='ltr'>καὶ</span> <span class='ocrx_word' id='word_1_242' title='bbox 569 4087 678 4148; x_wconf 76' lang='grc' dir='ltr'>περὶ</span> <span class='ocrx_word' id='word_1_243' title='bbox 722 4087 1042 4137; x_wconf 71' lang='grc' dir='ltr'>διακονισσῶν</span> <span class='ocrx_word' id='word_1_244' title='bbox 1086 4090 1162 4138; x_wconf 78' lang='grc' dir='ltr'>δεῖ</span> <span class='ocrx_word' id='word_1_245' title='bbox 1213 4089 1481 4152; x_wconf 77' lang='grc' dir='ltr'>δέχεσθαι),</span> 
     </span>
     <span class='ocr_line' id='line_1_39' title="bbox 331 4167 1489 4236; baseline 0.004 -20"><span class='ocrx_word' id='word_1_246' title='bbox 331 4174 568 4216; x_wconf 83' lang='lat' dir='ltr'>connects</span> <span class='ocrx_word' id='word_1_247' title='bbox 604 4167 704 4217; x_wconf 80' lang='lat' dir='ltr'>this</span> <span class='ocrx_word' id='word_1_248' title='bbox 743 4184 883 4219; x_wconf 82' lang='lat' dir='ltr'>verse</span> <span class='ocrx_word' id='word_1_249' title='bbox 920 4169 1043 4220; x_wconf 82' lang='lat' dir='ltr'>with</span> <span class='ocrx_word' id='word_1_250' title='bbox 1088 4171 1174 4220; x_wconf 88' lang='lat' dir='ltr'>the</span> <span class='ocrx_word' id='word_1_251' title='bbox 1218 4170 1489 4236; x_wconf 80' lang='lat' dir='ltr'>preceding</span> 
     </span>
     <span class='ocr_line' id='line_1_40' title="bbox 329 4249 1490 4317; baseline 0.003 -19"><span class='ocrx_word' id='word_1_252' title='bbox 329 4249 399 4312; x_wconf 88' lang='lat' dir='ltr'>by</span> <span class='ocrx_word' id='word_1_253' title='bbox 444 4249 720 4315; x_wconf 80' lang='lat' dir='ltr'>supposing</span> <span class='ocrx_word' id='word_1_254' title='bbox 769 4250 876 4300; x_wconf 88' lang='lat' dir='ltr'>that</span> <span class='ocrx_word' id='word_1_255' title='bbox 923 4251 962 4301; x_wconf 89' lang='lat' dir='ltr'>it</span> <span class='ocrx_word' id='word_1_256' title='bbox 1008 4252 1204 4317; x_wconf 80' lang='lat' dir='ltr'>applies</span> <span class='ocrx_word' id='word_1_257' title='bbox 1259 4252 1490 4312; x_wconf 78' lang='lat' dir='ltr'>(mutatis</span> 
     </span>
     <span class='ocr_line' id='line_1_41' title="bbox 328 4332 1488 4393; baseline 0.004 -13"><span class='ocrx_word' id='word_1_258' title='bbox 328 4332 606 4393; x_wconf 78' lang='lat' dir='ltr'>mutandis)</span> <span class='ocrx_word' id='word_1_259' title='bbox 665 4340 718 4382; x_wconf 91' lang='lat' dir='ltr'>to</span> <span class='ocrx_word' id='word_1_260' title='bbox 774 4334 1100 4384; x_wconf 83' lang='lat' dir='ltr'>deaconesses</span> <span class='ocrx_word' id='word_1_261' title='bbox 1154 4351 1210 4384; x_wconf 77' lang='lat' dir='ltr'>as</span> <span class='ocrx_word' id='word_1_262' title='bbox 1263 4336 1378 4385; x_wconf 85' lang='lat' dir='ltr'>well</span> <span class='ocrx_word' id='word_1_263' title='bbox 1433 4351 1488 4385; x_wconf 84' lang='lat' dir='ltr'>as</span> 
     </span>
     <span class='ocr_line' id='line_1_42' title="bbox 328 4414 1490 4478; baseline 0.003 -16"><span class='ocrx_word' id='word_1_264' title='bbox 328 4414 564 4464; x_wconf 85' lang='lat' dir='ltr'>deaeons.</span> <span class='ocrx_word' id='word_1_265' title='bbox 667 4414 765 4463; x_wconf 89' lang='lat' dir='ltr'>Th.</span> <span class='ocrx_word' id='word_1_266' title='bbox 837 4416 1041 4478; x_wconf 84' lang='lat' dir='ltr'>regards</span> <span class='ocrx_word' id='word_1_267' title='bbox 1107 4432 1154 4465; x_wconf 80' lang='lat' dir='ltr'>v.</span> <span class='ocrx_word' id='word_1_268' title='bbox 1226 4431 1277 4466; x_wconf 89' lang='lat'>11</span> <span class='ocrx_word' id='word_1_269' title='bbox 1345 4432 1400 4465; x_wconf 83' lang='lat' dir='ltr'>as</span> <span class='ocrx_word' id='word_1_270' title='bbox 1459 4432 1490 4465; x_wconf 87' lang='lat' dir='ltr'>a</span> 
     </span>
     <span class='ocr_line' id='line_1_43' title="bbox 329 4496 1489 4566; baseline 0.005 -22"><span class='ocrx_word' id='word_1_271' title='bbox 329 4496 659 4561; x_wconf 79' lang='lat' dir='ltr'>parenthesis,</span> <span class='ocrx_word' id='word_1_272' title='bbox 698 4499 798 4547; x_wconf 83' lang='lat' dir='ltr'>and</span> <span class='ocrx_word' id='word_1_273' title='bbox 840 4514 881 4548; x_wconf 82' lang='lat' dir='ltr'>v.</span> <span class='ocrx_word' id='word_1_274' title='bbox 932 4515 987 4549; x_wconf 74' lang='grc' dir='ltr'><em>η</em></span> <span class='ocrx_word' id='word_1_275' title='bbox 1028 4515 1083 4549; x_wconf 87' lang='lat' dir='ltr'>as</span> <span class='ocrx_word' id='word_1_276' title='bbox 1121 4500 1305 4566; x_wconf 83' lang='lat' dir='ltr'>simply</span> <span class='ocrx_word' id='word_1_277' title='bbox 1344 4500 1489 4550; x_wconf 65' lang='lat' dir='ltr'>reite⁶</span> 
     </span>
    </p>
   </div>
   <div class='ocr_carea' id='block_1_22' title="bbox 503 4609 692 4662">
    <p class='ocr_par' dir='ltr' id='par_1_23' title="bbox 503 4609 692 4662">
     <span class='ocr_line' id='line_1_44' title="bbox 503 4609 692 4662; baseline 0.021 -5"><span class='ocrx_word' id='word_1_278' title='bbox 503 4609 555 4658; x_wconf 89' lang='lat' dir='ltr'>S.</span> <span class='ocrx_word' id='word_1_279' title='bbox 619 4610 692 4662; x_wconf 88' lang='lat'>11.</span> 
     </span>
    </p>
   </div>
   <div class='ocr_carea' id='block_1_23' title="bbox 1021 3283 2363 3430">
    <p class='ocr_par' dir='ltr' id='par_1_24' title="bbox 1021 3283 2363 3430">
     <span class='ocr_line' id='line_1_45' title="bbox 1021 3283 1518 3348; baseline 0.004 -17"><span class='ocrx_word' id='word_1_280' title='bbox 1021 3297 1054 3348; x_wconf 94' lang='lat'>9</span> <span class='ocrx_word' id='word_1_281' title='bbox 1085 3283 1317 3332; x_wconf 82' lang='lat' dir='ltr'>diaconia</span> <span class='ocrx_word' id='word_1_282' title='bbox 1345 3283 1423 3333; x_wconf 83' lang='lat' dir='ltr'>C*</span> <span class='ocrx_word' id='word_1_283' title='bbox 1449 3285 1518 3333; x_wconf 79' lang='lat' dir='ltr'><em>H</em></span> 
     </span>
     <span class='ocr_line' id='line_1_46' title="bbox 1464 3362 2363 3430; baseline -0.002 -16"><span class='ocrx_word' id='word_1_284' title='bbox 1464 3363 1525 3414; x_wconf 83' lang='lat'>16</span> <span class='ocrx_word' id='word_1_285' title='bbox 1556 3363 1684 3414; x_wconf 87' lang='lat' dir='ltr'>dixit</span> <span class='ocrx_word' id='word_1_286' title='bbox 1706 3380 1740 3413; x_wconf 81' lang='lat' dir='ltr'>r</span> <span class='ocrx_word' id='word_1_287' title='bbox 1766 3363 1774 3427; x_wconf 90' lang='grc' dir='ltr'>Ι</span> <span class='ocrx_word' id='word_1_288' title='bbox 1801 3371 1850 3414; x_wconf 91' lang='lat' dir='ltr'>et</span> <span class='ocrx_word' id='word_1_289' title='bbox 1875 3364 1975 3429; x_wconf 86' lang='lat' dir='ltr'>(ast</span> <span class='ocrx_word' id='word_1_290' title='bbox 1993 3364 2151 3430; x_wconf 90' lang='lat' dir='ltr'>quod)</span> <span class='ocrx_word' id='word_1_291' title='bbox 2175 3362 2363 3412; x_wconf 81' lang='lat' dir='ltr'>addH</span> 
     </span>
    </p>
   </div>
   <div class='ocr_carea' id='block_1_24' title="bbox 1703 3281 2746 3413">
    <p class='ocr_par' dir='ltr' id='par_1_25' title="bbox 1703 3281 2746 3413">
     <span class='ocr_line' id='line_1_47' title="bbox 1703 3281 2742 3347; baseline -0.002 -12"><span class='ocrx_word' id='word_1_292' title='bbox 1703 3300 1763 3335; x_wconf 88' lang='lat'>10</span> <span class='ocrx_word' id='word_1_293' title='bbox 1795 3283 1959 3334; x_wconf 81' lang='lat' dir='ltr'>officia</span> <span class='ocrx_word' id='word_1_294' title='bbox 1980 3284 2049 3332; x_wconf 81' lang='lat' dir='ltr'><em>H</em></span> <span class='ocrx_word' id='word_1_295' title='bbox 2055 3282 2220 3333; x_wconf 84' lang='lat' dir='ltr'>officio</span> <span class='ocrx_word' id='word_1_296' title='bbox 2248 3282 2291 3332; x_wconf 86' lang='lat' dir='ltr'><em>C</em></span> <span class='ocrx_word' id='word_1_297' title='bbox 2313 3281 2461 3347; x_wconf 72' lang='lat' dir='ltr'>(corr)</span> <span class='ocrx_word' id='word_1_298' title='bbox 2687 3298 2706 3332; x_wconf 84' lang='lat'>1</span> <span class='ocrx_word' id='word_1_299' title='bbox 2722 3299 2742 3333; x_wconf 89' lang='lat'>1</span> 
     </span>
     <span class='ocr_line' id='line_1_48' title="bbox 2508 3377 2746 3413; baseline -0.004 -1"><span class='ocrx_word' id='word_1_300' title='bbox 2508 3377 2565 3413; x_wconf 78' lang='lat'>22</span> <span class='ocrx_word' id='word_1_301' title='bbox 2602 3378 2746 3412; x_wconf 78' lang='lat' dir='ltr'>mlnl·</span> 
     </span>
    </p>
   </div>
   <div class='ocr_carea' id='block_1_25' title="bbox 1593 3596 2749 3747">
    <p class='ocr_par' dir='ltr' id='par_1_26' title="bbox 1593 3596 2749 3747">
     <span class='ocr_line' id='line_1_49' title="bbox 1597 3596 2749 3665; baseline -0.003 -15"><span class='ocrx_word' id='word_1_302' title='bbox 1597 3600 1763 3665; x_wconf 80' lang='lat' dir='ltr'>rating</span> <span class='ocrx_word' id='word_1_303' title='bbox 1800 3600 1851 3650; x_wconf 85' lang='lat' dir='ltr'>in</span> <span class='ocrx_word' id='word_1_304' title='bbox 1888 3600 1975 3650; x_wconf 89' lang='lat' dir='ltr'>the</span> <span class='ocrx_word' id='word_1_305' title='bbox 2008 3616 2120 3651; x_wconf 82' lang='lat' dir='ltr'>ease</span> <span class='ocrx_word' id='word_1_306' title='bbox 2160 3596 2219 3650; x_wconf 84' lang='lat' dir='ltr'>os</span> <span class='ocrx_word' id='word_1_307' title='bbox 2255 3600 2473 3649; x_wconf 81' lang='lat' dir='ltr'>deacons</span> <span class='ocrx_word' id='word_1_308' title='bbox 2512 3599 2597 3649; x_wconf 89' lang='lat' dir='ltr'>the</span> <span class='ocrx_word' id='word_1_309' title='bbox 2641 3599 2749 3647; x_wconf 84' lang='lat' dir='ltr'>rule</span> 
     </span>
     <span class='ocr_line' id='line_1_50' title="bbox 1593 3677 2743 3747; baseline -0.002 -15"><span class='ocrx_word' id='word_1_310' title='bbox 1593 3683 1799 3746; x_wconf 85' lang='lat' dir='ltr'>already</span> <span class='ocrx_word' id='word_1_311' title='bbox 1820 3682 2048 3747; x_wconf 86' lang='lat' dir='ltr'>imposed</span> <span class='ocrx_word' id='word_1_312' title='bbox 2071 3696 2139 3730; x_wconf 89' lang='lat' dir='ltr'>on</span> <span class='ocrx_word' id='word_1_313' title='bbox 2161 3680 2248 3731; x_wconf 89' lang='lat' dir='ltr'>the</span> <span class='ocrx_word' id='word_1_314' title='bbox 2271 3682 2531 3729; x_wconf 71' lang='grc' dir='ltr'>ἐπίσκοποι</span> <span class='ocrx_word' id='word_1_315' title='bbox 2555 3679 2647 3739; x_wconf 82' lang='lat' dir='ltr'>(iii.</span> <span class='ocrx_word' id='word_1_316' title='bbox 2676 3677 2743 3743; x_wconf 74' lang='lat'>2).</span> 
     </span>
    </p>
   </div>
   <div class='ocr_carea' id='block_1_26' title="bbox 1592 3758 2749 3908">
    <p class='ocr_par' dir='ltr' id='par_1_27' title="bbox 1592 3758 2749 3908">
     <span class='ocr_line' id='line_1_51' title="bbox 1642 3758 2748 3829; baseline -0.005 -17"><span class='ocrx_word' id='word_1_317' title='bbox 1642 3763 1789 3829; x_wconf 83' lang='lat' dir='ltr'>filios</span> <span class='ocrx_word' id='word_1_318' title='bbox 1832 3763 1946 3812; x_wconf 83' lang='lat' dir='ltr'>bene</span> <span class='ocrx_word' id='word_1_319' title='bbox 1992 3768 2215 3826; x_wconf 79' lang='lat' dir='ltr'>regentes,</span> <span class='ocrx_word' id='word_1_320' title='bbox 2267 3758 2385 3821; x_wconf 85' lang='lat' dir='ltr'>&amp;c.]</span> <span class='ocrx_word' id='word_1_321' title='bbox 2442 3760 2513 3809; x_wconf 92' lang='lat' dir='ltr'>So</span> <span class='ocrx_word' id='word_1_322' title='bbox 2553 3759 2619 3810; x_wconf 92' lang='grc' dir='ltr'>Ο.</span> <span class='ocrx_word' id='word_1_323' title='bbox 2661 3759 2748 3817; x_wconf 52' lang='lat' dir='ltr'>La</span> 
     </span>
     <span class='ocr_line' id='line_1_52' title="bbox 1592 3839 2749 3908; baseline -0.003 -17"><span class='ocrx_word' id='word_1_324' title='bbox 1592 3844 1764 3908; x_wconf 65' lang='lat' dir='ltr'>Vulg„</span> <span class='ocrx_word' id='word_1_325' title='bbox 1806 3843 1843 3868; x_wconf 89' lang='lat'><strong><em>“</em></strong></span> <span class='ocrx_word' id='word_1_326' title='bbox 1860 3841 1946 3907; x_wconf 86' lang='lat' dir='ltr'>qui</span> <span class='ocrx_word' id='word_1_327' title='bbox 1979 3842 2095 3891; x_wconf 83' lang='lat' dir='ltr'>filiis</span> <span class='ocrx_word' id='word_1_328' title='bbox 2129 3840 2231 3889; x_wconf 87' lang='lat' dir='ltr'>suis</span> <span class='ocrx_word' id='word_1_329' title='bbox 2272 3839 2402 3889; x_wconf 88' lang='lat' dir='ltr'>bene</span> <span class='ocrx_word' id='word_1_330' title='bbox 2433 3846 2670 3904; x_wconf 77' lang='lat' dir='ltr'>praesunt</span> <span class='ocrx_word' id='word_1_331' title='bbox 2698 3846 2749 3888; x_wconf 91' lang='lat' dir='ltr'>et</span> 
     </span>
    </p>
   </div>
   <div class='ocr_carea' id='block_1_27' title="bbox 1590 3923 2747 4069">
    <p class='ocr_par' dir='ltr' id='par_1_28' title="bbox 1590 3923 2747 4069">
     <span class='ocr_line' id='line_1_53' title="bbox 1590 3923 1999 3975; baseline -0.01 0"><span class='ocrx_word' id='word_1_332' title='bbox 1590 3926 1692 3975; x_wconf 88' lang='lat' dir='ltr'>suis</span> <span class='ocrx_word' id='word_1_333' title='bbox 1714 3923 1999 3975; x_wconf 87' lang='lat' dir='ltr'>domibus.’&#39;</span> 
     </span>
     <span class='ocr_line' id='line_1_54' title="bbox 1662 4000 2747 4069; baseline -0.005 -14"><span class='ocrx_word' id='word_1_334' title='bbox 1662 4004 1738 4055; x_wconf 86' lang='lat'>16.</span> <span class='ocrx_word' id='word_1_335' title='bbox 1795 4005 1851 4053; x_wconf 82' lang='lat' dir='ltr'>in</span> <span class='ocrx_word' id='word_1_336' title='bbox 1873 4012 1979 4069; x_wconf 75' lang='lat' dir='ltr'>sup.</span> <span class='ocrx_word' id='word_1_337' title='bbox 2001 4011 2047 4052; x_wconf 85' lang='lat' dir='ltr'>et</span> <span class='ocrx_word' id='word_1_338' title='bbox 2065 4001 2444 4067; x_wconf 69' lang='lat' dir='ltr'>depresbyterir]</span> <span class='ocrx_word' id='word_1_339' title='bbox 2478 4000 2560 4052; x_wconf 79' lang='lat' dir='ltr'>Cf.</span> <span class='ocrx_word' id='word_1_340' title='bbox 2575 4009 2747 4066; x_wconf 78' lang='lat' dir='ltr'>supra,</span> 
     </span>
    </p>
   </div>
   <div class='ocr_carea' id='block_1_28' title="bbox 1588 4087 2750 4227">
    <p class='ocr_par' dir='ltr' id='par_1_29' title="bbox 1588 4087 2750 4227">
     <span class='ocr_line' id='line_1_55' title="bbox 1588 4087 2175 4153; baseline -0.003 -17"><span class='ocrx_word' id='word_1_341' title='bbox 1588 4104 1639 4152; x_wconf 91' lang='lat' dir='ltr'>p.</span> <span class='ocrx_word' id='word_1_342' title='bbox 1665 4101 1748 4153; x_wconf 91' lang='lat'>99,</span> <span class='ocrx_word' id='word_1_343' title='bbox 1772 4087 1805 4136; x_wconf 90' lang='lat'>1.</span> <span class='ocrx_word' id='word_1_344' title='bbox 1835 4103 1867 4153; x_wconf 91' lang='lat'>9</span> <span class='ocrx_word' id='word_1_345' title='bbox 1890 4102 1987 4152; x_wconf 68' lang='lat' dir='ltr'>sq„</span> <span class='ocrx_word' id='word_1_346' title='bbox 2016 4093 2175 4136; x_wconf 84' lang='lat' dir='ltr'>notes.</span> 
     </span>
     <span class='ocr_line' id='line_1_56' title="bbox 1661 4165 2750 4227; baseline -0.006 -10"><span class='ocrx_word' id='word_1_347' title='bbox 1661 4183 1740 4217; x_wconf 68' lang='grc' dir='ltr'>ἰο-</span> <span class='ocrx_word' id='word_1_348' title='bbox 1809 4167 2136 4216; x_wconf 81' lang='lat' dir='ltr'>minorantur</span> <span class='ocrx_word' id='word_1_349' title='bbox 2170 4165 2232 4214; x_wconf 85' lang='lat' dir='ltr'>ab</span> <span class='ocrx_word' id='word_1_350' title='bbox 2263 4165 2391 4227; x_wconf 81' lang='lat' dir='ltr'>illis]</span> <span class='ocrx_word' id='word_1_351' title='bbox 2431 4166 2750 4214; x_wconf 69' lang='grc' dir='ltr'>ἐλαττοῦνται</span> 
     </span>
    </p>
   </div>
   <div class='ocr_carea' id='block_1_29' title="bbox 1588 4248 2784 4313">
    <p class='ocr_par' dir='ltr' id='par_1_30' title="bbox 1588 4248 2784 4313">
     <span class='ocr_line' id='line_1_57' title="bbox 1588 4248 2784 4313; baseline -0.003 -13"><span class='ocrx_word' id='word_1_352' title='bbox 1588 4252 1784 4300; x_wconf 71' lang='grc' dir='ltr'>ἐκείνων</span> <span class='ocrx_word' id='word_1_353' title='bbox 1806 4251 1886 4311; x_wconf 71' lang='grc' dir='ltr'>(Ρ).</span> <span class='ocrx_word' id='word_1_354' title='bbox 1956 4248 2036 4299; x_wconf 82' lang='lat' dir='ltr'>Cr.</span> <span class='ocrx_word' id='word_1_355' title='bbox 2064 4248 2286 4308; x_wconf 73' lang='lat' dir='ltr'>Ronsch,</span> <span class='ocrx_word' id='word_1_356' title='bbox 2313 4249 2471 4303; x_wconf 80' lang='lat' dir='ltr'>Itala,</span> <span class='ocrx_word' id='word_1_357' title='bbox 2505 4264 2591 4313; x_wconf 90' lang='lat' dir='ltr'>pp.</span> <span class='ocrx_word' id='word_1_358' title='bbox 2639 4258 2748 4310; x_wconf 79' lang='lat'>172.</span> <span class='ocrx_word' id='word_1_359' title='bbox 2775 4289 2784 4297; x_wconf 90' lang='lat'>.</span> 
     </span>
    </p>
   </div>
   <div class='ocr_carea' id='block_1_30' title="bbox 1589 4346 2750 4481">
    <p class='ocr_par' dir='ltr' id='par_1_31' title="bbox 1589 4346 2750 4481">
     <span class='ocr_line' id='line_1_58' title="bbox 1589 4346 2750 4481; baseline -0.006 -14"><span class='ocrx_word' id='word_1_360' title='bbox 1589 4346 1738 4481; x_wconf 61' lang='lat'>⁴⁵:3-</span> <span class='ocrx_word' id='word_1_361' title='bbox 1813 4417 1870 4466; x_wconf 79' lang='lat' dir='ltr'>in</span> <span class='ocrx_word' id='word_1_362' title='bbox 1910 4414 2041 4481; x_wconf 84' lang='lat' dir='ltr'>fide]</span> <span class='ocrx_word' id='word_1_363' title='bbox 2098 4414 2328 4466; x_wconf 81' lang='lat' dir='ltr'>Omitted</span> <span class='ocrx_word' id='word_1_364' title='bbox 2382 4415 2503 4463; x_wconf 89' lang='lat' dir='ltr'>here</span> <span class='ocrx_word' id='word_1_365' title='bbox 2555 4412 2608 4461; x_wconf 92' lang='lat' dir='ltr'>in</span> <span class='ocrx_word' id='word_1_366' title='bbox 2663 4412 2750 4461; x_wconf 83' lang='lat' dir='ltr'>the</span> 
     </span>
    </p>
   </div>
   <div class='ocr_carea' id='block_1_31' title="bbox 1593 4490 2747 4672">
    <p class='ocr_par' dir='ltr' id='par_1_32' title="bbox 1593 4490 2747 4672">
     <span class='ocr_line' id='line_1_59' title="bbox 1593 4490 2747 4563; baseline -0.008 -13"><span class='ocrx_word' id='word_1_367' title='bbox 1593 4499 1746 4550; x_wconf 91' lang='lat' dir='ltr'>MSS.</span> <span class='ocrx_word' id='word_1_368' title='bbox 1761 4499 1870 4557; x_wconf 86' lang='lat' dir='ltr'>,but</span> <span class='ocrx_word' id='word_1_369' title='bbox 1881 4498 2111 4563; x_wconf 86' lang='lat' dir='ltr'>supplied</span> <span class='ocrx_word' id='word_1_370' title='bbox 2121 4492 2638 4562; x_wconf 78' lang='lat' dir='ltr'>justbelow(p.130‚l.</span> <span class='ocrx_word' id='word_1_371' title='bbox 2652 4507 2670 4541; x_wconf 80' lang='grc' dir='ltr'><strong>ι</strong></span> <span class='ocrx_word' id='word_1_372' title='bbox 2681 4490 2747 4557; x_wconf 78' lang='lat'>2).</span> 
     </span>
     <span class='ocr_line' id='line_1_60' title="bbox 2534 4609 2578 4672; baseline 0 0"><span class='ocrx_word' id='word_1_373' title='bbox 2534 4609 2578 4672; x_wconf 91' lang='lat'><strong>9</strong></span> 
     </span>
    </p>
   </div>
   <div class='ocr_carea' id='block_1_32' title="bbox 2782 2228 2851 2295">
    <p class='ocr_par' dir='ltr' id='par_1_33' title="bbox 2782 2228 2851 2295">
     <span class='ocr_line' id='line_1_61' title="bbox 2782 2228 2851 2295; baseline 0 0"><span class='ocrx_word' id='word_1_374' title='bbox 2782 2228 2851 2295; x_wconf 84' lang='lat'>15</span> 
     </span>
    </p>
   </div>
  </div>
 </body>
</html>
