3221 5116
403 2598 489 2647 20
512 2576 681 2666 πρὸς
739 2579 936 2647 αὐτὸν
991 2581 1368 2670 ἀφικέσθαι.

513 415 638 483 190

1169 412 1626 466 THEODORUS
1672 411 2256 467 MOPSUESTENUS

505 586 826 668 quoniam
875 586 1009 651 illic
1057 605 1210 652 eum
1260 587 1633 671 reliquerat,
1680 593 1749 652 et
1792 586 1887 651 sic
1936 584 2293 670 epistolam
2341 583 2430 650 ad
2483 604 2636 650 eum
2697 586 2930 652 scribit

508 689 696 772 quasi
738 689 956 756 adhuc
996 690 1065 754 in
1096 689 1226 753 illis
1263 688 1430 755 locis
1459 698 1921 753 commorante
1962 709 2059 753 eo.
2150 688 2220 751 in
2263 686 2392 754 hac
2439 709 2599 754 uero
2638 690 2929 774 epistola

505 792 575 855 in
606 791 807 857 finem
840 794 1103 858 scribit:
1145 794 1208 856 Τ
1185 793 1487 875 yclcicum
1512 793 1781 878 (inquit)
1817 791 2023 877 [mist]
2055 791 2305 874 Ephesi
2315 816 2347 869 ,·
2378 793 2663 858 dixisset
2693 796 2924 877 utique

510 897 634 960 ‘ad
667 897 771 975 te‚'
807 897 862 960 si
901 896 1151 980 Ephesi
1188 897 1408 962 adhuc
1448 897 1849 961 Timotheus
1893 907 2276 976 moraretur,
2319 899 2593 983 quando
2638 907 2708 963 et
2751 898 2926 963 hanc

440 1010 474 1077 5
509 999 595 1063 ad
629 1020 781 1063 eum
814 1000 1143 1064 scribebat
1174 1001 1547 1083 epistolam.

1637 1010 1707 1065 et
1728 1002 2015 1085 primam
2046 1002 2319 1085 quidem
2351 1004 2446 1067 sic
2475 1024 2549 1067 se
2585 1003 2926 1086 scripsisse

508 1101 596 1166 ad
651 1124 804 1167 eum
863 1103 1333 1181 manifestauit,
1393 1113 1470 1168 ut
1527 1113 1597 1169 et
1657 1106 2023 1171 insinuaret
2082 1107 2263 1190 quod
2314 1128 2448 1171 non
2499 1107 2716 1172 multo
2768 1117 2925 1192 post

507 1216 813 1290 tempore
851 1209 940 1272 sit
980 1209 1122 1291 ipse
1162 1209 1249 1273 ad
1285 1229 1437 1272 eum
1480 1220 1835 1288 uenturu53
1878 1210 2040 1274 dicit
2086 1211 2301 1275 enim:
2365 1211 2518 1274 haec
2562 1210 2688 1276 tibi
2722 1210 2925 1275 scribo

507 1322 770 1394 sperans
814 1333 912 1375 me
954 1311 1174 1377 uenire
1211 1313 1309 1376 ad
1342 1323 1400 1377 te
1437 1314 1577 1379 cito.
1666 1313 1840 1377 hanc
1881 1336 2039 1378 uero
2079 1315 2371 1380 scribens
2412 1316 2723 1399 designat
2766 1318 2925 1399 quia

511 1434 644 1477 non
695 1415 909 1479 multo
960 1424 1116 1500 post
1159 1424 1464 1499 tempore
1511 1418 1598 1482 ad
1658 1416 1903 1483 Christi
1957 1419 2441 1484 consessionem
2503 1421 2692 1485 istius
2744 1421 2926 1485 uitae

406 1532 485 1580 10
510 1519 864 1582 transitum
896 1527 1251 1602 expectet;
1295 1522 1391 1584 ait
1421 1540 1752 1606 namque:
1795 1543 1905 1606 ego
1932 1523 2105 1587 enim
2143 1522 2278 1588 iam
2309 1523 2563 1601 delibor,
2593 1533 2658 1588 et
2684 1534 2926 1608 tempus

509 1642 683 1684 meae
728 1623 1129 1686 resolution&
1175 1623 1396 1689 instat.
1490 1626 1677 1691 iubet
1728 1637 1956 1691 autem
2018 1648 2173 1692 eum
2232 1630 2366 1693 cito
2424 1628 2650 1692 uenire
2697 1628 2784 1693 ad
2832 1649 2922 1706 se,

508 1724 778 1787 dicens:
808 1724 1067 1806 festina
1113 1723 1382 1810 (inquit)
1430 1728 1661 1793 uenire
1691 1728 1790 1792 ad
1825 1749 1925 1794 me
1969 1730 2107 1796 cito,
2197 1731 2427 1796 scribit
2478 1740 2705 1795 autem
2748 1729 2955 1796 hanc·

511 1826 866 1910 epistolam
928 1828 1016 1892 ad
1077 1848 1231 1891 eum
1287 1851 1376 1893 ex
1431 1832 1594 1895 urbe
1659 1832 1901 1909 Roma,
1946 1834 2014 1897 in
2076 1834 2191 1899 illo
2236 1843 2538 1917 tempore
2598 1833 2922 1916 quando*

522 1958 591 2026 δὲ
636 1960 805 2049 πρὸς
850 1965 942 2051 τῷ
986 1963 1165 2031 τέλει
1209 1964 1439 2053 φησίν·
1484 1965 1747 2052 Τγχικόω
1795 1966 2120 2031 ἀπέστειλα
2165 1961 2249 2029 eie
2293 1961 2594 2040 Ἐφεεοω·
2640 1957 2824 2025 εἶπεν
2867 1954 2923 2020 δ’

405 2075 479 2143 15
514 2062 595 2128 ἂν
646 2061 748 2129 ὅτι
799 2068 995 2153 ’πρός
1055 2067 1178 2150 σε,’
1234 2069 1418 2154 εἴπερ
1479 2067 1592 2133 ἐπὶ
1643 2071 1762 2151 τῆς
1813 2066 2105 2154 Ἐφέσου
2153 2064 2447 2148 διάγοντι
2496 2062 2609 2129 καὶ
2668 2059 2926 2141 ταύτην

513 2164 799 2253 ἔγραφεν
841 2166 962 2249 τὴν
1004 2168 1389 2250 ἐπιστολήν.
1473 2168 1778 2249 κάκείνην
1818 2168 1939 2254 μὲν
1984 2168 2152 2234 οὕτω
2192 2167 2466 2254 *γράφων
2504 2165 2705 2247 δῆλός
2736 2163 2926 2229 ἐστιν

513 2268 600 2340 ὥς
646 2269 730 2335 ἂν
777 2269 919 2355 μετ’
965 2270 1040 2338 οὐ
1087 2271 1267 2339 πολὺ
1309 2270 1473 2359 πρὸς
1522 2270 1721 2338 αὐτὸν
1767 2270 2210 2355 ἐλευσόμενος,
2251 2268 2494 2350 ταύτην
2546 2267 2616 2335 δὲ
2661 2265 2745 2340 ὥς
2786 2263 2928 2347 μετ’

514 2371 592 2438 οὖ
638 2372 820 2439 πολὺ
874 2372 982 2440 διὰ
1034 2374 1156 2457 τὴν
1207 2378 1324 2441 τοῦ
1377 2376 1681 2462 Χριστοῦ
1730 2372 2091 2460 ὁμολογίαν
2120 2370 2243 2455 τὴν
2274 2373 2346 2438 ἐκ
2375 2369 2561 2439 τοῦδε
2606 2372 2725 2436 τοῦ
2764 2367 2928 2450 βίον

511 2474 924 2560 μετάστασιν
982 2476 1295 2563 δέξασθαι
1354 2476 1769 2567 προσδοκῶν·
1832 2476 2080 2544 κελεύει
2125 2475 2194 2543 δὲ
2252 2472 2449 2542 αὐτὸν
2505 2473 2620 2540 καὶ
2682 2471 2928 2539 θᾶττον

616 2762 636 2797 1
674 2746 916 2811 reliquere
938 2747 1007 2796 H

1237 2761 1265 2797 α
1300 2753 1723 2797 commemorante
1744 2748 1813 2797 H
1821 2751 2214 2797 commorantem
2237 2747 2334 2807 (om
2357 2745 2440 2805 eo)
2462 2760 2497 2793 r

1485 2581 1728 2669 «γράφει
1788 2581 1860 2649 δὲ
1925 2580 2135 2664 αὐτὴν
2193 2580 2330 2648 ἀπὸ
2402 2578 2676 2671 Ῥώμης,
2733 2577 2927 2661 ἡνίκα

2713 2757 2743 2806 3
2778 2740 2934 2791 finer

541 2823 551 2890 Ι
577 2826 689 2876 misi
711 2844 789 2877 om
828 2828 905 2878 C*
930 2829 999 2877 Η
1053 2826 1243 2892 Ephesi
1276 2828 1436 2879 direxi
1468 2829 1534 2878 ad
1566 2836 1619 2879 te
1651 2828 1794 2893 quasi
1828 2826 1943 2892 (sor
1971 2844 2041 2879 m.
2081 2828 2142 2879 E.
2181 2828 2386 2877 dixisset
2416 2826 2589 2890 utique
2620 2824 2687 2873 ad
2719 2832 2770 2874 te
2800 2822 2865 2883 si)
2901 2838 2934 2871 r

518 2923 580 2960 ιο
610 2909 816 2959 delebor
843 2908 919 2960 C*
944 2910 1031 2959 H:
1065 2915 1146 2958 tx!
1171 2910 1215 2959 C
1234 2910 1385 2971 (corr)
1409 2924 1443 2959 r

581 3053 627 3102 3.
699 3038 759 3088 in
781 3037 948 3102 finem
981 3037 1169 3099 scribit]
1214 3037 1278 3088 C.
1311 3036 1378 3088 iv.
1416 3052 1499 3087 τα.
1569 3036 1674 3086 For

512 3116 833 3179 Ephesi=els
846 3116 1059 3177 Ἔφεσον
1080 3115 1141 3165 cf.
1163 3127 1200 3164 1.
1224 3131 1276 3182 p.
1301 3113 1411 3175 116,
1433 3115 1486 3166 11.
1510 3130 1556 3175 2,
1582 3127 1672 3178 173

513 3195 649 3254 here,
675 3195 924 3257 however,
955 3195 1042 3245 the
1071 3211 1183 3260 geu.
1213 3210 1330 3259 may
1349 3196 1415 3246 be
1445 3195 1543 3244 due
1565 3204 1620 3244 to
1642 3211 1674 3245 a

512 3275 675 3324 scribe
707 3276 823 3324 who
855 3275 946 3324 has
981 3276 1111 3325 been
1146 3275 1325 3326 misled
1358 3276 1426 3341 by
1459 3277 1546 3325 the
1575 3283 1671 3325 ter·

514 3355 759 3405 mination
789 3355 850 3404 of
875 3355 994 3404 misi
1025 3355 1396 3421 (subsequently
1417 3356 1667 3416 omitted),

516 3452 575 3486 or
589 3437 657 3500 by
673 3436 760 3487 the
780 3452 1076 3486 occurrence
1090 3438 1150 3486 of
1162 3437 1352 3502 Ephesi
1370 3438 1423 3487 in
1446 3437 1531 3487 the
1553 3445 1671 3487 next

516 3518 636 3569 line.

582 3601 694 3650 The
716 3598 965 3650 inserence
987 3599 1153 3650 which
1175 3599 1271 3650 Th.
1294 3600 1461 3650 builds
1483 3616 1620 3665 upon
1642 3616 1674 3650 a

515 3683 831 3747 comparison
865 3682 924 3731 of
956 3698 977 3734 1
1022 3682 1152 3732 Tim.
1191 3682 1226 3731 i.
1259 3699 1287 3746 3
1322 3681 1444 3733 with
1477 3698 1504 3732 α
1533 3683 1667 3733 Tim.

516 3762 581 3813 iv.
611 3780 668 3814 12
692 3763 735 3814 is
757 3764 971 3829 perhaps
986 3772 1075 3814 not
1093 3780 1211 3828 very
1227 3763 1540 3829 convincing.
1588 3765 1675 3813 He

515 3844 639 3893 does
661 3851 748 3893 not
772 3843 898 3893 refer
920 3850 973 3893 to
996 3841 1034 3892 it
1057 3841 1108 3890 in
1131 3843 1209 3892 his
1230 3858 1413 3892 comm.
1433 3857 1499 3891 on
1516 3842 1676 3892 either

517 3926 576 3974 of
592 3925 735 3975 those
761 3938 1022 3989 passages3
1056 3939 1139 3974 see
1169 3924 1398 3974 however
1423 3925 1578 3974 Thdt.
1607 3941 1676 3974 on

520 4023 548 4056 α
586 4008 717 4057 Tim.
760 4009 793 4055 l.
833 4023 889 4055 c:
936 4003 1083 4067 δῆλον
1124 4004 1348 4055 ἐντεῦθεν
1388 4007 1448 4057 ὡς
1493 4010 1576 4056 οὐκ
1622 4009 1675 4056 ἐν

508 4084 710 4148 Ἐφέσῳ
731 4084 912 4150 διῆγεν,
940 4084 1040 4136 ἀλλ’
1067 4087 1260 4149 ἑτέρωθί
1290 4105 1386 4137 που
1412 4091 1539 4137 κατὰ
1568 4106 1674 4137 του-

516 4170 623 4218 τονὶ
650 4170 734 4217 τὸν
755 4169 916 4229 καιρὸν
938 4168 964 4216 ὁ
985 4184 1035 4225 μ.
1065 4166 1310 4225 Τιμόθεος.

581 4251 690 4300 dz’x.
718 4251 891 4314 utique
916 4250 1016 4298 ‘ad
1031 4248 1119 4312 π’]
1154 4251 1231 4300 Cs.
1261 4250 1365 4300 Tit.
1390 4250 1457 4301 iii.
1494 4267 1569 4301 12.

586 4344 630 4395 7.
715 4331 839 4380 dicit
886 4331 1050 4388 mim,-
1099 4332 1243 4380 ‘haec
1276 4332 1373 4381 tibi
1408 4332 1522 4382 scr.’
1556 4332 1673 4393 δια]

524 4412 686 4462 ‘That
731 4428 761 4461 a
805 4411 1147 4462 considerable
1191 4412 1402 4462 interval
1445 4412 1504 4462 of
1552 4413 1673 4463 time

516 4492 721 4558 elapsed
777 4493 1001 4542 between
1058 4493 1142 4541 the
1198 4500 1298 4541 two
1356 4494 1574 4557 Epistlae
1631 4493 1673 4543 is

1606 2925 1666 2972 14
1698 2909 1805 2958 εἶπε
1829 2910 1883 2958 δὲ
1904 2905 2097 2959 ἂνεάςί.

2270 2920 2327 2972 17
2362 2905 2481 2956 ὅταν
2505 2906 2602 2966 (for
2623 2904 2685 2955 ὥς
2705 2902 2784 2967 ‹tv›
2806 2902 2927 2954 edd.

1770 3037 1961 3102 proved
1992 3037 2061 3101 by
2083 3035 2376 3103 comparing
2414 3050 2434 3086 1
2466 3033 2600 3084 Tim.
2624 3032 2695 3082 iii.
2723 3048 2782 3095 ¹4
2804 3031 2928 3081 with

1773 3133 1802 3167 ἰ
1835 3117 1969 3166 Tim.
1997 3116 2063 3167 iv.
2090 3115 2138 3178 6,
2166 3133 2215 3181 9.
2281 3118 2352 3166 At
2384 3116 2470 3166 the
2500 3115 2622 3165 time
2650 3113 2708 3162 os
2728 3112 2932 3176 writing

1769 3199 1858 3249 the
1881 3199 1983 3249 first
2010 3199 2125 3263 Ep„
2151 3198 2203 3249 S.
2235 3197 2357 3248 Paul
2379 3197 2565 3247 looked
2586 3194 2810 3245 forward.
2821 3201 2876 3243 to
2898 3209 2931 3242 a

1772 3297 1949 3331 season
1987 3281 2047 3330 of
2077 3281 2258 3345 liberty
2291 3280 2391 3330 and
2430 3279 2660 3330 renewed
2694 3275 2931 3341 activity3

1773 3361 1919 3412 when
1957 3361 2023 3411 he
2056 3370 2211 3411 wrote
2246 3361 2331 3410 the
2356 3360 2558 3420 second,
2596 3360 2661 3409 he
2686 3357 2928 3422 expected

1772 3457 1839 3491 no
1875 3440 2060 3492 release
2097 3442 2187 3491 but
2223 3442 2331 3491 that
2368 3441 2427 3490 of
2462 3440 2542 3490 his
2576 3438 2745 3489 death.
2816 3437 2931 3487 The

1775 3523 1907 3587 Epp.
1936 3521 2181 3572 therefore
2206 3520 2389 3585 clearly
2410 3521 2596 3584 belong
2622 3528 2677 3569 to
2706 3527 2806 3569 two
2827 3517 2930 3568 dis-

1772 3604 1896 3655 tinct
1932 3603 2133 3670 periods
2167 3603 2224 3652 of
2264 3603 2314 3653 S.
2356 3600 2522 3652 Paul’s
2557 3599 2676 3651 life!
2745 3601 2925 3665 Chrys.

1770 3681 1879 3730 also
1900 3681 2042 3731 takes
2064 3688 2183 3730 note
2212 3681 2271 3730 of
2296 3680 2383 3730 the
2413 3680 2606 3742 change
2636 3678 2695 3728 of
2720 3677 2929 3728 circum·

1773 3768 1984 3820 stanceS,
2011 3761 2101 3810 but
2135 3760 2299 3809 draws
2327 3776 2359 3808 a
2391 3759 2664 3809 somewhat
2698 3757 2929 3807 different

1774 3841 2058 3892 inserence:
2107 3842 2157 3890 τί
2211 3843 2394 3900 δήποτε
2433 3842 2514 3889 καὶ
2553 3841 2778 3902 δευτέραν
2825 3840 2929 3887 ἐπι-

1776 3926 1972 3974 στέλλει
2005 3921 2078 3985 τῷ
2105 3923 2160 3973 T.
2199 3923 2505 3982 ἐπιστολήνς
2546 3922 2681 3970 εἶπεν
2722 3921 2932 3979 ’ἐλπίζω

1774 4006 1935 4054 ἐλθεῖν
1980 4003 2098 4067 πρὸς
2152 4006 2210 4054 σὲ
2258 4002 2483 4064 τάχιον’·
2551 4005 2636 4052 οὐκ
2679 4004 2932 4065 ἐξεγένετο

1773 4084 1938 4136 τοῦτο·
1974 4088 2327 4148 παραμυθεῖται
2353 4084 2498 4135 αὐτὸν
2529 4087 2606 4134 διὰ
2630 4086 2933 4148 γραμμάτων

1774 4165 1883 4216 ἀντὶ
1917 4169 2004 4226 τῆς
2037 4168 2421 4229 παρουσίας...οὐ
2448 4168 2526 4215 διὰ
2549 4167 2848 4228 γραμμάτων
2879 4167 2933 4215 δὲ

1774 4247 1918 4298 αὐτὸν
1950 4250 2307 4311 παραμυθεῖται
2330 4246 2492 4308 μόνον,
2521 4249 2652 4296 ἀλλὰ
2676 4248 2759 4296 καὶ
2790 4248 2937 4295 καλεῖ

1774 4329 1891 4392 πρὸς
1913 4326 2108 4378 ἑαυτόν·
2149 4328 2488 4389 ’σπούδασονβ
2517 4331 2662 4378 κ.τ.λ.

1844 4425 1916 4458 12.
1988 4410 2162 4459 scribit
2188 4417 2354 4459 autem
2381 4410 2526 4465 hanc,
2561 4409 2678 4470 &eq
2727 4409 2802 4458 As
2828 4408 2932 4459 this

1772 4493 1936 4542 clause
1981 4508 2094 4541 now
2131 4493 2316 4553 stands
2363 4492 2401 4543 it
2446 4491 2746 4543 contradicts
2786 4490 2933 4543 Th.’s
