3221 5116
294 394 386 462 11.
420 399 479 475 8,
505 393 593 480 9.]

998 410 1088 462 ‘IN
1138 411 1243 465 ΕΡ.
1288 412 1393 464 AD
1436 410 1908 466 TIMOTHEUM
1955 411 2034 464 11.

2597 392 2726 473 '205

427 581 576 646 uult
627 603 788 667 ergo
839 582 1058 648 dicere
1105 583 1425 667 quoniam
1477 586 1690 667 ‘quae
1742 581 1833 648 ad
1875 601 2071 647 usum
2112 589 2308 646 tuum
2341 573 2714 643 necessarie

291 684 647 766 pertinent,
697 687 1049 752 indiscrete
1097 686 1465 769 adsequere
1516 707 1559 751 a
1606 685 1935 766 fidelibus,
1982 685 2096 770 qui
2141 691 2492 771 praestant
2551 678 2712 745 tibi!

289 790 503 855 suasit
540 812 700 856 uero
744 791 806 855 ei
847 791 994 873 ipso
1033 790 1353 873 exemplo
1391 790 1499 854 uel
1543 790 1886 855 maxime:
1926 789 2128 854 ‘sicut
2180 786 2361 851 enim
2418 781 2717 869 agricola

293 892 586 977 quidam,
619 894 760 977 ipse
799 903 873 958 tu
905 903 1026 958 tua
1058 892 1364 958 doctrina
1394 893 1687 958 instituis
1731 914 1813 957 ac
1859 892 2062 958 doces
2103 890 2415 956 fidelibus
2452 889 2722 955 uirtutis

293 1005 365 1062 et
414 999 574 1063 boni
626 998 845 1082 operis
898 999 1150 1063 fructus
1190 999 1341 1063 Deo
1386 998 1668 1076 offerre;
1716 998 1967 1064 iustum
2011 1006 2115 1062 est
2153 1005 2224 1060 et
2268 1003 2429 1060 ante
2482 1013 2720 1058 omnes
2808 995 2839 1064 5

295 1110 368 1166 te
414 1103 710 1185 adsequi,
756 1102 944 1166 cuius
992 1101 1223 1167 labore
1274 1102 1477 1166 etiam
1525 1101 1729 1165 ceteri
1782 1099 2059 1182 adsequi
2106 1097 2454 1164 uidentur!

2546 1096 2728 1159 unde

299 1215 370 1270 et
416 1207 697 1272 adiecit:
750 1206 1037 1289 intellege
1073 1227 1236 1290 quae
1272 1206 1429 1282 dico,
1470 1204 1663 1288 quasi
1701 1206 1816 1288 qui
1861 1202 2186 1268 occultius
2237 1201 2405 1266 illud
2461 1199 2729 1264 dixerit.

299 1311 495 1376 simul
527 1311 731 1375 etiam
763 1318 832 1375 et
861 1318 1056 1393 optat
1086 1309 1172 1374 de
1204 1308 1517 1373 omnibus
1548 1310 1609 1373 ei
1640 1308 1842 1373 tribui
1875 1305 2313 1371 intellectum.

431 1466 676 1510 memor
703 1454 832 1508 esto
874 1443 1092 1507 Iesum
1139 1443 1474 1510 Christum
1525 1442 1886 1507 surrexisse
1921 1461 2000 1503 ex
2036 1437 2317 1504 mortuis
2359 1458 2438 1501 ex
2481 1436 2726 1501 semine

300 1548 545 1613 Dauid
573 1546 919 1611 secundum
956 1546 1370 1629 euangelium
1409 1565 1640 1623 meum,
1688 1542 1761 1609 in
1799 1564 1923 1628 quo
1960 1541 2177 1607 laboro
2215 1561 2412 1623 usque
2450 1540 2549 1605 ad
2577 1540 2727 1605 uin·
2768 1550 2849 1597 10

304 1653 450 1718 cula
478 1652 674 1735 quasi
700 1651 1104 1734 malefactor.

435 1771 609 1838 bene
662 1779 1070 1837 memoratus
1123 1781 1227 1838 est
1276 1793 1359 1837 ex
1402 1771 1661 1848 semine,
1695 1780 1772 1837 ut
1816 1769 2113 1854 corporis
2162 1769 2376 1852 magis
2416 1766 2736 1849 adsump-

309 1878 561 1943 tionem
592 1877 838 1942 factam
885 1878 1267 1942 insinuaret.
1357 1897 1484 1942 nec
1530 1885 1759 1940 autem
1801 1876 2111 1941 absolute
2156 1875 2287 1940 ista
2324 1873 2570 1957 posuit,
2612 1870 2732 1934 sed

312 1983 694 2048 necessarie.
779 2002 863 2047 eo
915 1982 1023 2048 uel
1075 1983 1378 2047 maxime
1426 1990 1734 2064 tempore
1786 1982 1917 2046 ista
1955 1983 2195 2047 docere
2240 1978 2734 2044 adnitebantur.

314 2104 472 2149 nam
505 2084 740 2150 Simon
773 2094 843 2151 et
870 2086 984 2167 qui
1015 2105 1105 2148 ex
1136 2085 1280 2150 eius
1327 2093 1484 2150 sunt
1511 2081 1771 2147 haeresi
1803 2104 2039 2148 omnes
2069 2091 2232 2148 tunc
2260 2080 2738 2147 inchoauerant
2776 2085 2846 2154 15

402 2255 440 2291 ἰ
477 2249 646 2292 autem
684 2242 806 2307 (for
846 2244 987 2308 ergo)
1030 2241 1168 2307 ΗνΙ
1199 2242 1456 2307 quomodo
1502 2239 1619 2306 (sor
1657 2239 1931 2307 quoniam)'
1963 2242 2033 2291 H
2049 2238 2059 2306 Ι
2090 2239 2368 2291 necessario
2408 2255 2442 2289 r
2711 2252 2740 2287 2

317 2323 513 2373 fidebus
536 2321 643 2389 (sic)
666 2340 699 2373 r
752 2324 924 2376 fideles
945 2326 1032 2391 qui
1056 2321 1175 2390 (for
1195 2323 1445 2389 fidelibus)
1471 2340 1504 2374 r

317 2405 351 2456 6
383 2408 655 2471 adsequere
678 2403 797 2471 (for
815 2406 1023 2470 adsequi
1045 2404 1181 2469 [1⁰.])
1211 2403 1291 2454 C*
1312 2405 1379 2454 H
1387 2403 1415 2428 ⁶
1439 2420 1472 2454 r

319 2497 370 2539 et
395 2487 512 2553 (for
528 2487 596 2549 ei)
620 2487 689 2537 H

327 2588 348 2622 1
360 2584 381 2621 1
419 2571 551 2621 male
573 2586 786 2635 operans
812 2568 930 2635 (sor
948 2569 1141 2635 males.)
1159 2586 1193 2620 r

321 2653 454 2703 sario
475 2669 508 2702 r
531 2650 541 2718 Ι
570 2652 889 2703 annitebatur
911 2668 945 2702 r

393 2791 438 2826 1.
504 2791 628 2840 quae
652 2775 727 2824 ad
754 2791 917 2838 usum,
957 2775 1071 2839 δια]
1126 2775 1304 2841 Chrys.
1344 2791 1482 2827 men-

322 2854 454 2906 tions
476 2856 567 2905 but
590 2855 845 2905 dismisses
878 2855 978 2905 this
1010 2855 1416 2921 interpretation:
1453 2848 1487 2916 ἦ

324 2940 435 3001 περὶ
456 2934 543 2988 τοῦ
569 2940 804 2997 τιμᾶσθαι
831 2941 942 2988 τοὺς
970 2937 1281 2989 διδασκάλους
1310 2939 1485 3001 φησίν.

322 3017 425 3070 ἀλλ’
452 3017 536 3069 οὐκ
557 3021 661 3081 ἔχει
683 3017 849 3082 λόγον.
890 3020 1012 3070 And
1036 3037 1094 3071 so
1116 3019 1293 3079 Thdt„
1311 3019 1435 3069 with
1457 3035 1489 3070 a

325 3101 411 3152 ref.
455 3108 511 3152 to
545 3103 632 3152 the
670 3109 871 3167 present
904 3116 1116 3153 comm.:
1162 3103 1290 3153 τινὲς
1325 3103 1489 3162 μέντοι

325 3182 416 3234 τοῦ
456 3184 678 3249 γεωργοῦ
718 3181 809 3244 τὴν
851 3186 1011 3235 εἰκόνα
1049 3184 1221 3248 ἑτέρως
1259 3185 1487 3244 ἐνόησαν·

325 3267 522 3326 ἔφασαν
562 3264 660 3328 γὰρ
712 3263 800 3315 τόν
850 3262 1128 3316 ἀπόστολον
1169 3261 1241 3330 τῷ
1292 3262 1493 3327 μαθηνῇ

325 3344 672 3408 παρεγγυῆσαι
700 3348 756 3397 ἐκ
784 3347 872 3396 τοῦ
903 3343 1208 3410 κηρύγματος
1237 3349 1371 3408 ἔχειν
1401 3344 1492 3407 τὴν

328 3424 600 3489 ἀναγκαίαν
633 3425 834 3491 τροφήν.
893 3427 1143 3493 PelagiuS,
1167 3443 1236 3477 on
1259 3427 1346 3478 the
1370 3444 1489 3478 con·

327 3517 477 3574 trary,
506 3510 549 3560 is
569 3517 621 3559 at
644 3525 742 3560 one
763 3509 887 3561 with
909 3508 1033 3558 Tha
1075 3510 1112 3535 ‘⁴
1127 3508 1344 3559 ostendit
1373 3524 1489 3559 eum

326 3591 572 3656 primitias
598 3591 847 3641 fructuum
869 3606 901 3640 a
929 3590 1120 3655 populo
1153 3589 1336 3640 debere
1364 3589 1491 3639 acci·

329 3687 462 3737 pere,
491 3681 688 3737 praeter
720 3672 1001 3722 mercedem
1034 3686 1184 3737 quam
1209 3687 1241 3721 a
1264 3670 1491 3720 Domino

328 3753 541 3817 accipiet
577 3753 631 3802 in
667 3752 833 3803 futuro
848 3752 980 3802 ’'—a
1017 3752 1214 3803 remark
1254 3751 1491 3817 repeated

329 3835 401 3896 by
445 3833 712 3884 Primasius
760 3835 863 3884 and
911 3834 1162 3885 Sedulius.
1235 3834 1489 3883 Ambrstr.

331 3916 475 3965 takes
495 3932 526 3964 a
548 3916 736 3965 similar
756 3918 884 3968 view
907 3917 967 3967 of
988 3917 1072 3966 the
1095 3931 1321 3981 passage.

398 4015 447 4060 4.
539 3998 671 4047 doces
709 3999 966 4062 fidelibus]
1037 4000 1064 4048 I
1113 3999 1243 4049 have
1292 4015 1360 4049 no
1408 4014 1493 4048 ex·

286 4144 295 4153 .
333 4076 502 4141 ample
532 4076 590 4126 os
616 4077 715 4127 this
748 4078 1087 4129 construction
1109 4086 1162 4129 to
1192 4078 1329 4129 offer.
1410 4077 1492 4128 Cf.

320 4157 563 4223 Jiowever
587 4157 808 4217 Ronsch,
833 4158 987 4219 Itala,
1014 4175 1067 4224 p.
1091 4174 1187 4224 413
1210 4175 1286 4224 sq.

398 4237 447 4289 6.
503 4245 548 4288 tc
575 4238 797 4311 adsequi]
854 4239 950 4290 See
979 4256 1062 4290 vv.
1089 4241 1147 4290 11.
1220 4241 1331 4292 The
1364 4239 1493 4291 form

331 4323 591 4386 adsequere
620 4336 722 4371 was
754 4321 979 4386 possibly
1000 4322 1146 4374 twice
1170 4323 1291 4373 used
1312 4323 1382 4389 by
1406 4323 1493 4373 the

333 4402 602 4455 translator
623 4403 676 4453 in
700 4402 800 4453 this
822 4404 923 4454 line
939 4419 957 4463 3
992 4404 1080 4454 but
1103 4403 1155 4454 in
1190 4405 1276 4454 the
1308 4405 1494 4455 second

331 4486 556 4535 instance
598 4483 635 4533 it
682 4483 781 4534 had
832 4484 961 4534 been
1003 4485 1259 4536 corrected
1304 4486 1371 4550 by
1409 4485 1496 4535 the

895 2503 928 2554 9
960 2486 1282 2538 resurrexisse
1301 2503 1334 2536 a
1358 2484 1475 2551 (sor
1493 2501 1614 2536 surr.
1643 2484 1727 2550 ex)
1753 2503 1786 2537 r

1391 2585 1448 2620 12
1481 2577 1652 2620 autem
1674 2569 1800 2620 dixit
1820 2568 1936 2636 (sor
1954 2585 2105 2621 mem.
2134 2568 2229 2635 aet)
2255 2586 2288 2620 r

1741 2337 1768 2388 5
1804 2324 1976 2375 differe
2001 2321 2484 2388 (sordeooff.)H{
2513 2322 2755 2374 etomH

1624 2416 1653 2468 7
1687 2404 1842 2455 adicit
1869 2405 1913 2455 C
1964 2405 2087 2455 dicit
2108 2422 2141 2454 r
2165 2403 2175 2469 Ι
2203 2406 2427 2455 occultus
2450 2405 2514 2453 H
2517 2402 2547 2430 ⁴*
2714 2405 2745 2453 8

1989 2502 2049 2536 10
2080 2488 2216 2552 quod
2242 2485 2359 2551 (jor
2377 2484 2569 2551 Dauid)
2598 2484 2762 2535 C'H'

2484 2585 2545 2632 14
2577 2584 2745 2619 neces-

1584 2776 1749 2827 scribe
1770 2776 1832 2826 os
1856 2791 1996 2826 some
2026 2776 2143 2827 MS.
2171 2775 2314 2825 older
2346 2773 2469 2824 than
2502 2773 2663 2824 either
2693 2771 2754 2821 of

1587 2872 1680 2908 our
1701 2864 1900 2923 present
1922 2856 2109 2922 copies.

1656 2951 1702 3003 7.
1757 2937 2030 3000 ,οτι-αἰτίας]
2085 2937 2265 2988 Thdt.=
2301 2933 2472 2996 ἐπειδὴ
2503 2933 2599 2999 γὰρ
2636 2951 2746 2984 τα·

1585 3017 1910 3084 ραβολικόν
1941 3019 2004 3079 ἥν
2025 3012 2112 3068 τοῦ
2131 3017 2284 3081 λόγου
2303 3019 2362 3067 τὸ
2386 3020 2572 3079 σχῆμα,
2598 3018 2747 3079 ἀναγ-

1587 3103 1730 3152 καίως
1773 3102 1918 3151 αὐτὸν
1961 3101 2190 3164 διέγειρε-ν
2235 3101 2302 3150 εἰς
2340 3097 2629 3160 κατανόησιν
2661 3088 2751 3148 τοῦ

1588 3183 1906 3246 κεκρυμμένου
1959 3175 2213 3242 νοῆματος.
2302 3180 2523 3247 Thpht.=
2579 3176 2750 3240 ἐπειδὴ

1587 3266 2037 3325 αἰνιγματωδῶς
2067 3261 2227 3314 πάντα
2259 3263 2414 3312 εἶπεν.

1653 3360 1702 3412 9.
1772 3346 2049 3397 surrexisse
2078 3362 2140 3397 ιτ
2171 3344 2264 3408 m.]
2318 3345 2557 3406 Claram„
2579 3348 2746 3395 “surr.

1588 3443 1620 3477 a
1642 3443 1708 3478 m.
1729 3425 1785 3490 ;’'
1808 3427 1985 3493 Vulg.‚
2010 3433 2234 3478 “resurr.
2263 3443 2296 3477 a
2319 3424 2420 3477 m.’'
2477 3427 2581 3476 For
2597 3442 2658 3476 ex
2678 3442 2748 3475 m.

1599 3508 1711 3557 --ἐκ
1745 3508 1940 3571 νεκρῶν,
1976 3507 2041 3557 cf.
2080 3520 2117 3558 1.
2168 3523 2219 3573 p.
2267 3519 2375 3572 137,
2415 3507 2449 3558 l.
2495 3521 2574 3565 ας,
2611 3514 2748 3557 note.

1586 3589 1889 3655 Malefizctor
1921 3591 2166 3651 (Raesnsch,
2220 3591 2373 3650 Itala,
2430 3605 2480 3654 p.
2533 3589 2633 3652 57).
2691 3603 2750 3639 so

1594 3673 1844 3734 Claram.;
1875 3671 2049 3737 Vulg.‚
2077 3676 2109 3700 ‘⁶
2125 3671 2258 3721 male
2279 3666 2548 3735 operanS.”

1661 3766 1738 3803 ια.
1798 3760 1860 3804 ut
1887 3753 2102 3817 corporis
2137 3752 2295 3816 magis
2323 3750 2592 3814 adsumpt„
2632 3748 2751 3812 &c.]

1592 3835 1664 3885 So
1708 3835 1889 3899 Chrys.
1933 3834 2038 3884 and
2083 3833 2257 3891 Thdt„
2298 3832 2384 3883 the
2427 3831 2524 3882 last
2566 3830 2753 3881 named

1592 3914 1853 3980 following
1895 3913 1991 3964 Th.
2039 3913 2222 3963 almost
2266 3912 2406 3962 word
2449 3912 2527 3962 for
2575 3913 2714 3962 word
2736 3930 2752 3962 ι

1593 3995 1789 4054 Σίμων
1822 3991 2040 4057 ἤρξατο
2073 3991 2190 4043 κατ’
2228 3994 2451 4043 ἐκεῖνον
2487 3993 2588 4042 τὸν
2625 4009 2751 4043 και·

1591 4074 1658 4140 ρδ
1668 4094 1696 4123 ν
1740 4078 1827 4127 τὰς
1874 4072 2110 4139 αἱρετικὰς
2156 4076 2495 4138 κατασπείρειν
2535 4072 2753 4126 ἀκάνθας.

1594 4156 1761 4209 οὗτος
1812 4159 1876 4208 δὲ
1925 4160 2022 4207 καὶ
2068 4159 2122 4208 οὶ
2167 4160 2230 4208 ἐκ
2274 4159 2489 4208 τούτου
2534 4155 2755 4208 πάντες

1595 4242 1701 4301 τῆς
1737 4237 1955 4303 σαρκὸς
1997 4236 2342 4302 ἠρνήθησαν
2382 4237 2490 4299 τὴν
2533 4237 2751 4299 ἀνάλη-

1598 4323 1723 4383 ψιν,
1765 4322 1845 4369 καὶ
1889 4321 2197 4382 φαντασίᾳ
2240 4321 2610 4381 ’γεγενῆσθαι
2653 4317 2756 4381 τὴν

1594 4399 2038 4466 ἐνανθρώπησιν
2071 4406 2315 4466 ἔφασαν.
2376 4402 2457 4454 Cf.
2479 4415 2542 4453 11.
2568 4420 2618 4469 p.
2644 4400 2752 4468 136,

1594 4485 1633 4536 1.
1661 4498 1707 4547 3,
1731 4491 1869 4536 note.
