3221 5116
2604 400 2723 463 281

317 400 437 486 16.]
1033 415 1116 467 m
1166 416 1269 468 ΕΡ.
1317 415 1421 467 AD
1466 413 1994 467 PmLEMONEM.

313 611 402 655 ex
436 590 566 656 illis
596 611 754 658 uero
786 613 958 676 quae
989 594 1167 659 sacta
1198 594 1462 661 fuerant
1492 595 1558 659 in
1590 593 2024 680 praeteritum
2057 591 2406 658 occasione
2436 598 2731 674 accepta,

315 696 568 760 dixisse
609 691 873 760 uidetu'r
912 696 1037 761 hac
1075 697 1160 762 de
1200 720 1402 762 causa
1448 719 1600 763 eum
1651 697 1998 761 recessisse
2028 705 2104 761 ut
2135 695 2368 759 melior
2396 693 2497 758 sui
2528 693 2731 758 fieret.

315 798 680 881 praebebat
720 799 896 863 enim
936 798 1319 865 firmitatem
1361 800 1718 864 uerborum
1762 800 1901 863 eius
1940 800 2164 863 exitus
2207 799 2411 881 ipsius
2443 796 2733 879 negotii;

315 901 495 965 unde
555 922 675 965 nec
736 903 1100 984 definitiue,
1161 907 1278 970 sed
1333 905 1582 969 adiecit
1622 905 1885 987 forsan,
1961 903 2404 967 haesitatione
2477 901 2731 965 dictum

314 1024 508 1068 suum
564 1025 696 1069 non
739 1007 1137 1073 insuadibile
1181 1009 1452 1091 faciens„
1535 1008 2021 1073 intendendum
2069 1028 2229 1072 uero
2266 1016 2367 1071 est
2413 1005 2732 1089 quoniam
2810 1013 2840 1079 5

316 1127 451 1172 non
500 1107 695 1188 dixit,
752 1112 865 1174 ‘ut
925 1108 1213 1191 habea5,'
1269 1112 1388 1175 sed
1433 1118 1547 1175 ‘ut
1593 1111 1949 1192 recipias;'
1995 1131 2131 1174 non
2177 1111 2354 1174 enim
2400 1109 2530 1173 hoc
2574 1106 2736 1172 dicit

316 1211 634 1293 quoniam
683 1214 990 1278 ‘recessit
1031 1223 1106 1278 ut
1143 1215 1228 1279 de
1274 1224 1497 1278 cetero
1526 1212 1778 1278 habeas
1824 1233 1976 1278 eum
2009 1234 2129 1297 pro
2170 1234 2381 1290 seru0,
2414 1214 2732 1277 maiorem

316 1335 473 1397 erga
533 1336 687 1380 eum
747 1315 1059 1381 affectum
1121 1317 1482 1381 ostendens
1500 1317 1763 1380 '-—nam
1837 1317 2189 1380 ridiculum
2253 1325 2393 1379 erat
2451 1316 2579 1380 hoc
2648 1317 2736 1381 de

315 1417 600 1501 fugitiuo
657 1419 877 1483 dicere
936 1419 1335 1483 seruo—sed
1401 1425 1514 1482 ‘ut
1574 1419 1851 1502 recipias
1913 1439 2066 1483 eum
2134 1439 2335 1501 super
2390 1419 2735 1498 seruum3’

316 1521 513 1606 †hoc
543 1531 665 1601 est,
699 1522 1013 1605 ‘recipias
1059 1543 1212 1586 eum
1255 1541 1390 1586 non
1436 1520 1654 1585 solum
1700 1520 1941 1585 seruile
1983 1520 2376 1604 obsequium
2424 1521 2544 1585 tibi
2586 1542 2733 1604 per·
2768 1535 2847 1584 10

317 1623 709 1706 soluentem,
747 1624 889 1708 [sed
932 1626 1137 1690 etiam
1169 1623 1344 1709 plus]
1390 1644 1593 1708 quam
1641 1625 1813 1688 serui
1855 1625 2073 1690 solent
2111 1626 2247 1689 suis
2287 1625 2575 1689 dominis
2613 1646 2734 1690 ex-

317 1728 576 1794 hibere.’
680 1731 861 1813 quod
916 1731 1054 1795 iure
1112 1730 1380 1794 dicebat
1439 1739 1712 1813 propter
1772 1749 2031 1793 morum
2092 1737 2161 1793 et
2211 1729 2535 1812 propositi
2591 1729 2734 1792 eius

321 1832 895 1900 mutabilitatem*
980 1834 1141 1918 quid
1173 1843 1398 1899 autern
1431 1832 1577 1898 uult
1608 1855 1753 1898 esse
1783 1835 1963 1917 quod
1995 1830 2393 1918 dixit‘super
2414 1854 2677 1898 seruum
2699 1832 2734 1897 ,θ

430 1976 725 2058 fratrem
763 1974 1194 2041 carissimum.

1956 2107 1972 2134 5

446 2100 577 2165 hoc
628 2110 746 2180 est,
802 2103 1109 2168 ‘fratrem
1164 2103 1364 2169 ualde
1423 2114 1767 2170 amantem
1822 2115 1937 2184 te;
2035 2114 2113 2171 ut
2171 2106 2353 2170 dicat
2410 2105 2729 2189 quoniam
2766 2111 2850 2182 15·

319 2210 336 2237 ⁴
356 2207 479 2268 etsi
509 2226 629 2288 per
658 2205 885 2291 fugam
918 2209 1202 2285 recessit,
1234 2208 1355 2272 sed
1403 2217 1595 2273 tanto
1643 2210 1878 2274 melior
1916 2211 2017 2275 sui
2056 2218 2158 2274 est
2187 2208 2460 2274 effectus
2492 2218 2569 2275 ut
2597 2229 2731 2274 non

315 2304 532 2372 solum
585 2310 887 2375 debitum
941 2312 1061 2376 tibi
1110 2313 1505 2394 obsequium
1560 2322 1636 2378 ut
1686 2335 1914 2379 seruus
1962 2335 2114 2378 cum
2164 2316 2347 2379 omni
2397 2315 2529 2380 fide
2588 2335 2735 2399 per-

316 2408 553 2488 soluat,
585 2413 703 2476 sed
735 2423 805 2479 et
834 2415 1006 2480 sicut
1036 2416 1239 2480 frater
1278 2416 1481 2480 ualde
1520 2418 1732 2482 amori
1774 2427 1893 2482 tuo
1931 2419 2196 2483 iunctus
2241 2420 2467 2484 omnia
2512 2441 2634 2503 pro
2664 2429 2733 2485 te

316 2515 457 2596 pati
510 2514 596 2579 de
648 2526 868 2583 cetero
922 2519 1009 2583 sit
1056 2517 1365 2602 paratus)
1455 2527 1523 2584 et
1559 2520 1720 2603 quia
1768 2519 2091 2586 incertum
2137 2530 2280 2586 erat
2325 2522 2379 2586 si
2432 2519 2598 2588 haec
2637 2523 2733 2587 ita

315 2637 389 2680 se
419 2616 754 2698 haberent,
788 2620 1184 2686 confirmans
1215 2622 1467 2686 dictum
1500 2643 1697 2687 suum
1728 2624 1932 2689 adicit
1960 2646 1976 2690 t
2759 2638 2845 2688 20

446 2844 595 2911 ἀντὶ
640 2850 782 2913 τοῦ·
843 2856 860 2882 ‘
881 2847 983 2915 ἵνα
1040 2848 1243 2916 αὐτὸν
1289 2849 1546 2935 κομίσῃ,
1593 2847 1818 2915 οὐκέτι
1876 2847 2185 2931 δουλικὴν
2241 2847 2492 2914 εὔνοιαν
2531 2848 2734 2932 μόνον

315 2948 781 3033 ἐνδεικνύμενον
824 2952 975 3036 περὶ
1020 2952 1119 3031 σέ,
1163 2944 1346 3019 ἀλλὰ
1393 2952 1507 3019 καὶ
1549 2950 1813 3037 μείζονα
1855 2951 1896 3036 ἦ
1943 2950 2115 3019 κατὰ
2160 2950 2417 3029 δοῦλον,
2461 2950 2572 3017 διὰ
2615 2952 2733 3036 τὴν

317 3058 435 3121 τοῦ
478 3054 728 3144 τρόπον
768 3054 1191 3139 μεταβολήν.’

420 3266 439 3300 ι
455 3266 473 3301 t
512 3249 600 3301 sed
621 3250 772 3300 etiam
796 3251 908 3316 plus
928 3266 1006 3300 om
1034 3251 1080 3302 C
1098 3266 1157 3300 r:
1192 3250 1254 3315 cJI
1274 3267 1318 3316 g
1481 3267 1538 3315 15
1572 3258 1624 3302 te
1645 3268 1724 3301 om
1747 3269 1780 3301 r
1944 3251 2003 3303 16
2035 3256 2113 3303 sui
2134 3253 2311 3304 melior
2331 3270 2364 3303 r
2387 3253 2397 3318 Ι
2426 3252 2632 3306 affectus
2658 3254 2729 3305 C*

317 3348 373 3383 αι
414 3331 570 3382 Coisl.
596 3345 708 3394 204,
732 3331 769 3380 f.
795 3347 889 3396 233
916 3333 952 3382 b
975 3332 1083 3395 [Cr.
1107 3332 1192 3381 vii.
1224 3332 1337 3398 109]
1366 3330 1522 3384 ἄλλος
1554 3335 1724 3395 φησίν·
1766 3331 1870 3382 ἀντὶ
1893 3331 1998 3384 τοῦ·
2034 3333 2129 3393 ἵνα,
2153 3336 2297 3385 κ.τ.λ.

315 3526 530 3592 Thpht.=
558 3527 882 3590 μεταστρέφει
906 3526 1101 3577 Παῦλος
1119 3529 1207 3590 τὴν
1226 3529 1389 3589 φυγὴν
1410 3526 1471 3577 ὡς

318 3608 434 3670 πρὸς
455 3608 700 3671 συμφέρον
720 3608 996 3667 γενομένην.

384 3704 429 3739 2.
491 3690 661 3740 melior
699 3688 803 3751 sui]
869 3687 951 3738 Cf.
991 3699 1051 3737 11.
1096 3703 1148 3753 p.
1188 3700 1267 3752 37,
1310 3686 1345 3738 l.
1394 3701 1469 3750 15,

316 3779 468 3834 ποῖος
500 3771 657 3835 infra,
681 3770 714 3820 l.
750 3768 825 3820 16.

382 3869 430 3914 4.
502 3852 830 3910 Ιιαεηῖαίὼπι,
866 3852 982 3914 &c.]
1063 3857 1077 3880 ‘
1096 3852 1207 3902 The
1241 3852 1471 3916 modesty

315 3930 377 3981 of
423 3931 508 3981 the
562 3931 816 3997 Apostle's
879 3934 1012 3995 τάχα
1076 3934 1202 3984 wins
1269 3931 1469 3983 assent.'

318 4013 501 4079 Comp.
539 4014 594 4064 S.
626 4015 859 4079 jeromez
895 4017 1152 4081 “pulchre
1185 4024 1353 4065 autem
1386 4016 1471 4065 ad-

316 4097 441 4146 dens
490 4096 716 4160 forsitan
770 4099 1068 4148 sententiam
1136 4098 1468 4162 temperauit3

315 4176 511 4226 occulta
543 4182 656 4224 sunt
690 4175 877 4241 quippe
906 4176 1090 4226 iudicia
1113 4178 1211 4227 Dei
1234 4184 1285 4228 et
1315 4184 1468 4227 teme-

313 4254 497 4304 rarium
546 4260 621 4304 est
670 4253 812 4318 quasi
855 4255 920 4304 de
963 4262 1099 4305 certo
1143 4253 1470 4322 pronunciare

314 4335 451 4400 quod
490 4336 699 4384 dubium
742 4342 1043 4393 est...caute,
1083 4336 1273 4399 timide,
1318 4337 1468 4401 trepi-

313 4420 506 4475 danter,
528 4425 578 4468 et
601 4433 703 4466 non
727 4424 835 4466 toto
859 4416 959 4466 fixo
979 4418 1136 4482 gradu
1156 4436 1171 4478 3
1206 4429 1259 4468 ut
1293 4418 1334 4469 si
1368 4435 1469 4469 non

316 4501 558 4566 posuisset
580 4499 820 4566 forsitan,
845 4497 1076 4549 omnibus
1102 4500 1256 4551 seruis
1281 4499 1469 4565 fugien-

1571 3527 1693 3576 dum
1716 3536 1860 3585 esset,
1885 3534 1939 3577 ut
1960 3526 2223 3593 apostolici
2244 3525 2471 3577 fierent.”

1638 3606 1685 3659 6.
1779 3624 1882 3658 non
1915 3609 2046 3657 dixit
2086 3613 2174 3658 ‘ut
2208 3608 2421 3668 habeas,’
2462 3604 2732 3670 &c.]=ouiec

1572 3690 1707 3739 εἷπεν
1734 3688 2055 3752 ‘sno-‘xvh’
2078 3689 2192 3739 ἀλλ’
2220 3691 2327 3739 ’ἵνα
2357 3686 2581 3752 ἀπέχῃς)
2648 3691 2728 3740 Cs.

1573 3772 1780 3836 Chryse
1809 3769 2020 3822 ἀντὶτοῦ
2043 3769 2352 3835 ’ἁπολάβῃς.’
2397 3773 2729 3837 Th-strange-

1572 3851 1624 3916 ly
1662 3868 1831 3918 passes
1864 3869 1983 3904 over
2020 3850 2207 3902 αἰώνιον
2245 3850 2491 3918 (Jeromez
2531 3852 2732 3904 “frater

1570 3943 1802 3985 aeternus
1818 3933 1867 4000 ”)
1882 3954 1897 3996 ς
1930 3934 1994 3986 cf.
2025 3947 2062 3984 1.
2088 3952 2138 4001 p.
2163 3934 2247 3984 lxx
2272 3936 2359 3995 (a).

1643 4032 1719 4067 10.
1787 4017 1874 4066 hoc
1902 4021 1984 4076 est,
2036 4018 2050 4041 ‘
2064 4016 2677 4081 rmspezzs..persoluentem
2693 4014 2730 4079 ⁹]

1573 4097 1721 4148 cited
1746 4098 1813 4161 by
1838 4096 2101 4147 lanfranc.

1643 4192 1716 4239 15.
1777 4182 2030 4225 amantem
2052 4176 2117 4237 tc]
2163 4176 2213 4226 A
2234 4175 2509 4226 somewhat
2530 4182 2730 4242 strange

1570 4256 1874 4323 paraphrase
1896 4255 1956 4307 of
1982 4256 2067 4307 the
2099 4257 2294 4321 passive
2327 4256 2499 4307 verbal
2534 4255 2728 4320 ἀγαπη-

1571 4337 1665 4389 τός.
1755 4339 1853 4388 Th.
1899 4339 2145 4404 probably
2182 4354 2368 4399 meam,
2424 4340 2571 4389 “one
2615 4339 2730 4390 who

1571 4421 1802 4474 deser-ves
1828 4422 1918 4487 thy
1938 4422 2053 4472 love
2084 4422 2294 4473 because
2327 4421 2392 4471 he
2425 4421 2528 4472 will
2543 4429 2730 4489 ‚retum

1571 4500 1663 4550 it.’'
