<?xml version="1.0" encoding="UTF-8"?>
<!DOCTYPE html PUBLIC "-//W3C//DTD XHTML 1.0 Transitional//EN"
    "http://www.w3.org/TR/xhtml1/DTD/xhtml1-transitional.dtd">
<html xmlns="http://www.w3.org/1999/xhtml" xml:lang="en" lang="en">
 <head>
  <title>
</title>
<meta http-equiv="Content-Type" content="text/html;charset=utf-8" />
  <meta name='ocr-system' content='tesseract 3.04.00' />
  <meta name='ocr-capabilities' content='ocr_page ocr_carea ocr_par ocr_line ocrx_word'/>
</head>
<body>
  <div class='ocr_page' id='page_1' title='image "./theodoriepiscop02swetgoog_0099.png"; bbox 0 0 3221 5116; ppageno 0'>
   <div class='ocr_carea' id='block_1_1' title="bbox 416 2205 487 2271">
    <p class='ocr_par' dir='ltr' id='par_1_1' title="bbox 416 2205 487 2271">
     <span class='ocr_line' id='line_1_1' title="bbox 416 2205 487 2271; baseline 0 0"><span class='ocrx_word' id='word_1_1' title='bbox 416 2205 487 2271; x_wconf 83' lang='lat'>15</span> 
     </span>
    </p>
   </div>
   <div class='ocr_carea' id='block_1_2' title="bbox 509 408 2285 475">
    <p class='ocr_par' dir='ltr' id='par_1_2' title="bbox 509 408 2285 475">
     <span class='ocr_line' id='line_1_2' title="bbox 509 408 2285 475; baseline 0.001 -4"><span class='ocrx_word' id='word_1_2' title='bbox 509 408 592 472; x_wconf 86' lang='lat'>88</span> <span class='ocrx_word' id='word_1_3' title='bbox 1179 420 1634 474; x_wconf 73' lang='lat' dir='ltr'>THEoDoaus</span> <span class='ocrx_word' id='word_1_4' title='bbox 1699 416 2285 475; x_wconf 78' lang='lat' dir='ltr'>MOPSUESTENUS</span> 
     </span>
    </p>
   </div>
   <div class='ocr_carea' id='block_1_3' title="bbox 2627 404 2923 492">
    <p class='ocr_par' dir='ltr' id='par_1_3' title="bbox 2627 404 2923 492">
     <span class='ocr_line' id='line_1_3' title="bbox 2627 404 2923 492; baseline -0.014 -20"><span class='ocrx_word' id='word_1_5' title='bbox 2627 407 2745 492; x_wconf 92' lang='lat'>[11.</span> <span class='ocrx_word' id='word_1_6' title='bbox 2783 418 2838 488; x_wconf 82' lang='lat'>5,</span> <span class='ocrx_word' id='word_1_7' title='bbox 2867 404 2923 488; x_wconf 74' lang='lat'>6¹</span> 
     </span>
    </p>
   </div>
   <div class='ocr_carea' id='block_1_4' title="bbox 511 587 2928 885">
    <p class='ocr_par' dir='ltr' id='par_1_4' title="bbox 511 587 2928 885">
     <span class='ocr_line' id='line_1_4' title="bbox 638 587 2924 676; baseline -0.004 -17"><span class='ocrx_word' id='word_1_8' title='bbox 638 595 766 659; x_wconf 91' lang='lat' dir='ltr'>hoc</span> <span class='ocrx_word' id='word_1_9' title='bbox 814 602 931 671; x_wconf 91' lang='lat' dir='ltr'>est,</span> <span class='ocrx_word' id='word_1_10' title='bbox 985 592 1181 676; x_wconf 89' lang='lat' dir='ltr'>‘quia</span> <span class='ocrx_word' id='word_1_11' title='bbox 1227 601 1329 655; x_wconf 89' lang='lat' dir='ltr'>est</span> <span class='ocrx_word' id='word_1_12' title='bbox 1375 590 1676 656; x_wconf 88' lang='lat' dir='ltr'>omnium</span> <span class='ocrx_word' id='word_1_13' title='bbox 1729 590 2077 669; x_wconf 79' lang='lat' dir='ltr'>DominuS,</span> <span class='ocrx_word' id='word_1_14' title='bbox 2134 610 2267 654; x_wconf 90' lang='lat' dir='ltr'>non</span> <span class='ocrx_word' id='word_1_15' title='bbox 2319 590 2602 658; x_wconf 88' lang='lat' dir='ltr'>aliorum</span> <span class='ocrx_word' id='word_1_16' title='bbox 2652 587 2924 671; x_wconf 90' lang='lat' dir='ltr'>quidem</span> 
     </span>
     <span class='ocr_line' id='line_1_5' title="bbox 511 688 2928 781; baseline -0.005 -19"><span class='ocrx_word' id='word_1_17' title='bbox 511 707 613 763; x_wconf 89' lang='lat' dir='ltr'>est</span> <span class='ocrx_word' id='word_1_18' title='bbox 667 697 1016 771; x_wconf 81' lang='lat' dir='ltr'>DominuS,</span> <span class='ocrx_word' id='word_1_19' title='bbox 1068 694 1352 759; x_wconf 88' lang='lat' dir='ltr'>aliorum</span> <span class='ocrx_word' id='word_1_20' title='bbox 1405 715 1564 758; x_wconf 92' lang='lat' dir='ltr'>uero</span> <span class='ocrx_word' id='word_1_21' title='bbox 1617 715 1748 758; x_wconf 90' lang='lat' dir='ltr'>non</span> <span class='ocrx_word' id='word_1_22' title='bbox 1801 704 1941 781; x_wconf 52' lang='lat' dir='ltr'>est}</span> <span class='ocrx_word' id='word_1_23' title='bbox 2006 695 2234 776; x_wconf 87' lang='lat' dir='ltr'>itaque</span> <span class='ocrx_word' id='word_1_24' title='bbox 2285 714 2415 756; x_wconf 90' lang='lat' dir='ltr'>non</span> <span class='ocrx_word' id='word_1_25' title='bbox 2464 701 2565 756; x_wconf 90' lang='lat' dir='ltr'>est</span> <span class='ocrx_word' id='word_1_26' title='bbox 2611 688 2928 776; x_wconf 92' lang='lat' dir='ltr'>possibile</span> 
     </span>
     <span class='ocr_line' id='line_1_6' title="bbox 512 795 2442 885; baseline -0.001 -20"><span class='ocrx_word' id='word_1_27' title='bbox 512 822 665 865; x_wconf 88' lang='lat' dir='ltr'>eum</span> <span class='ocrx_word' id='word_1_28' title='bbox 698 800 1037 883; x_wconf 80' lang='lat' dir='ltr'>despicere</span> <span class='ocrx_word' id='word_1_29' title='bbox 1069 798 1328 882; x_wconf 87' lang='lat' dir='ltr'>aliquos</span> <span class='ocrx_word' id='word_1_30' title='bbox 1366 801 1556 881; x_wconf 87' lang='lat' dir='ltr'>quasi</span> <span class='ocrx_word' id='word_1_31' title='bbox 1590 798 1845 863; x_wconf 88' lang='lat' dir='ltr'>alienos</span> <span class='ocrx_word' id='word_1_32' title='bbox 1877 795 2442 885; x_wconf 39' lang='lat' dir='ltr'>sibiaexistentes?</span> 
     </span>
    </p>
   </div>
   <div class='ocr_carea' id='block_1_5' title="bbox 642 946 2660 1024">
    <p class='ocr_par' dir='ltr' id='par_1_5' title="bbox 642 946 2660 1024">
     <span class='ocr_line' id='line_1_7' title="bbox 642 946 2660 1024; baseline -0.001 -11"><span class='ocrx_word' id='word_1_33' title='bbox 642 971 814 1014; x_wconf 85' lang='lat' dir='ltr'>unus</span> <span class='ocrx_word' id='word_1_34' title='bbox 839 960 902 1013; x_wconf 90' lang='lat' dir='ltr'>et</span> <span class='ocrx_word' id='word_1_35' title='bbox 931 949 1250 1012; x_wconf 84' lang='lat' dir='ltr'><em>mediator</em></span> <span class='ocrx_word' id='word_1_36' title='bbox 1273 948 1408 1011; x_wconf 80' lang='lat' dir='ltr'>Dei</span> <span class='ocrx_word' id='word_1_37' title='bbox 1431 958 1496 1012; x_wconf 88' lang='lat' dir='ltr'>et</span> <span class='ocrx_word' id='word_1_38' title='bbox 1519 949 1879 1024; x_wconf 75' lang='lat' dir='ltr'>hominum,</span> <span class='ocrx_word' id='word_1_39' title='bbox 1911 948 2097 1011; x_wconf 76' lang='lat' dir='ltr'>homo</span> <span class='ocrx_word' id='word_1_40' title='bbox 2130 946 2434 1013; x_wconf 76' lang='lat' dir='ltr'>Christus</span> <span class='ocrx_word' id='word_1_41' title='bbox 2461 950 2660 1012; x_wconf 53' lang='lat' dir='ltr'>Iesu&amp;</span> 
     </span>
    </p>
   </div>
   <div class='ocr_carea' id='block_1_6' title="bbox 413 1076 2938 1681">
    <p class='ocr_par' dir='ltr' id='par_1_6' title="bbox 413 1076 2938 1681">
     <span class='ocr_line' id='line_1_8' title="bbox 647 1076 2934 1160; baseline -0.001 -18"><span class='ocrx_word' id='word_1_42' title='bbox 647 1080 797 1142; x_wconf 89' lang='lat' dir='ltr'>‘sed</span> <span class='ocrx_word' id='word_1_43' title='bbox 831 1087 898 1141; x_wconf 90' lang='lat' dir='ltr'>et</span> <span class='ocrx_word' id='word_1_44' title='bbox 924 1076 1035 1141; x_wconf 90' lang='lat' dir='ltr'>ille</span> <span class='ocrx_word' id='word_1_45' title='bbox 1068 1076 1400 1140; x_wconf 84' lang='lat' dir='ltr'>mediator</span> <span class='ocrx_word' id='word_1_46' title='bbox 1429 1078 1541 1160; x_wconf 90' lang='lat' dir='ltr'>qui</span> <span class='ocrx_word' id='word_1_47' title='bbox 1578 1098 1698 1140; x_wconf 92' lang='lat' dir='ltr'>nos</span> <span class='ocrx_word' id='word_1_48' title='bbox 1731 1078 2036 1141; x_wconf 90' lang='lat' dir='ltr'>homines</span> <span class='ocrx_word' id='word_1_49' title='bbox 2083 1076 2234 1140; x_wconf 91' lang='lat' dir='ltr'>Deo</span> <span class='ocrx_word' id='word_1_50' title='bbox 2266 1078 2591 1140; x_wconf 86' lang='lat' dir='ltr'><strong>adnititur</strong></span> <span class='ocrx_word' id='word_1_51' title='bbox 2619 1076 2934 1159; x_wconf 89' lang='lat' dir='ltr'>copulare</span> 
     </span>
     <span class='ocr_line' id='line_1_9' title="bbox 514 1178 2938 1257; baseline -0.002 -11"><span class='ocrx_word' id='word_1_52' title='bbox 514 1203 687 1247; x_wconf 90' lang='lat' dir='ltr'>unus</span> <span class='ocrx_word' id='word_1_53' title='bbox 746 1192 848 1246; x_wconf 92' lang='lat' dir='ltr'>est</span> <span class='ocrx_word' id='word_1_54' title='bbox 909 1190 978 1245; x_wconf 91' lang='lat' dir='ltr'>et</span> <span class='ocrx_word' id='word_1_55' title='bbox 1041 1181 1181 1257; x_wconf 89' lang='lat' dir='ltr'>iste,</span> <span class='ocrx_word' id='word_1_56' title='bbox 1234 1190 1302 1244; x_wconf 91' lang='lat' dir='ltr'>et</span> <span class='ocrx_word' id='word_1_57' title='bbox 1351 1180 1506 1244; x_wconf 90' lang='lat' dir='ltr'>hinc</span> <span class='ocrx_word' id='word_1_58' title='bbox 1562 1182 1749 1246; x_wconf 80' lang='lat' dir='ltr'>lzomo</span> <span class='ocrx_word' id='word_1_59' title='bbox 1800 1183 2166 1246; x_wconf 91' lang='lat' dir='ltr'>secundum</span> <span class='ocrx_word' id='word_1_60' title='bbox 2230 1191 2535 1245; x_wconf 87' lang='lat' dir='ltr'>naturam</span> <span class='ocrx_word' id='word_1_61' title='bbox 2598 1178 2938 1244; x_wconf 62' lang='lat' dir='ltr'>existens!</span> 
     </span>
     <span class='ocr_line' id='line_1_10' title="bbox 515 1284 2938 1369; baseline -0.002 -19"><span class='ocrx_word' id='word_1_62' title='bbox 515 1295 890 1369; x_wconf 83' lang='lat' dir='ltr'>opportune</span> <span class='ocrx_word' id='word_1_63' title='bbox 919 1284 1026 1348; x_wconf 90' lang='lat' dir='ltr'>uel</span> <span class='ocrx_word' id='word_1_64' title='bbox 1060 1288 1357 1349; x_wconf 84' lang='lat' dir='ltr'><strong>maxime</strong></span> <span class='ocrx_word' id='word_1_65' title='bbox 1388 1287 1514 1349; x_wconf 93' lang='lat' dir='ltr'>hoc</span> <span class='ocrx_word' id='word_1_66' title='bbox 1548 1287 1613 1349; x_wconf 91' lang='lat' dir='ltr'>in</span> <span class='ocrx_word' id='word_1_67' title='bbox 1652 1287 1802 1349; x_wconf 90' lang='lat' dir='ltr'>loco</span> <span class='ocrx_word' id='word_1_68' title='bbox 1826 1294 1841 1319; x_wconf 92' lang='lat'>‘</span> <span class='ocrx_word' id='word_1_69' title='bbox 1861 1287 2198 1350; x_wconf 89' lang='lat' dir='ltr'>hominem</span> <span class='ocrx_word' id='word_1_70' title='bbox 2221 1286 2234 1310; x_wconf 96' lang='lat'><strong>’</strong></span> <span class='ocrx_word' id='word_1_71' title='bbox 2267 1307 2420 1350; x_wconf 91' lang='lat' dir='ltr'>eum</span> <span class='ocrx_word' id='word_1_72' title='bbox 2452 1287 2738 1359; x_wconf 87' lang='lat' dir='ltr'>uocauit,</span> <span class='ocrx_word' id='word_1_73' title='bbox 2760 1295 2838 1348; x_wconf 91' lang='lat' dir='ltr'>ut</span> <span class='ocrx_word' id='word_1_74' title='bbox 2867 1294 2938 1347; x_wconf 89' lang='lat' dir='ltr'>et</span> 
     </span>
     <span class='ocr_line' id='line_1_11' title="bbox 516 1391 2936 1469; baseline -0.001 -15"><span class='ocrx_word' id='word_1_75' title='bbox 516 1411 556 1454; x_wconf 86' lang='lat' dir='ltr'>a</span> <span class='ocrx_word' id='word_1_76' title='bbox 600 1397 838 1453; x_wconf 87' lang='lat' dir='ltr'>natura</span> <span class='ocrx_word' id='word_1_77' title='bbox 883 1391 1263 1454; x_wconf 84' lang='lat' dir='ltr'>ostenderet</span> <span class='ocrx_word' id='word_1_78' title='bbox 1305 1391 1686 1454; x_wconf 87' lang='lat' dir='ltr'>donationis</span> <span class='ocrx_word' id='word_1_79' title='bbox 1729 1392 2307 1469; x_wconf 88' lang='lat' dir='ltr'>communionem;</span> <span class='ocrx_word' id='word_1_80' title='bbox 2355 1391 2665 1454; x_wconf 91' lang='lat' dir='ltr'>omnibus</span> <span class='ocrx_word' id='word_1_81' title='bbox 2711 1410 2936 1452; x_wconf 89' lang='lat' dir='ltr'>neces-</span> 
     </span>
     <span class='ocr_line' id='line_1_12' title="bbox 496 1494 2938 1578; baseline -0.001 -21"><span class='ocrx_word' id='word_1_82' title='bbox 496 1495 688 1557; x_wconf 81' lang='lat' dir='ltr'>sario</span> <span class='ocrx_word' id='word_1_83' title='bbox 720 1495 787 1556; x_wconf 90' lang='lat' dir='ltr'>id</span> <span class='ocrx_word' id='word_1_84' title='bbox 819 1494 1290 1559; x_wconf 86' lang='lat' dir='ltr'>confitentibus</span> <span class='ocrx_word' id='word_1_85' title='bbox 1321 1497 1637 1577; x_wconf 88' lang='lat' dir='ltr'>quoniam</span> <span class='ocrx_word' id='word_1_86' title='bbox 1672 1497 2120 1560; x_wconf 85' lang='lat' dir='ltr'>uniuersitatis</span> <span class='ocrx_word' id='word_1_87' title='bbox 2167 1517 2319 1578; x_wconf 87' lang='lat' dir='ltr'>pars</span> <span class='ocrx_word' id='word_1_88' title='bbox 2362 1497 2661 1558; x_wconf 86' lang='lat' dir='ltr'>existens</span> <span class='ocrx_word' id='word_1_89' title='bbox 2702 1514 2938 1556; x_wconf 89' lang='lat' dir='ltr'>secun-</span> 
     </span>
     <span class='ocr_line' id='line_1_13' title="bbox 413 1598 2937 1681; baseline 0 -20"><span class='ocrx_word' id='word_1_90' title='bbox 413 1614 491 1662; x_wconf 94' lang='lat'>10</span> <span class='ocrx_word' id='word_1_91' title='bbox 517 1598 679 1661; x_wconf 89' lang='lat' dir='ltr'>dum</span> <span class='ocrx_word' id='word_1_92' title='bbox 729 1604 1035 1660; x_wconf 89' lang='lat' dir='ltr'>naturam</span> <span class='ocrx_word' id='word_1_93' title='bbox 1096 1618 1519 1661; x_wconf 89' lang='lat' dir='ltr'>communem</span> <span class='ocrx_word' id='word_1_94' title='bbox 1583 1600 1894 1662; x_wconf 91' lang='lat' dir='ltr'>omnibus</span> <span class='ocrx_word' id='word_1_95' title='bbox 1955 1609 2177 1680; x_wconf 90' lang='lat' dir='ltr'>potest</span> <span class='ocrx_word' id='word_1_96' title='bbox 2237 1620 2357 1681; x_wconf 89' lang='lat' dir='ltr'>per</span> <span class='ocrx_word' id='word_1_97' title='bbox 2430 1598 2937 1662; x_wconf 88' lang='lat' dir='ltr'>similitudinem</span> 
     </span>
    </p>
   </div>
   <div class='ocr_carea' id='block_1_7' title="bbox 520 1703 1681 1785">
    <p class='ocr_par' dir='ltr' id='par_1_7' title="bbox 520 1703 1681 1785">
     <span class='ocr_line' id='line_1_14' title="bbox 520 1703 1681 1785; baseline 0.001 -21"><span class='ocrx_word' id='word_1_98' title='bbox 520 1712 795 1765; x_wconf 86' lang='lat' dir='ltr'>naturae</span> <span class='ocrx_word' id='word_1_99' title='bbox 844 1703 1276 1766; x_wconf 85' lang='lat' dir='ltr'>donationem</span> <span class='ocrx_word' id='word_1_100' title='bbox 1327 1712 1681 1785; x_wconf 88' lang='lat' dir='ltr'>praestare.</span> 
     </span>
    </p>
   </div>
   <div class='ocr_carea' id='block_1_8' title="bbox 1771 1704 2937 1788">
    <p class='ocr_par' dir='ltr' id='par_1_8' title="bbox 1771 1704 2937 1788">
     <span class='ocr_line' id='line_1_15' title="bbox 1771 1704 2937 1788; baseline -0.001 -22"><span class='ocrx_word' id='word_1_101' title='bbox 1771 1705 1952 1767; x_wconf 89' lang='lat' dir='ltr'>unde</span> <span class='ocrx_word' id='word_1_102' title='bbox 2001 1704 2164 1767; x_wconf 88' lang='lat' dir='ltr'>illud</span> <span class='ocrx_word' id='word_1_103' title='bbox 2219 1705 2409 1788; x_wconf 84' lang='lat' dir='ltr'>quasi</span> <span class='ocrx_word' id='word_1_104' title='bbox 2464 1704 2598 1767; x_wconf 90' lang='lat' dir='ltr'>iam</span> <span class='ocrx_word' id='word_1_105' title='bbox 2661 1704 2726 1766; x_wconf 92' lang='lat' dir='ltr'>in</span> <span class='ocrx_word' id='word_1_106' title='bbox 2778 1723 2937 1766; x_wconf 90' lang='lat' dir='ltr'>con-</span> 
     </span>
    </p>
   </div>
   <div class='ocr_carea' id='block_1_9' title="bbox 520 1806 2116 1891">
    <p class='ocr_par' dir='ltr' id='par_1_9' title="bbox 520 1806 2116 1891">
     <span class='ocr_line' id='line_1_16' title="bbox 520 1806 2116 1891; baseline 0.003 -23"><span class='ocrx_word' id='word_1_107' title='bbox 520 1806 874 1870; x_wconf 88' lang='lat' dir='ltr'>fessionem</span> <span class='ocrx_word' id='word_1_108' title='bbox 907 1806 1269 1871; x_wconf 90' lang='lat' dir='ltr'>deductum</span> <span class='ocrx_word' id='word_1_109' title='bbox 1303 1807 1457 1871; x_wconf 88' lang='lat' dir='ltr'>hinc</span> <span class='ocrx_word' id='word_1_110' title='bbox 1487 1808 1840 1891; x_wconf 81' lang='lat' dir='ltr'>accipienS,</span> <span class='ocrx_word' id='word_1_111' title='bbox 1871 1808 2075 1873; x_wconf 90' lang='lat' dir='ltr'>adicit</span> <span class='ocrx_word' id='word_1_112' title='bbox 2103 1832 2116 1872; x_wconf 72' lang='grc' dir='ltr'>ε</span> 
     </span>
    </p>
   </div>
   <div class='ocr_carea' id='block_1_10' title="bbox 648 1950 2941 2035">
    <p class='ocr_par' dir='ltr' id='par_1_10' title="bbox 648 1950 2941 2035">
     <span class='ocr_line' id='line_1_17' title="bbox 648 1950 2941 2035; baseline 0.001 -21"><span class='ocrx_word' id='word_1_113' title='bbox 648 1951 768 2033; x_wconf 80' lang='lat' dir='ltr'>qui</span> <span class='ocrx_word' id='word_1_114' title='bbox 790 1951 971 2014; x_wconf 85' lang='lat' dir='ltr'>dedit</span> <span class='ocrx_word' id='word_1_115' title='bbox 1004 1952 1279 2034; x_wconf 84' lang='lat' dir='ltr'>seipsum</span> <span class='ocrx_word' id='word_1_116' title='bbox 1312 1951 1798 2035; x_wconf 80' lang='lat' dir='ltr'>redemptionem</span> <span class='ocrx_word' id='word_1_117' title='bbox 1815 1963 1940 2034; x_wconf 86' lang='lat' dir='ltr'>pro</span> <span class='ocrx_word' id='word_1_118' title='bbox 1970 1950 2280 2028; x_wconf 83' lang='lat' dir='ltr'>omnibus,</span> <span class='ocrx_word' id='word_1_119' title='bbox 2317 1952 2752 2016; x_wconf 82' lang='lat' dir='ltr'>testimonium</span> <span class='ocrx_word' id='word_1_120' title='bbox 2786 1962 2941 2016; x_wconf 86' lang='lat' dir='ltr'>tem-</span> 
     </span>
    </p>
   </div>
   <div class='ocr_carea' id='block_1_11' title="bbox 506 2056 962 2137">
    <p class='ocr_par' dir='ltr' id='par_1_11' title="bbox 506 2056 962 2137">
     <span class='ocr_line' id='line_1_18' title="bbox 506 2056 962 2137; baseline 0.002 -18"><span class='ocrx_word' id='word_1_121' title='bbox 506 2057 781 2137; x_wconf 79' lang='lat' dir='ltr'>poribus</span> <span class='ocrx_word' id='word_1_122' title='bbox 806 2056 962 2120; x_wconf 85' lang='lat' dir='ltr'>suis.</span> 
     </span>
    </p>
   </div>
   <div class='ocr_carea' id='block_1_12' title="bbox 655 2182 2949 2267">
    <p class='ocr_par' dir='ltr' id='par_1_12' title="bbox 655 2182 2949 2267">
     <span class='ocr_line' id='line_1_19' title="bbox 655 2182 2949 2267; baseline 0 -21"><span class='ocrx_word' id='word_1_123' title='bbox 655 2203 811 2247; x_wconf 89' lang='lat' dir='ltr'>nam</span> <span class='ocrx_word' id='word_1_124' title='bbox 851 2193 919 2248; x_wconf 87' lang='lat' dir='ltr'>et</span> <span class='ocrx_word' id='word_1_125' title='bbox 947 2194 1074 2266; x_wconf 84' lang='lat' dir='ltr'>pro</span> <span class='ocrx_word' id='word_1_126' title='bbox 1112 2183 1407 2247; x_wconf 80' lang='lat' dir='ltr'>omnibus</span> <span class='ocrx_word' id='word_1_127' title='bbox 1440 2183 1622 2247; x_wconf 74' lang='lat' dir='ltr'>dedit</span> <span class='ocrx_word' id='word_1_128' title='bbox 1659 2184 1976 2267; x_wconf 64' lang='lat' dir='ltr'>sezpsum,·</span> <span class='ocrx_word' id='word_1_129' title='bbox 2025 2204 2147 2247; x_wconf 89' lang='lat' dir='ltr'>nec</span> <span class='ocrx_word' id='word_1_130' title='bbox 2190 2193 2413 2247; x_wconf 85' lang='lat' dir='ltr'>autem</span> <span class='ocrx_word' id='word_1_131' title='bbox 2452 2204 2576 2267; x_wconf 90' lang='lat' dir='ltr'>pro</span> <span class='ocrx_word' id='word_1_132' title='bbox 2606 2182 2949 2266; x_wconf 80' lang='lat' dir='ltr'>aliquibus</span> 
     </span>
    </p>
   </div>
   <div class='ocr_carea' id='block_1_13' title="bbox 623 2341 1831 2475">
    <p class='ocr_par' dir='ltr' id='par_1_13' title="bbox 623 2341 1831 2475">
     <span class='ocr_line' id='line_1_20' title="bbox 623 2341 1733 2407; baseline 0 -16"><span class='ocrx_word' id='word_1_133' title='bbox 623 2357 651 2405; x_wconf 78' lang='lat'>3</span> <span class='ocrx_word' id='word_1_134' title='bbox 687 2343 956 2392; x_wconf 85' lang='lat' dir='ltr'>existantes</span> <span class='ocrx_word' id='word_1_135' title='bbox 997 2344 1041 2391; x_wconf 89' lang='lat' dir='ltr'><em>C</em></span> <span class='ocrx_word' id='word_1_136' title='bbox 1052 2341 1165 2392; x_wconf 76' lang='lat' dir='ltr'>*H</span> <span class='ocrx_word' id='word_1_137' title='bbox 1225 2352 1476 2392; x_wconf 83' lang='lat' dir='ltr'>exstantes</span> <span class='ocrx_word' id='word_1_138' title='bbox 1517 2343 1560 2393; x_wconf 85' lang='lat' dir='ltr'><em>C</em></span> <span class='ocrx_word' id='word_1_139' title='bbox 1586 2341 1733 2407; x_wconf 84' lang='lat' dir='ltr'>(corr)</span> 
     </span>
     <span class='ocr_line' id='line_1_21' title="bbox 1231 2426 1831 2475; baseline 0 0"><span class='ocrx_word' id='word_1_140' title='bbox 1231 2428 1260 2475; x_wconf 92' lang='lat'>8</span> <span class='ocrx_word' id='word_1_141' title='bbox 1296 2426 1740 2475; x_wconf 84' lang='lat' dir='ltr'>communitionem</span> <span class='ocrx_word' id='word_1_142' title='bbox 1762 2426 1831 2475; x_wconf 83' lang='lat' dir='ltr'><em>H</em></span> 
     </span>
    </p>
   </div>
   <div class='ocr_carea' id='block_1_14' title="bbox 525 2427 1028 2488">
    <p class='ocr_par' dir='ltr' id='par_1_14' title="bbox 525 2427 1028 2488">
     <span class='ocr_line' id='line_1_22' title="bbox 525 2427 1028 2488; baseline 0.002 -14"><span class='ocrx_word' id='word_1_143' title='bbox 525 2433 724 2475; x_wconf 85' lang='lat' dir='ltr'>exstans</span> <span class='ocrx_word' id='word_1_144' title='bbox 769 2427 811 2475; x_wconf 88' lang='lat' dir='ltr'><em>C</em></span> <span class='ocrx_word' id='word_1_145' title='bbox 850 2427 999 2486; x_wconf 85' lang='lat' dir='ltr'>(corr)</span> <span class='ocrx_word' id='word_1_146' title='bbox 1020 2480 1028 2488; x_wconf 53' lang='lat'>,</span> 
     </span>
    </p>
   </div>
   <div class='ocr_carea' id='block_1_15' title="bbox 524 2508 1413 2558">
    <p class='ocr_par' dir='ltr' id='par_1_15' title="bbox 524 2508 1413 2558">
     <span class='ocr_line' id='line_1_23' title="bbox 524 2508 1413 2558; baseline -0.001 -1"><span class='ocrx_word' id='word_1_147' title='bbox 524 2509 739 2558; x_wconf 83' lang='lat' dir='ltr'>sessione</span> <span class='ocrx_word' id='word_1_148' title='bbox 774 2508 842 2556; x_wconf 88' lang='lat' dir='ltr'><em>H</em></span> <span class='ocrx_word' id='word_1_149' title='bbox 987 2524 1041 2558; x_wconf 83' lang='lat'>12</span> <span class='ocrx_word' id='word_1_150' title='bbox 1079 2508 1345 2557; x_wconf 88' lang='lat' dir='ltr'>deductam</span> <span class='ocrx_word' id='word_1_151' title='bbox 1382 2523 1413 2555; x_wconf 86' lang='lat' dir='ltr'>r</span> 
     </span>
    </p>
   </div>
   <div class='ocr_carea' id='block_1_16' title="bbox 527 2647 1707 4583">
    <p class='ocr_par' dir='ltr' id='par_1_16' title="bbox 527 2647 1707 4583">
     <span class='ocr_line' id='line_1_24' title="bbox 592 2647 1682 2712; baseline -0.003 -14"><span class='ocrx_word' id='word_1_152' title='bbox 592 2648 643 2699; x_wconf 89' lang='lat'>6.</span> <span class='ocrx_word' id='word_1_153' title='bbox 709 2655 758 2698; x_wconf 83' lang='lat' dir='ltr'>et</span> <span class='ocrx_word' id='word_1_154' title='bbox 790 2647 914 2697; x_wconf 77' lang='lat' dir='ltr'>hinc</span> <span class='ocrx_word' id='word_1_155' title='bbox 947 2648 1109 2710; x_wconf 84' lang='lat' dir='ltr'>homo]</span> <span class='ocrx_word' id='word_1_156' title='bbox 1183 2649 1402 2706; x_wconf 87' lang='lat' dir='ltr'>Correct,</span> <span class='ocrx_word' id='word_1_157' title='bbox 1448 2648 1682 2712; x_wconf 77' lang='lat' dir='ltr'>perhapS,</span> 
     </span>
     <span class='ocr_line' id='line_1_25' title="bbox 527 2726 1689 2790; baseline -0.001 -12"><span class='ocrx_word' id='word_1_158' title='bbox 527 2736 576 2778; x_wconf 84' lang='lat' dir='ltr'>et</span> <span class='ocrx_word' id='word_1_159' title='bbox 615 2729 695 2777; x_wconf 80' lang='lat' dir='ltr'>hic</span> <span class='ocrx_word' id='word_1_160' title='bbox 738 2729 876 2778; x_wconf 78' lang='lat' dir='ltr'>homo</span> <span class='ocrx_word' id='word_1_161' title='bbox 916 2729 1015 2789; x_wconf 79' lang='grc' dir='ltr'>(καὶ</span> <span class='ocrx_word' id='word_1_162' title='bbox 1061 2726 1197 2778; x_wconf 73' lang='grc' dir='ltr'>οὗτος</span> <span class='ocrx_word' id='word_1_163' title='bbox 1234 2726 1587 2790; x_wconf 69' lang='grc' dir='ltr'>ἅνθρωπος)-*</span> <span class='ocrx_word' id='word_1_164' title='bbox 1603 2728 1689 2777; x_wconf 86' lang='lat' dir='ltr'>the</span> 
     </span>
     <span class='ocr_line' id='line_1_26' title="bbox 530 2810 1688 2868; baseline -0.002 -7"><span class='ocrx_word' id='word_1_165' title='bbox 530 2812 782 2861; x_wconf 82' lang='lat' dir='ltr'>Mediator</span> <span class='ocrx_word' id='word_1_166' title='bbox 803 2812 909 2861; x_wconf 89' lang='lat' dir='ltr'>also</span> <span class='ocrx_word' id='word_1_167' title='bbox 933 2812 974 2859; x_wconf 90' lang='lat' dir='ltr'>is</span> <span class='ocrx_word' id='word_1_168' title='bbox 996 2827 1109 2868; x_wconf 88' lang='lat' dir='ltr'>one,</span> <span class='ocrx_word' id='word_1_169' title='bbox 1133 2812 1233 2860; x_wconf 87' lang='lat' dir='ltr'>and</span> <span class='ocrx_word' id='word_1_170' title='bbox 1259 2812 1365 2860; x_wconf 80' lang='lat' dir='ltr'>that</span> <span class='ocrx_word' id='word_1_171' title='bbox 1396 2827 1492 2860; x_wconf 91' lang='lat' dir='ltr'>one</span> <span class='ocrx_word' id='word_1_172' title='bbox 1524 2810 1688 2859; x_wconf 84' lang='lat' dir='ltr'>Medi-</span> 
     </span>
     <span class='ocr_line' id='line_1_27' title="bbox 529 2891 1688 2956; baseline -0.003 -14"><span class='ocrx_word' id='word_1_173' title='bbox 529 2901 642 2943; x_wconf 84' lang='lat' dir='ltr'>ator</span> <span class='ocrx_word' id='word_1_174' title='bbox 663 2893 705 2941; x_wconf 87' lang='lat' dir='ltr'>is</span> <span class='ocrx_word' id='word_1_175' title='bbox 727 2909 757 2942; x_wconf 91' lang='lat' dir='ltr'>a</span> <span class='ocrx_word' id='word_1_176' title='bbox 777 2891 929 2941; x_wconf 88' lang='lat' dir='ltr'>man.’</span> <span class='ocrx_word' id='word_1_177' title='bbox 998 2894 1179 2956; x_wconf 85' lang='lat' dir='ltr'>Comp.</span> <span class='ocrx_word' id='word_1_178' title='bbox 1205 2893 1335 2956; x_wconf 83' lang='lat' dir='ltr'>Aug.</span> <span class='ocrx_word' id='word_1_179' title='bbox 1367 2892 1424 2940; x_wconf 77' lang='lat' dir='ltr'>in</span> <span class='ocrx_word' id='word_1_180' title='bbox 1447 2893 1532 2940; x_wconf 82' lang='lat' dir='ltr'>Ps.</span> <span class='ocrx_word' id='word_1_181' title='bbox 1565 2905 1688 2952; x_wconf 82' lang='lat'>103:</span> 
     </span>
     <span class='ocr_line' id='line_1_28' title="bbox 536 2975 1690 3039; baseline -0.003 -13"><span class='ocrx_word' id='word_1_182' title='bbox 536 2977 807 3026; x_wconf 85' lang='lat' dir='ltr'>“Christus</span> <span class='ocrx_word' id='word_1_183' title='bbox 837 2977 1249 3026; x_wconf 84' lang='lat' dir='ltr'>mediator...non</span> <span class='ocrx_word' id='word_1_184' title='bbox 1279 2975 1395 3039; x_wconf 85' lang='lat' dir='ltr'>quia</span> <span class='ocrx_word' id='word_1_185' title='bbox 1420 2977 1574 3031; x_wconf 88' lang='lat' dir='ltr'>Deus,</span> <span class='ocrx_word' id='word_1_186' title='bbox 1600 2975 1690 3024; x_wconf 85' lang='lat' dir='ltr'>sed</span> 
     </span>
     <span class='ocr_line' id='line_1_29' title="bbox 530 3055 1689 3122; baseline -0.003 -15"><span class='ocrx_word' id='word_1_187' title='bbox 530 3058 649 3122; x_wconf 85' lang='lat' dir='ltr'>quia</span> <span class='ocrx_word' id='word_1_188' title='bbox 691 3055 912 3113; x_wconf 80' lang='lat' dir='ltr'>homo&#39;’;</span> <span class='ocrx_word' id='word_1_189' title='bbox 969 3064 1113 3105; x_wconf 77' lang='lat' dir='ltr'>tract.</span> <span class='ocrx_word' id='word_1_190' title='bbox 1164 3058 1221 3104; x_wconf 77' lang='lat' dir='ltr'>in</span> <span class='ocrx_word' id='word_1_191' title='bbox 1264 3058 1316 3105; x_wconf 88' lang='lat' dir='ltr'>S.</span> <span class='ocrx_word' id='word_1_192' title='bbox 1362 3057 1553 3119; x_wconf 81' lang='lat' dir='ltr'>Joann.</span> <span class='ocrx_word' id='word_1_193' title='bbox 1594 3068 1689 3117; x_wconf 81' lang='lat'>72:</span> 
     </span>
     <span class='ocr_line' id='line_1_30' title="bbox 540 3138 1689 3203; baseline -0.002 -15"><span class='ocrx_word' id='word_1_194' title='bbox 540 3140 1003 3188; x_wconf 84' lang='lat' dir='ltr'>“mediator...non</span> <span class='ocrx_word' id='word_1_195' title='bbox 1038 3138 1089 3187; x_wconf 88' lang='lat' dir='ltr'>in</span> <span class='ocrx_word' id='word_1_196' title='bbox 1129 3145 1371 3203; x_wconf 85' lang='lat' dir='ltr'>quantum</span> <span class='ocrx_word' id='word_1_197' title='bbox 1408 3139 1561 3197; x_wconf 73' lang='lat' dir='ltr'>DeuS,</span> <span class='ocrx_word' id='word_1_198' title='bbox 1602 3138 1689 3186; x_wconf 88' lang='lat' dir='ltr'>sed</span> 
     </span>
     <span class='ocr_line' id='line_1_31' title="bbox 532 3215 1693 3284; baseline -0.003 -15"><span class='ocrx_word' id='word_1_199' title='bbox 532 3221 585 3269; x_wconf 90' lang='lat' dir='ltr'>in</span> <span class='ocrx_word' id='word_1_200' title='bbox 628 3227 868 3284; x_wconf 87' lang='lat' dir='ltr'>quantum</span> <span class='ocrx_word' id='word_1_201' title='bbox 911 3219 1066 3268; x_wconf 88' lang='lat' dir='ltr'>homo</span> <span class='ocrx_word' id='word_1_202' title='bbox 1111 3227 1185 3268; x_wconf 90' lang='lat' dir='ltr'>est</span> <span class='ocrx_word' id='word_1_203' title='bbox 1231 3218 1456 3268; x_wconf 85' lang='lat' dir='ltr'>Christus</span> <span class='ocrx_word' id='word_1_204' title='bbox 1501 3215 1693 3268; x_wconf 84' lang='lat' dir='ltr'>Iesus.”</span> 
     </span>
     <span class='ocr_line' id='line_1_32' title="bbox 533 3299 1695 3364; baseline -0.001 -14"><span class='ocrx_word' id='word_1_205' title='bbox 533 3301 653 3356; x_wconf 67' lang='lat' dir='ltr'>Th„</span> <span class='ocrx_word' id='word_1_206' title='bbox 685 3301 931 3360; x_wconf 83' lang='lat' dir='ltr'>however,</span> <span class='ocrx_word' id='word_1_207' title='bbox 968 3299 1020 3348; x_wconf 89' lang='lat' dir='ltr'>in</span> <span class='ocrx_word' id='word_1_208' title='bbox 1054 3300 1131 3348; x_wconf 87' lang='lat' dir='ltr'>his</span> <span class='ocrx_word' id='word_1_209' title='bbox 1166 3316 1425 3364; x_wconf 74' lang='lat' dir='ltr'>engerness</span> <span class='ocrx_word' id='word_1_210' title='bbox 1458 3307 1511 3348; x_wconf 92' lang='lat' dir='ltr'>to</span> <span class='ocrx_word' id='word_1_211' title='bbox 1545 3300 1695 3349; x_wconf 82' lang='lat' dir='ltr'>make</span> 
     </span>
     <span class='ocr_line' id='line_1_33' title="bbox 535 3381 1691 3446; baseline -0.003 -14"><span class='ocrx_word' id='word_1_212' title='bbox 535 3383 620 3432; x_wconf 90' lang='lat' dir='ltr'>the</span> <span class='ocrx_word' id='word_1_213' title='bbox 638 3389 768 3430; x_wconf 90' lang='lat' dir='ltr'>most</span> <span class='ocrx_word' id='word_1_214' title='bbox 787 3381 846 3430; x_wconf 80' lang='lat' dir='ltr'>of</span> <span class='ocrx_word' id='word_1_215' title='bbox 855 3398 885 3431; x_wconf 89' lang='lat' dir='ltr'>a</span> <span class='ocrx_word' id='word_1_216' title='bbox 910 3397 1118 3446; x_wconf 81' lang='lat' dir='ltr'>passage</span> <span class='ocrx_word' id='word_1_217' title='bbox 1141 3381 1304 3430; x_wconf 86' lang='lat' dir='ltr'>which</span> <span class='ocrx_word' id='word_1_218' title='bbox 1329 3392 1507 3431; x_wconf 83' lang='lat' dir='ltr'>asserts</span> <span class='ocrx_word' id='word_1_219' title='bbox 1530 3398 1586 3431; x_wconf 90' lang='lat' dir='ltr'>so</span> <span class='ocrx_word' id='word_1_220' title='bbox 1610 3398 1691 3430; x_wconf 86' lang='lat' dir='ltr'>ex-</span> 
     </span>
     <span class='ocr_line' id='line_1_34' title="bbox 535 3463 1688 3528; baseline -0.001 -15"><span class='ocrx_word' id='word_1_221' title='bbox 535 3465 725 3528; x_wconf 88' lang='lat' dir='ltr'>pressly</span> <span class='ocrx_word' id='word_1_222' title='bbox 748 3464 832 3512; x_wconf 90' lang='lat' dir='ltr'>the</span> <span class='ocrx_word' id='word_1_223' title='bbox 850 3463 1035 3528; x_wconf 79' lang='lat' dir='ltr'>perfect</span> <span class='ocrx_word' id='word_1_224' title='bbox 1061 3463 1319 3527; x_wconf 86' lang='lat' dir='ltr'>humanity</span> <span class='ocrx_word' id='word_1_225' title='bbox 1335 3463 1392 3511; x_wconf 82' lang='lat' dir='ltr'>os</span> <span class='ocrx_word' id='word_1_226' title='bbox 1411 3465 1516 3514; x_wconf 88' lang='lat' dir='ltr'>Our</span> <span class='ocrx_word' id='word_1_227' title='bbox 1537 3465 1688 3524; x_wconf 88' lang='lat' dir='ltr'>Lord‚</span> 
     </span>
     <span class='ocr_line' id='line_1_35' title="bbox 534 3543 1695 3594; baseline -0.001 -1"><span class='ocrx_word' id='word_1_228' title='bbox 534 3546 626 3594; x_wconf 90' lang='lat' dir='ltr'>has</span> <span class='ocrx_word' id='word_1_229' title='bbox 670 3543 974 3594; x_wconf 83' lang='lat' dir='ltr'>overlooked</span> <span class='ocrx_word' id='word_1_230' title='bbox 1024 3543 1110 3591; x_wconf 90' lang='lat' dir='ltr'>the</span> <span class='ocrx_word' id='word_1_231' title='bbox 1154 3546 1355 3592; x_wconf 86' lang='lat' dir='ltr'>witness</span> <span class='ocrx_word' id='word_1_232' title='bbox 1400 3544 1562 3592; x_wconf 85' lang='lat' dir='ltr'>which</span> <span class='ocrx_word' id='word_1_233' title='bbox 1609 3544 1695 3592; x_wconf 86' lang='lat' dir='ltr'>the</span> 
     </span>
     <span class='ocr_line' id='line_1_36' title="bbox 536 3624 1695 3684; baseline -0.001 -10"><span class='ocrx_word' id='word_1_234' title='bbox 536 3635 661 3675; x_wconf 85' lang='lat' dir='ltr'>term</span> <span class='ocrx_word' id='word_1_235' title='bbox 695 3626 895 3684; x_wconf 81' lang='grc' dir='ltr'>μεσίτης</span> <span class='ocrx_word' id='word_1_236' title='bbox 928 3625 1071 3672; x_wconf 87' lang='lat' dir='ltr'>bears</span> <span class='ocrx_word' id='word_1_237' title='bbox 1104 3630 1157 3671; x_wconf 91' lang='lat' dir='ltr'>to</span> <span class='ocrx_word' id='word_1_238' title='bbox 1194 3624 1292 3672; x_wconf 87' lang='lat' dir='ltr'>His</span> <span class='ocrx_word' id='word_1_239' title='bbox 1326 3632 1427 3672; x_wconf 87' lang='lat' dir='ltr'>two</span> <span class='ocrx_word' id='word_1_240' title='bbox 1466 3633 1695 3683; x_wconf 87' lang='lat' dir='ltr'>natures;</span> 
     </span>
     <span class='ocr_line' id='line_1_37' title="bbox 536 3704 1705 3769; baseline -0.003 -11"><span class='ocrx_word' id='word_1_241' title='bbox 536 3714 756 3758; x_wconf 84' lang='lat' dir='ltr'>contrast</span> <span class='ocrx_word' id='word_1_242' title='bbox 779 3707 900 3756; x_wconf 85' lang='lat' dir='ltr'>with</span> <span class='ocrx_word' id='word_1_243' title='bbox 935 3704 1012 3754; x_wconf 87' lang='lat' dir='ltr'>his</span> <span class='ocrx_word' id='word_1_244' title='bbox 1045 3705 1306 3753; x_wconf 88' lang='lat' dir='ltr'>one-sided</span> <span class='ocrx_word' id='word_1_245' title='bbox 1338 3707 1618 3769; x_wconf 85' lang='lat' dir='ltr'>exposition</span> <span class='ocrx_word' id='word_1_246' title='bbox 1646 3706 1705 3755; x_wconf 87' lang='lat' dir='ltr'>of</span> 
     </span>
     <span class='ocr_line' id='line_1_38' title="bbox 538 3788 1700 3849; baseline -0.001 -10"><span class='ocrx_word' id='word_1_247' title='bbox 538 3792 603 3841; x_wconf 74' lang='grc' dir='ltr'>εἶς</span> <span class='ocrx_word' id='word_1_248' title='bbox 649 3793 727 3841; x_wconf 83' lang='grc' dir='ltr'>καὶ</span> <span class='ocrx_word' id='word_1_249' title='bbox 781 3789 1291 3849; x_wconf 72' lang='grc' dir='ltr'>μεσίτης...ἄνθρωπος</span> <span class='ocrx_word' id='word_1_250' title='bbox 1344 3788 1429 3837; x_wconf 87' lang='lat' dir='ltr'>the</span> <span class='ocrx_word' id='word_1_251' title='bbox 1483 3790 1700 3838; x_wconf 86' lang='lat' dir='ltr'>sounder</span> 
     </span>
     <span class='ocr_line' id='line_1_39' title="bbox 538 3865 1699 3934; baseline -0.004 -14"><span class='ocrx_word' id='word_1_252' title='bbox 538 3871 819 3934; x_wconf 87' lang='lat' dir='ltr'>exposition</span> <span class='ocrx_word' id='word_1_253' title='bbox 854 3871 912 3919; x_wconf 83' lang='lat' dir='ltr'>os</span> <span class='ocrx_word' id='word_1_254' title='bbox 940 3871 1176 3919; x_wconf 84' lang='lat' dir='ltr'>Irenaeus</span> <span class='ocrx_word' id='word_1_255' title='bbox 1211 3866 1299 3932; x_wconf 90' lang='lat' dir='ltr'>(iii.</span> <span class='ocrx_word' id='word_1_256' title='bbox 1340 3871 1412 3918; x_wconf 86' lang='lat'>18.</span> <span class='ocrx_word' id='word_1_257' title='bbox 1438 3870 1464 3926; x_wconf 66' lang='grc' dir='ltr'><strong>ἓ</strong></span> <span class='ocrx_word' id='word_1_258' title='bbox 1489 3865 1566 3931; x_wconf 80' lang='lat'>7):</span> <span class='ocrx_word' id='word_1_259' title='bbox 1600 3869 1699 3916; x_wconf 80' lang='grc' dir='ltr'>ἔδει</span> 
     </span>
     <span class='ocr_line' id='line_1_40' title="bbox 538 3947 1700 4013; baseline -0.002 -14"><span class='ocrx_word' id='word_1_260' title='bbox 538 3954 636 4013; x_wconf 78' lang='grc' dir='ltr'>γὰρ</span> <span class='ocrx_word' id='word_1_261' title='bbox 667 3955 749 4000; x_wconf 87' lang='grc' dir='ltr'>τὸν</span> <span class='ocrx_word' id='word_1_262' title='bbox 781 3955 986 4011; x_wconf 79' lang='grc' dir='ltr'>μεσίτην</span> <span class='ocrx_word' id='word_1_263' title='bbox 1019 3953 1129 3999; x_wconf 81' lang='grc' dir='ltr'>θεοῦ</span> <span class='ocrx_word' id='word_1_264' title='bbox 1150 3968 1204 3998; x_wconf 86' lang='grc' dir='ltr'>τε</span> <span class='ocrx_word' id='word_1_265' title='bbox 1228 3952 1309 3998; x_wconf 79' lang='grc' dir='ltr'>καὶ</span> <span class='ocrx_word' id='word_1_266' title='bbox 1332 3947 1595 4011; x_wconf 79' lang='grc' dir='ltr'>ἀνθρώπων</span> <span class='ocrx_word' id='word_1_267' title='bbox 1619 3951 1700 3998; x_wconf 76' lang='grc' dir='ltr'>διὰ</span> 
     </span>
     <span class='ocr_line' id='line_1_41' title="bbox 540 4030 1701 4094; baseline -0.003 -13"><span class='ocrx_word' id='word_1_268' title='bbox 540 4035 625 4091; x_wconf 80' lang='grc' dir='ltr'>τῆς</span> <span class='ocrx_word' id='word_1_269' title='bbox 650 4034 770 4082; x_wconf 79' lang='grc' dir='ltr'>ἰδίας</span> <span class='ocrx_word' id='word_1_270' title='bbox 793 4030 933 4094; x_wconf 74' lang='grc' dir='ltr'>πρὸς</span> <span class='ocrx_word' id='word_1_271' title='bbox 967 4032 1277 4093; x_wconf 79' lang='grc' dir='ltr'>ἑκατέρους</span> <span class='ocrx_word' id='word_1_272' title='bbox 1311 4031 1601 4089; x_wconf 73' lang='grc' dir='ltr'>οἰκειότητος</span> <span class='ocrx_word' id='word_1_273' title='bbox 1637 4032 1701 4078; x_wconf 76' lang='grc' dir='ltr'>εἰς</span> 
     </span>
     <span class='ocr_line' id='line_1_42' title="bbox 543 4110 1698 4175; baseline -0.002 -13"><span class='ocrx_word' id='word_1_274' title='bbox 543 4115 710 4175; x_wconf 85' lang='grc' dir='ltr'>φιλίαν</span> <span class='ocrx_word' id='word_1_275' title='bbox 736 4117 814 4161; x_wconf 75' lang='grc' dir='ltr'>καὶ</span> <span class='ocrx_word' id='word_1_276' title='bbox 838 4115 1058 4168; x_wconf 83' lang='grc' dir='ltr'>ὁμόνοιαν</span> <span class='ocrx_word' id='word_1_277' title='bbox 1082 4116 1189 4162; x_wconf 79' lang='grc' dir='ltr'>τοὺς</span> <span class='ocrx_word' id='word_1_278' title='bbox 1223 4110 1523 4172; x_wconf 70' lang='grc' dir='ltr'>ἀμφοτέρους</span> <span class='ocrx_word' id='word_1_279' title='bbox 1556 4128 1698 4160; x_wconf 85' lang='grc' dir='ltr'>συνα-</span> 
     </span>
     <span class='ocr_line' id='line_1_43' title="bbox 542 4194 1693 4258; baseline 0 -15"><span class='ocrx_word' id='word_1_280' title='bbox 542 4197 739 4257; x_wconf 74' lang='grc' dir='ltr'>’γωγεῒντ</span> <span class='ocrx_word' id='word_1_281' title='bbox 776 4194 876 4243; x_wconf 85' lang='lat' dir='ltr'>and</span> <span class='ocrx_word' id='word_1_282' title='bbox 911 4195 995 4243; x_wconf 90' lang='lat' dir='ltr'>the</span> <span class='ocrx_word' id='word_1_283' title='bbox 1029 4195 1271 4258; x_wconf 79' lang='lat' dir='ltr'>fragment</span> <span class='ocrx_word' id='word_1_284' title='bbox 1306 4195 1529 4243; x_wconf 79' lang='lat' dir='ltr'>ascribed</span> <span class='ocrx_word' id='word_1_285' title='bbox 1564 4203 1615 4243; x_wconf 91' lang='lat' dir='ltr'>to</span> <span class='ocrx_word' id='word_1_286' title='bbox 1641 4196 1693 4244; x_wconf 92' lang='lat' dir='ltr'>S.</span> 
     </span>
     <span class='ocr_line' id='line_1_44' title="bbox 548 4275 1704 4340; baseline -0.002 -13"><span class='ocrx_word' id='word_1_287' title='bbox 548 4278 729 4339; x_wconf 86' lang='lat' dir='ltr'>Hilary</span> <span class='ocrx_word' id='word_1_288' title='bbox 750 4275 943 4340; x_wconf 88' lang='lat' dir='ltr'>(Migne</span> <span class='ocrx_word' id='word_1_289' title='bbox 962 4277 1020 4324; x_wconf 82' lang='lat' dir='ltr'>P.</span> <span class='ocrx_word' id='word_1_290' title='bbox 1045 4277 1108 4324; x_wconf 91' lang='lat' dir='ltr'>L.</span> <span class='ocrx_word' id='word_1_291' title='bbox 1131 4291 1204 4332; x_wconf 87' lang='lat'>10,</span> <span class='ocrx_word' id='word_1_292' title='bbox 1229 4275 1368 4339; x_wconf 81' lang='lat'><strong>724):</strong></span> <span class='ocrx_word' id='word_1_293' title='bbox 1411 4277 1539 4325; x_wconf 91' lang='lat' dir='ltr'>“ubi</span> <span class='ocrx_word' id='word_1_294' title='bbox 1563 4277 1704 4326; x_wconf 79' lang='lat' dir='ltr'>homo</span> 
     </span>
     <span class='ocr_line' id='line_1_45' title="bbox 552 4358 1707 4422; baseline -0.002 -14"><span class='ocrx_word' id='word_1_295' title='bbox 552 4359 784 4408; x_wconf 76' lang='lat' dir='ltr'>Christus</span> <span class='ocrx_word' id='word_1_296' title='bbox 806 4365 894 4417; x_wconf 84' lang='lat' dir='ltr'>est,</span> <span class='ocrx_word' id='word_1_297' title='bbox 918 4358 1169 4422; x_wconf 82' lang='lat' dir='ltr'>praecedit</span> <span class='ocrx_word' id='word_1_298' title='bbox 1194 4359 1431 4406; x_wconf 78' lang='lat' dir='ltr'>mediator</span> <span class='ocrx_word' id='word_1_299' title='bbox 1440 4359 1544 4406; x_wconf 80' lang='lat' dir='ltr'>Dei</span> <span class='ocrx_word' id='word_1_300' title='bbox 1560 4365 1707 4421; x_wconf 79' lang='lat' dir='ltr'>atque</span> 
     </span>
     <span class='ocr_line' id='line_1_46' title="bbox 548 4440 1704 4503; baseline -0.001 -13"><span class='ocrx_word' id='word_1_301' title='bbox 548 4443 823 4499; x_wconf 81' lang='lat' dir='ltr'>hominum,</span> <span class='ocrx_word' id='word_1_302' title='bbox 857 4449 909 4488; x_wconf 88' lang='lat' dir='ltr'>ut</span> <span class='ocrx_word' id='word_1_303' title='bbox 943 4456 1010 4489; x_wconf 87' lang='lat' dir='ltr'>ex</span> <span class='ocrx_word' id='word_1_304' title='bbox 1045 4450 1319 4503; x_wconf 88' lang='lat' dir='ltr'>utroque,</span> <span class='ocrx_word' id='word_1_305' title='bbox 1356 4440 1483 4487; x_wconf 81' lang='lat' dir='ltr'>Deo</span> <span class='ocrx_word' id='word_1_306' title='bbox 1516 4449 1571 4489; x_wconf 90' lang='lat' dir='ltr'>et</span> <span class='ocrx_word' id='word_1_307' title='bbox 1607 4441 1704 4489; x_wconf 85' lang='lat' dir='ltr'>ho·</span> 
     </span>
     <span class='ocr_line' id='line_1_47' title="bbox 550 4518 1707 4583; baseline -0.005 -9"><span class='ocrx_word' id='word_1_308' title='bbox 550 4523 724 4578; x_wconf 86' lang='lat' dir='ltr'>mine,</span> <span class='ocrx_word' id='word_1_309' title='bbox 787 4536 936 4570; x_wconf 90' lang='lat' dir='ltr'>unus</span> <span class='ocrx_word' id='word_1_310' title='bbox 993 4520 1304 4576; x_wconf 86' lang='lat' dir='ltr'>subsistat,</span> <span class='ocrx_word' id='word_1_311' title='bbox 1362 4518 1523 4583; x_wconf 85' lang='lat' dir='ltr'>sitque</span> <span class='ocrx_word' id='word_1_312' title='bbox 1577 4521 1707 4570; x_wconf 84' lang='lat' dir='ltr'>inter</span> 
     </span>
    </p>
   </div>
   <div class='ocr_carea' id='block_1_17' title="bbox 1569 2504 2155 2572">
    <p class='ocr_par' dir='ltr' id='par_1_17' title="bbox 1569 2504 2155 2572">
     <span class='ocr_line' id='line_1_48' title="bbox 1569 2504 2155 2572; baseline -0.005 -16"><span class='ocrx_word' id='word_1_313' title='bbox 1569 2522 1627 2571; x_wconf 81' lang='lat'>13</span> <span class='ocrx_word' id='word_1_314' title='bbox 1661 2523 1764 2572; x_wconf 86' lang='lat' dir='ltr'>que</span> <span class='ocrx_word' id='word_1_315' title='bbox 1783 2506 1898 2572; x_wconf 85' lang='lat' dir='ltr'>(sor</span> <span class='ocrx_word' id='word_1_316' title='bbox 1918 2506 2023 2571; x_wconf 81' lang='lat' dir='ltr'>qui)</span> <span class='ocrx_word' id='word_1_317' title='bbox 2049 2504 2155 2554; x_wconf 67' lang='lat' dir='ltr'>H‘</span> 
     </span>
    </p>
   </div>
   <div class='ocr_carea' id='block_1_18' title="bbox 2030 2338 2960 2570">
    <p class='ocr_par' dir='ltr' id='par_1_18' title="bbox 2030 2338 2960 2570">
     <span class='ocr_line' id='line_1_49' title="bbox 2030 2338 2960 2404; baseline -0.003 -13"><span class='ocrx_word' id='word_1_318' title='bbox 2030 2341 2061 2391; x_wconf 94' lang='lat'><strong>6</strong></span> <span class='ocrx_word' id='word_1_319' title='bbox 2094 2350 2144 2391; x_wconf 88' lang='lat' dir='ltr'>et</span> <span class='ocrx_word' id='word_1_320' title='bbox 2181 2340 2273 2390; x_wconf 86' lang='lat' dir='ltr'>iste</span> <span class='ocrx_word' id='word_1_321' title='bbox 2308 2348 2384 2390; x_wconf 79' lang='lat' dir='ltr'>est</span> <span class='ocrx_word' id='word_1_322' title='bbox 2419 2338 2484 2404; x_wconf 80' lang='lat' dir='ltr'>r}</span> <span class='ocrx_word' id='word_1_323' title='bbox 2513 2340 2731 2389; x_wconf 80' lang='lat' dir='ltr'>existans</span> <span class='ocrx_word' id='word_1_324' title='bbox 2778 2339 2960 2389; x_wconf 73' lang='lat' dir='ltr'>C*H</span> 
     </span>
     <span class='ocr_line' id='line_1_50' title="bbox 2059 2424 2942 2487; baseline -0.002 -14"><span class='ocrx_word' id='word_1_325' title='bbox 2059 2439 2089 2487; x_wconf 92' lang='lat'>9</span> <span class='ocrx_word' id='word_1_326' title='bbox 2123 2424 2341 2473; x_wconf 85' lang='lat' dir='ltr'>existans</span> <span class='ocrx_word' id='word_1_327' title='bbox 2368 2424 2411 2472; x_wconf 90' lang='lat' dir='ltr'><em>C</em></span> <span class='ocrx_word' id='word_1_328' title='bbox 2429 2424 2498 2472; x_wconf 89' lang='lat' dir='ltr'><em>H</em></span> <span class='ocrx_word' id='word_1_329' title='bbox 2731 2437 2784 2472; x_wconf 88' lang='lat'>11</span> <span class='ocrx_word' id='word_1_330' title='bbox 2824 2438 2942 2472; x_wconf 87' lang='lat' dir='ltr'>con·</span> 
     </span>
     <span class='ocr_line' id='line_1_51' title="bbox 2317 2502 2950 2570; baseline -0.003 -16"><span class='ocrx_word' id='word_1_331' title='bbox 2317 2520 2372 2569; x_wconf 83' lang='lat'>¹5</span> <span class='ocrx_word' id='word_1_332' title='bbox 2409 2507 2542 2553; x_wconf 87' lang='lat' dir='ltr'>enim</span> <span class='ocrx_word' id='word_1_333' title='bbox 2568 2502 2888 2570; x_wconf 75' lang='lat' dir='ltr'>(foramem)</span> <span class='ocrx_word' id='word_1_334' title='bbox 2913 2521 2950 2552; x_wconf 78' lang='lat' dir='ltr'>r</span> 
     </span>
    </p>
   </div>
   <div class='ocr_carea' id='block_1_19' title="bbox 1785 2643 2960 3693">
    <p class='ocr_par' dir='ltr' id='par_1_19' title="bbox 1785 2643 2952 3360">
     <span class='ocr_line' id='line_1_52' title="bbox 1787 2643 2945 2695; baseline -0.001 0"><span class='ocrx_word' id='word_1_335' title='bbox 1787 2646 2043 2695; x_wconf 86' lang='lat' dir='ltr'>hominem</span> <span class='ocrx_word' id='word_1_336' title='bbox 2067 2653 2116 2695; x_wconf 90' lang='lat' dir='ltr'>et</span> <span class='ocrx_word' id='word_1_337' title='bbox 2141 2646 2307 2694; x_wconf 83' lang='lat' dir='ltr'>Deum</span> <span class='ocrx_word' id='word_1_338' title='bbox 2329 2645 2523 2694; x_wconf 87' lang='lat' dir='ltr'>medius</span> <span class='ocrx_word' id='word_1_339' title='bbox 2551 2643 2862 2695; x_wconf 83' lang='lat' dir='ltr'>consessione</span> <span class='ocrx_word' id='word_1_340' title='bbox 2890 2645 2945 2694; x_wconf 85' lang='lat' dir='ltr'>in</span> 
     </span>
     <span class='ocr_line' id='line_1_53' title="bbox 1786 2724 2941 2791; baseline -0.001 -15"><span class='ocrx_word' id='word_1_341' title='bbox 1786 2742 1840 2777; x_wconf 87' lang='lat' dir='ltr'>se</span> <span class='ocrx_word' id='word_1_342' title='bbox 1872 2727 2125 2791; x_wconf 88' lang='lat' dir='ltr'>utriusque</span> <span class='ocrx_word' id='word_1_343' title='bbox 2159 2724 2417 2776; x_wconf 79' lang='lat' dir='ltr'>naturae.”</span> <span class='ocrx_word' id='word_1_344' title='bbox 2484 2727 2655 2788; x_wconf 88' lang='lat' dir='ltr'>Thdt.,</span> <span class='ocrx_word' id='word_1_345' title='bbox 2694 2743 2748 2776; x_wconf 81' lang='lat' dir='ltr'>as</span> <span class='ocrx_word' id='word_1_346' title='bbox 2780 2728 2941 2788; x_wconf 73' lang='lat' dir='ltr'>usual,</span> 
     </span>
     <span class='ocr_line' id='line_1_54' title="bbox 1785 2806 2947 2872; baseline -0.002 -14"><span class='ocrx_word' id='word_1_347' title='bbox 1785 2807 2028 2872; x_wconf 81' lang='lat' dir='ltr'>readjusts</span> <span class='ocrx_word' id='word_1_348' title='bbox 2061 2806 2202 2856; x_wconf 85' lang='lat' dir='ltr'>Th.’s</span> <span class='ocrx_word' id='word_1_349' title='bbox 2236 2816 2503 2865; x_wconf 85' lang='lat' dir='ltr'>comment,</span> <span class='ocrx_word' id='word_1_350' title='bbox 2531 2808 2632 2856; x_wconf 85' lang='lat' dir='ltr'>and</span> <span class='ocrx_word' id='word_1_351' title='bbox 2667 2809 2792 2856; x_wconf 84' lang='lat' dir='ltr'>adds</span> <span class='ocrx_word' id='word_1_352' title='bbox 2822 2815 2875 2857; x_wconf 90' lang='lat' dir='ltr'>to</span> <span class='ocrx_word' id='word_1_353' title='bbox 2906 2808 2947 2856; x_wconf 92' lang='lat' dir='ltr'>it</span> 
     </span>
     <span class='ocr_line' id='line_1_55' title="bbox 1786 2888 2952 2954; baseline -0.002 -16"><span class='ocrx_word' id='word_1_354' title='bbox 1786 2890 1921 2938; x_wconf 85' lang='lat' dir='ltr'>what</span> <span class='ocrx_word' id='word_1_355' title='bbox 1966 2905 2069 2938; x_wconf 86' lang='lat' dir='ltr'>was</span> <span class='ocrx_word' id='word_1_356' title='bbox 2111 2889 2363 2954; x_wconf 76' lang='lat' dir='ltr'>wanting:</span> <span class='ocrx_word' id='word_1_357' title='bbox 2417 2891 2723 2952; x_wconf 70' lang='grc' dir='ltr'>ἄνθρωπον</span> <span class='ocrx_word' id='word_1_358' title='bbox 2768 2890 2819 2937; x_wconf 76' lang='grc' dir='ltr'>δὲ</span> <span class='ocrx_word' id='word_1_359' title='bbox 2863 2888 2952 2936; x_wconf 76' lang='grc' dir='ltr'>τὸν</span> 
     </span>
     <span class='ocr_line' id='line_1_56' title="bbox 1788 2968 2947 3033; baseline 0.001 -15"><span class='ocrx_word' id='word_1_360' title='bbox 1788 2969 1999 3033; x_wconf 79' lang='grc' dir='ltr'>Χριστὸν</span> <span class='ocrx_word' id='word_1_361' title='bbox 2027 2968 2287 3030; x_wconf 80' lang='grc' dir='ltr'>ὠνόμασεν,</span> <span class='ocrx_word' id='word_1_362' title='bbox 2312 2970 2480 3031; x_wconf 76' lang='grc' dir='ltr'>ἐπειδὴ</span> <span class='ocrx_word' id='word_1_363' title='bbox 2507 2972 2755 3031; x_wconf 82' lang='grc' dir='ltr'>μεσίτην</span> <span class='ocrx_word' id='word_1_364' title='bbox 2778 2973 2947 3020; x_wconf 71' lang='grc' dir='ltr'>ἐκάλε-</span> 
     </span>
     <span class='ocr_line' id='line_1_57' title="bbox 1786 3051 2943 3117; baseline 0.001 -14"><span class='ocrx_word' id='word_1_365' title='bbox 1786 3067 1891 3103; x_wconf 87' lang='grc' dir='ltr'>σεν·</span> <span class='ocrx_word' id='word_1_366' title='bbox 1916 3051 2287 3115; x_wconf 79' lang='grc' dir='ltr'>ἐνανθρωπῆσας</span> <span class='ocrx_word' id='word_1_367' title='bbox 2309 3057 2409 3117; x_wconf 73' lang='grc' dir='ltr'>’γὰρ</span> <span class='ocrx_word' id='word_1_368' title='bbox 2429 3055 2744 3112; x_wconf 79' lang='grc' dir='ltr'>ἐμεσίτευσεν.</span> <span class='ocrx_word' id='word_1_369' title='bbox 2799 3055 2943 3104; x_wconf 78' lang='grc' dir='ltr'>καὶ...</span> 
     </span>
     <span class='ocr_line' id='line_1_58' title="bbox 1788 3134 2951 3200; baseline -0.001 -14"><span class='ocrx_word' id='word_1_370' title='bbox 1788 3136 1858 3198; x_wconf 80' lang='grc' dir='ltr'>τῇ</span> <span class='ocrx_word' id='word_1_371' title='bbox 1896 3138 2024 3198; x_wconf 74' lang='grc' dir='ltr'>θείᾳ</span> <span class='ocrx_word' id='word_1_372' title='bbox 2057 3139 2229 3198; x_wconf 83' lang='grc' dir='ltr'>φύσει</span> <span class='ocrx_word' id='word_1_373' title='bbox 2268 3135 2372 3197; x_wconf 85' lang='grc' dir='ltr'>τὴν</span> <span class='ocrx_word' id='word_1_374' title='bbox 2412 3134 2785 3200; x_wconf 70' lang='grc' dir='ltr'>ἀνθρωπείαν</span> <span class='ocrx_word' id='word_1_375' title='bbox 2823 3134 2951 3186; x_wconf 59' lang='lat' dir='ltr'>erch-</span> 
     </span>
     <span class='ocr_line' id='line_1_59' title="bbox 1789 3216 2952 3283; baseline 0.002 -16"><span class='ocrx_word' id='word_1_376' title='bbox 1789 3235 1862 3268; x_wconf 89' lang='grc' dir='ltr'>σα</span> <span class='ocrx_word' id='word_1_377' title='bbox 1873 3235 1908 3279; x_wconf 76' lang='grc' dir='ltr'>ς,</span> <span class='ocrx_word' id='word_1_378' title='bbox 1936 3216 2176 3280; x_wconf 84' lang='grc' dir='ltr'>α’κήρατον</span> <span class='ocrx_word' id='word_1_379' title='bbox 2198 3221 2276 3267; x_wconf 78' lang='grc' dir='ltr'>καὶ</span> <span class='ocrx_word' id='word_1_380' title='bbox 2299 3218 2553 3268; x_wconf 68' lang='grc' dir='ltr'>ἀδιάλυτον</span> <span class='ocrx_word' id='word_1_381' title='bbox 2566 3218 2751 3282; x_wconf 75' lang='grc' dir='ltr'>εἰρήνην</span> <span class='ocrx_word' id='word_1_382' title='bbox 2761 3222 2952 3283; x_wconf 76' lang='grc' dir='ltr'>ἐπραγ-</span> 
     </span>
     <span class='ocr_line' id='line_1_60' title="bbox 1787 3303 2080 3360; baseline 0.007 -12"><span class='ocrx_word' id='word_1_383' title='bbox 1787 3303 2080 3360; x_wconf 84' lang='grc' dir='ltr'>ματεύσατο.</span> 
     </span>
    </p>

    <p class='ocr_par' dir='ltr' id='par_1_20' title="bbox 1791 3381 2960 3693">
     <span class='ocr_line' id='line_1_61' title="bbox 1857 3381 2952 3447; baseline 0.003 -18"><span class='ocrx_word' id='word_1_384' title='bbox 1857 3382 1900 3429; x_wconf 89' lang='lat' dir='ltr'><strong>F</strong></span> <span class='ocrx_word' id='word_1_385' title='bbox 1902 3397 1960 3430; x_wconf 91' lang='lat' dir='ltr'>or</span> <span class='ocrx_word' id='word_1_386' title='bbox 1981 3381 2066 3430; x_wconf 88' lang='lat' dir='ltr'>the</span> <span class='ocrx_word' id='word_1_387' title='bbox 2088 3383 2424 3446; x_wconf 85' lang='lat' dir='ltr'>complement</span> <span class='ocrx_word' id='word_1_388' title='bbox 2455 3383 2516 3432; x_wconf 81' lang='lat' dir='ltr'>of</span> <span class='ocrx_word' id='word_1_389' title='bbox 2540 3382 2685 3434; x_wconf 87' lang='lat' dir='ltr'>Th.’s</span> <span class='ocrx_word' id='word_1_390' title='bbox 2717 3383 2952 3447; x_wconf 88' lang='lat' dir='ltr'>teaching</span> 
     </span>
     <span class='ocr_line' id='line_1_62' title="bbox 1791 3463 2949 3527; baseline 0.003 -15"><span class='ocrx_word' id='word_1_391' title='bbox 1791 3479 1857 3512; x_wconf 94' lang='lat' dir='ltr'>on</span> <span class='ocrx_word' id='word_1_392' title='bbox 1893 3463 1991 3512; x_wconf 91' lang='lat' dir='ltr'>this</span> <span class='ocrx_word' id='word_1_393' title='bbox 2024 3463 2232 3527; x_wconf 87' lang='lat' dir='ltr'>subject,</span> <span class='ocrx_word' id='word_1_394' title='bbox 2258 3480 2340 3513; x_wconf 89' lang='lat' dir='ltr'>see</span> <span class='ocrx_word' id='word_1_395' title='bbox 2373 3465 2551 3524; x_wconf 89' lang='lat' dir='ltr'>below,</span> <span class='ocrx_word' id='word_1_396' title='bbox 2581 3481 2647 3514; x_wconf 91' lang='lat' dir='ltr'>on</span> <span class='ocrx_word' id='word_1_397' title='bbox 2681 3481 2724 3515; x_wconf 90' lang='lat' dir='ltr'>c.</span> <span class='ocrx_word' id='word_1_398' title='bbox 2758 3465 2829 3515; x_wconf 86' lang='lat' dir='ltr'>iii.</span> <span class='ocrx_word' id='word_1_399' title='bbox 2860 3464 2949 3524; x_wconf 71' lang='lat'>163</span> 
     </span>
     <span class='ocr_line' id='line_1_63' title="bbox 1792 3545 2960 3597; baseline 0.002 -4"><span class='ocrx_word' id='word_1_400' title='bbox 1792 3545 1890 3593; x_wconf 83' lang='lat' dir='ltr'>and</span> <span class='ocrx_word' id='word_1_401' title='bbox 1937 3545 2013 3593; x_wconf 89' lang='lat' dir='ltr'>for</span> <span class='ocrx_word' id='word_1_402' title='bbox 2057 3545 2135 3594; x_wconf 90' lang='lat' dir='ltr'>his</span> <span class='ocrx_word' id='word_1_403' title='bbox 2178 3547 2404 3596; x_wconf 87' lang='lat' dir='ltr'>doctrine</span> <span class='ocrx_word' id='word_1_404' title='bbox 2442 3547 2502 3595; x_wconf 81' lang='lat' dir='ltr'>of</span> <span class='ocrx_word' id='word_1_405' title='bbox 2538 3546 2624 3596; x_wconf 88' lang='lat' dir='ltr'>the</span> <span class='ocrx_word' id='word_1_406' title='bbox 2668 3548 2856 3597; x_wconf 85' lang='lat' dir='ltr'>Person</span> <span class='ocrx_word' id='word_1_407' title='bbox 2899 3548 2960 3596; x_wconf 82' lang='lat' dir='ltr'>of</span> 
     </span>
     <span class='ocr_line' id='line_1_64' title="bbox 1795 3627 2948 3693; baseline 0.002 -17"><span class='ocrx_word' id='word_1_408' title='bbox 1795 3627 1979 3684; x_wconf 88' lang='lat' dir='ltr'>Christ,</span> <span class='ocrx_word' id='word_1_409' title='bbox 2004 3628 2067 3676; x_wconf 85' lang='lat' dir='ltr'>cf.</span> <span class='ocrx_word' id='word_1_410' title='bbox 2095 3640 2129 3676; x_wconf 92' lang='lat'>1.</span> <span class='ocrx_word' id='word_1_411' title='bbox 2158 3644 2210 3692; x_wconf 89' lang='lat' dir='ltr'>p.</span> <span class='ocrx_word' id='word_1_412' title='bbox 2235 3629 2386 3678; x_wconf 81' lang='lat' dir='ltr'>lxxxi.</span> <span class='ocrx_word' id='word_1_413' title='bbox 2411 3645 2507 3693; x_wconf 67' lang='lat' dir='ltr'>sq„</span> <span class='ocrx_word' id='word_1_414' title='bbox 2536 3630 2636 3678; x_wconf 84' lang='lat' dir='ltr'>and</span> <span class='ocrx_word' id='word_1_415' title='bbox 2661 3631 2744 3679; x_wconf 87' lang='lat' dir='ltr'>the</span> <span class='ocrx_word' id='word_1_416' title='bbox 2765 3645 2948 3679; x_wconf 86' lang='lat' dir='ltr'>comm.</span> 
     </span>
    </p>
   </div>
   <div class='ocr_carea' id='block_1_20' title="bbox 1791 3708 2951 3851">
    <p class='ocr_par' dir='ltr' id='par_1_21' title="bbox 1791 3708 2951 3851">
     <span class='ocr_line' id='line_1_65' title="bbox 1791 3708 2951 3774; baseline 0.003 -17"><span class='ocrx_word' id='word_1_417' title='bbox 1791 3710 1893 3758; x_wconf 83' lang='lat' dir='ltr'>and</span> <span class='ocrx_word' id='word_1_418' title='bbox 1917 3716 2059 3758; x_wconf 89' lang='lat' dir='ltr'>notes</span> <span class='ocrx_word' id='word_1_419' title='bbox 2081 3725 2148 3758; x_wconf 90' lang='lat' dir='ltr'>on</span> <span class='ocrx_word' id='word_1_420' title='bbox 2173 3710 2304 3774; x_wconf 89' lang='lat' dir='ltr'>Eph.</span> <span class='ocrx_word' id='word_1_421' title='bbox 2331 3711 2364 3759; x_wconf 90' lang='lat' dir='ltr'>i.</span> <span class='ocrx_word' id='word_1_422' title='bbox 2396 3725 2600 3773; x_wconf 79' lang='lat'>10—23‚</span> <span class='ocrx_word' id='word_1_423' title='bbox 2629 3711 2754 3760; x_wconf 82' lang='lat' dir='ltr'>Phil.</span> <span class='ocrx_word' id='word_1_424' title='bbox 2779 3710 2830 3760; x_wconf 89' lang='lat' dir='ltr'>ii.</span> <span class='ocrx_word' id='word_1_425' title='bbox 2853 3708 2951 3760; x_wconf 91' lang='lat'>6—</span> 
     </span>
     <span class='ocr_line' id='line_1_66' title="bbox 1801 3789 2311 3851; baseline 0 -12"><span class='ocrx_word' id='word_1_426' title='bbox 1801 3804 1874 3848; x_wconf 80' lang='lat'>11,</span> <span class='ocrx_word' id='word_1_427' title='bbox 1905 3789 2015 3838; x_wconf 89' lang='lat' dir='ltr'>Col.</span> <span class='ocrx_word' id='word_1_428' title='bbox 2045 3789 2078 3836; x_wconf 91' lang='lat' dir='ltr'>i.</span> <span class='ocrx_word' id='word_1_429' title='bbox 2110 3802 2311 3851; x_wconf 83' lang='lat'>13—20.</span> 
     </span>
    </p>
   </div>
   <div class='ocr_carea' id='block_1_21' title="bbox 1793 3870 2954 4588">
    <p class='ocr_par' dir='ltr' id='par_1_22' title="bbox 1793 3870 2954 4095">
     <span class='ocr_line' id='line_1_67' title="bbox 1861 3870 2952 3934; baseline 0.005 -18"><span class='ocrx_word' id='word_1_430' title='bbox 1861 3884 1908 3934; x_wconf 91' lang='lat'>9.</span> <span class='ocrx_word' id='word_1_431' title='bbox 1978 3870 2322 3918; x_wconf 65' lang='lat' dir='ltr'>uniuersaatis</span> <span class='ocrx_word' id='word_1_432' title='bbox 2346 3878 2474 3934; x_wconf 79' lang='lat' dir='ltr'>pars</span> <span class='ocrx_word' id='word_1_433' title='bbox 2512 3871 2740 3933; x_wconf 65' lang='lat' dir='ltr'>exis-lens]</span> <span class='ocrx_word' id='word_1_434' title='bbox 2818 3871 2952 3921; x_wconf 86' lang='lat' dir='ltr'>‘The</span> 
     </span>
     <span class='ocr_line' id='line_1_68' title="bbox 1793 3951 2954 4015; baseline 0.002 -15"><span class='ocrx_word' id='word_1_435' title='bbox 1793 3958 2038 4014; x_wconf 79' lang='lat' dir='ltr'>susceptus</span> <span class='ocrx_word' id='word_1_436' title='bbox 2074 3952 2215 3999; x_wconf 75' lang='lat' dir='ltr'>homo</span> <span class='ocrx_word' id='word_1_437' title='bbox 2258 3951 2467 4015; x_wconf 85' lang='lat' dir='ltr'>belongs</span> <span class='ocrx_word' id='word_1_438' title='bbox 2506 3961 2559 4002; x_wconf 92' lang='lat' dir='ltr'>to</span> <span class='ocrx_word' id='word_1_439' title='bbox 2599 3953 2684 4002; x_wconf 90' lang='lat' dir='ltr'>the</span> <span class='ocrx_word' id='word_1_440' title='bbox 2725 3956 2954 4002; x_wconf 82' lang='lat' dir='ltr'>universe</span> 
     </span>
     <span class='ocr_line' id='line_1_69' title="bbox 1796 4030 2952 4095; baseline 0.001 -16"><span class='ocrx_word' id='word_1_441' title='bbox 1796 4034 1881 4093; x_wconf 86' lang='grc' dir='ltr'>(τὰ</span> <span class='ocrx_word' id='word_1_442' title='bbox 1902 4030 2033 4091; x_wconf 75' lang='grc' dir='ltr'>ὅλα),</span> <span class='ocrx_word' id='word_1_443' title='bbox 2057 4031 2099 4080; x_wconf 87' lang='lat' dir='ltr'>is</span> <span class='ocrx_word' id='word_1_444' title='bbox 2120 4047 2152 4079; x_wconf 85' lang='lat' dir='ltr'>a</span> <span class='ocrx_word' id='word_1_445' title='bbox 2173 4039 2284 4095; x_wconf 85' lang='lat' dir='ltr'>part</span> <span class='ocrx_word' id='word_1_446' title='bbox 2308 4032 2367 4081; x_wconf 83' lang='lat' dir='ltr'>os</span> <span class='ocrx_word' id='word_1_447' title='bbox 2383 4033 2468 4081; x_wconf 89' lang='lat' dir='ltr'>the</span> <span class='ocrx_word' id='word_1_448' title='bbox 2489 4033 2709 4082; x_wconf 88' lang='lat' dir='ltr'>creation</span> <span class='ocrx_word' id='word_1_449' title='bbox 2728 4033 2786 4082; x_wconf 89' lang='lat' dir='ltr'>of</span> <span class='ocrx_word' id='word_1_450' title='bbox 2802 4033 2952 4084; x_wconf 89' lang='lat' dir='ltr'>God.’</span> 
     </span>
    </p>

    <p class='ocr_par' dir='ltr' id='par_1_23' title="bbox 1797 4116 2954 4424">
     <span class='ocr_line' id='line_1_70' title="bbox 1870 4116 2953 4184; baseline 0.004 -20"><span class='ocrx_word' id='word_1_451' title='bbox 1870 4131 1943 4179; x_wconf 84' lang='lat'>13.</span> <span class='ocrx_word' id='word_1_452' title='bbox 2010 4116 2103 4180; x_wconf 81' lang='lat' dir='ltr'>qui</span> <span class='ocrx_word' id='word_1_453' title='bbox 2120 4116 2168 4164; x_wconf 88' lang='lat' dir='ltr'>d.</span> <span class='ocrx_word' id='word_1_454' title='bbox 2191 4116 2398 4184; x_wconf 53' lang='lat' dir='ltr'>sapsam</span> <span class='ocrx_word' id='word_1_455' title='bbox 2422 4117 2543 4179; x_wconf 65' lang='lat' dir='ltr'>red]</span> <span class='ocrx_word' id='word_1_456' title='bbox 2566 4117 2706 4176; x_wconf 86' lang='lat' dir='ltr'>This,</span> <span class='ocrx_word' id='word_1_457' title='bbox 2726 4118 2888 4167; x_wconf 85' lang='lat' dir='ltr'>which</span> <span class='ocrx_word' id='word_1_458' title='bbox 2914 4118 2953 4168; x_wconf 86' lang='lat' dir='ltr'>is</span> 
     </span>
     <span class='ocr_line' id='line_1_71' title="bbox 1797 4197 2954 4261; baseline 0.002 -14"><span class='ocrx_word' id='word_1_459' title='bbox 1797 4198 1882 4247; x_wconf 87' lang='lat' dir='ltr'>the</span> <span class='ocrx_word' id='word_1_460' title='bbox 1912 4198 2060 4245; x_wconf 86' lang='lat' dir='ltr'>order</span> <span class='ocrx_word' id='word_1_461' title='bbox 2088 4197 2146 4246; x_wconf 90' lang='lat' dir='ltr'>of</span> <span class='ocrx_word' id='word_1_462' title='bbox 2168 4198 2253 4246; x_wconf 90' lang='lat' dir='ltr'>the</span> <span class='ocrx_word' id='word_1_463' title='bbox 2278 4197 2401 4255; x_wconf 64' lang='lat' dir='ltr'>Gk„</span> <span class='ocrx_word' id='word_1_464' title='bbox 2425 4197 2468 4247; x_wconf 89' lang='lat' dir='ltr'>is</span> <span class='ocrx_word' id='word_1_465' title='bbox 2494 4200 2755 4261; x_wconf 85' lang='lat' dir='ltr'>preserved</span> <span class='ocrx_word' id='word_1_466' title='bbox 2787 4199 2838 4248; x_wconf 90' lang='lat' dir='ltr'>in</span> <span class='ocrx_word' id='word_1_467' title='bbox 2871 4199 2954 4249; x_wconf 84' lang='lat' dir='ltr'>the</span> 
     </span>
     <span class='ocr_line' id='line_1_72' title="bbox 1799 4277 2946 4345; baseline 0.003 -18"><span class='ocrx_word' id='word_1_468' title='bbox 1799 4277 1865 4327; x_wconf 92' lang='lat'>0.</span> <span class='ocrx_word' id='word_1_469' title='bbox 1912 4277 2008 4337; x_wconf 88' lang='lat' dir='ltr'>L.;</span> <span class='ocrx_word' id='word_1_470' title='bbox 2043 4278 2128 4327; x_wconf 87' lang='lat' dir='ltr'>the</span> <span class='ocrx_word' id='word_1_471' title='bbox 2173 4277 2325 4342; x_wconf 85' lang='lat' dir='ltr'>Vulg.</span> <span class='ocrx_word' id='word_1_472' title='bbox 2372 4285 2687 4343; x_wconf 85' lang='lat' dir='ltr'>transposes:</span> <span class='ocrx_word' id='word_1_473' title='bbox 2732 4279 2860 4345; x_wconf 89' lang='lat' dir='ltr'>“qui</span> <span class='ocrx_word' id='word_1_474' title='bbox 2898 4281 2946 4331; x_wconf 87' lang='lat' dir='ltr'>d.</span> 
     </span>
     <span class='ocr_line' id='line_1_73' title="bbox 1798 4357 2305 4424; baseline 0.002 -16"><span class='ocrx_word' id='word_1_475' title='bbox 1798 4359 1899 4408; x_wconf 90' lang='lat' dir='ltr'>red.</span> <span class='ocrx_word' id='word_1_476' title='bbox 1930 4357 2305 4424; x_wconf 84' lang='lat' dir='ltr'>semetipsum.&#39;&#39;</span> 
     </span>
    </p>

    <p class='ocr_par' dir='ltr' id='par_1_24' title="bbox 1799 4441 2953 4588">
     <span class='ocr_line' id='line_1_74' title="bbox 1872 4441 2953 4506; baseline 0.006 -18"><span class='ocrx_word' id='word_1_477' title='bbox 1872 4455 1947 4502; x_wconf 85' lang='lat'>15.</span> <span class='ocrx_word' id='word_1_478' title='bbox 2016 4457 2100 4489; x_wconf 81' lang='lat' dir='ltr'>nec</span> <span class='ocrx_word' id='word_1_479' title='bbox 2120 4447 2284 4490; x_wconf 78' lang='lat' dir='ltr'>autem</span> <span class='ocrx_word' id='word_1_480' title='bbox 2300 4449 2400 4505; x_wconf 79' lang='lat' dir='ltr'>pro</span> <span class='ocrx_word' id='word_1_481' title='bbox 2426 4441 2688 4506; x_wconf 83' lang='lat' dir='ltr'>aliquibus,</span> <span class='ocrx_word' id='word_1_482' title='bbox 2714 4441 2825 4504; x_wconf 67' lang='grc' dir='ltr'>δια]</span> <span class='ocrx_word' id='word_1_483' title='bbox 2861 4444 2953 4494; x_wconf 88' lang='lat' dir='ltr'>See</span> 
     </span>
     <span class='ocr_line' id='line_1_75' title="bbox 1799 4522 2953 4588; baseline 0.001 -16"><span class='ocrx_word' id='word_1_484' title='bbox 1799 4522 1945 4588; x_wconf 85' lang='lat' dir='ltr'>again</span> <span class='ocrx_word' id='word_1_485' title='bbox 1986 4524 2157 4574; x_wconf 84' lang='lat' dir='ltr'>Petav.</span> <span class='ocrx_word' id='word_1_486' title='bbox 2193 4523 2253 4573; x_wconf 83' lang='lat' dir='ltr'>de</span> <span class='ocrx_word' id='word_1_487' title='bbox 2283 4524 2494 4572; x_wconf 80' lang='lat' dir='ltr'>Incarn.</span> <span class='ocrx_word' id='word_1_488' title='bbox 2534 4526 2683 4585; x_wconf 73' lang='lat' dir='ltr'><strong>(xllx.</strong></span> <span class='ocrx_word' id='word_1_489' title='bbox 2719 4527 2746 4585; x_wconf 64' lang='grc' dir='ltr'><strong>ξ</strong></span> <span class='ocrx_word' id='word_1_490' title='bbox 2780 4523 2834 4587; x_wconf 87' lang='lat' dir='ltr'>ii)</span> <span class='ocrx_word' id='word_1_491' title='bbox 2880 4524 2953 4573; x_wconf 84' lang='lat' dir='ltr'>sor</span> 
     </span>
    </p>
   </div>
  </div>
 </body>
</html>
