<?xml version="1.0" encoding="UTF-8"?>
<!DOCTYPE html PUBLIC "-//W3C//DTD XHTML 1.0 Transitional//EN"
    "http://www.w3.org/TR/xhtml1/DTD/xhtml1-transitional.dtd">
<html xmlns="http://www.w3.org/1999/xhtml" xml:lang="en" lang="en">
 <head>
  <title>
</title>
<meta http-equiv="Content-Type" content="text/html;charset=utf-8" />
  <meta name='ocr-system' content='tesseract 3.04.00' />
  <meta name='ocr-capabilities' content='ocr_page ocr_carea ocr_par ocr_line ocrx_word'/>
</head>
<body>
  <div class='ocr_page' id='page_1' title='image "./theodoriepiscop02swetgoog_0197.png"; bbox 0 0 3221 5116; ppageno 0'>
   <div class='ocr_carea' id='block_1_1' title="bbox 2423 356 2885 446">
    <p class='ocr_par' dir='ltr' id='par_1_1' title="bbox 2423 356 2885 446">
     <span class='ocr_line' id='line_1_1' title="bbox 2423 356 2885 446; baseline -0.004 -20"><span class='ocrx_word' id='word_1_1' title='bbox 2423 361 2570 446; x_wconf 91' lang='lat' dir='ltr'><strong>[VI.</strong></span> <span class='ocrx_word' id='word_1_2' title='bbox 2597 356 2885 443; x_wconf 75' lang='lat'><strong>‘17—19&#39;.</strong></span> 
     </span>
    </p>
   </div>
   <div class='ocr_carea' id='block_1_2' title="bbox 458 514 2885 735">
    <p class='ocr_par' dir='ltr' id='par_1_2' title="bbox 458 514 2885 735">
     <span class='ocr_line' id='line_1_2' title="bbox 590 514 2885 629; baseline -0.001 -18"><span class='ocrx_word' id='word_1_3' title='bbox 590 548 762 612; x_wconf 91' lang='lat' dir='ltr'><strong>bene</strong></span> <span class='ocrx_word' id='word_1_4' title='bbox 793 546 970 612; x_wconf 86' lang='lat' dir='ltr'>dixit</span> <span class='ocrx_word' id='word_1_5' title='bbox 1002 547 1072 611; x_wconf 85' lang='lat' dir='ltr'><strong>in</strong></span> <span class='ocrx_word' id='word_1_6' title='bbox 1100 514 1499 626; x_wconf 80' lang='lat' dir='ltr'><strong>ltocsaeculo,</strong></span> <span class='ocrx_word' id='word_1_7' title='bbox 1531 556 1608 611; x_wconf 93' lang='lat' dir='ltr'><strong>ut</strong></span> <span class='ocrx_word' id='word_1_8' title='bbox 1639 546 1952 612; x_wconf 86' lang='lat' dir='ltr'><strong>ostendat</strong></span> <span class='ocrx_word' id='word_1_9' title='bbox 1976 547 2155 629; x_wconf 81' lang='lat' dir='ltr'><strong>ipsas</strong></span> <span class='ocrx_word' id='word_1_10' title='bbox 2186 546 2464 610; x_wconf 86' lang='lat' dir='ltr'><strong>diuitias</strong></span> <span class='ocrx_word' id='word_1_11' title='bbox 2478 542 2885 628; x_wconf 86' lang='lat' dir='ltr'><strong>temporales</strong></span> 
     </span>
     <span class='ocr_line' id='line_1_3' title="bbox 458 647 2837 735; baseline -0.003 -19"><span class='ocrx_word' id='word_1_12' title='bbox 458 671 621 729; x_wconf 88' lang='lat' dir='ltr'><strong>esse,</strong></span> <span class='ocrx_word' id='word_1_13' title='bbox 653 670 774 735; x_wconf 90' lang='lat' dir='ltr'><strong>pro</strong></span> <span class='ocrx_word' id='word_1_14' title='bbox 805 651 1047 733; x_wconf 88' lang='lat' dir='ltr'><strong>quibus</strong></span> <span class='ocrx_word' id='word_1_15' title='bbox 1079 650 1186 714; x_wconf 89' lang='lat' dir='ltr'><strong>uel</strong></span> <span class='ocrx_word' id='word_1_16' title='bbox 1219 652 1514 715; x_wconf 85' lang='lat' dir='ltr'>maxime</span> <span class='ocrx_word' id='word_1_17' title='bbox 1546 670 1680 714; x_wconf 89' lang='lat' dir='ltr'><strong>non</strong></span> <span class='ocrx_word' id='word_1_18' title='bbox 1711 650 2152 714; x_wconf 86' lang='lat' dir='ltr'><strong>conueniebat</strong></span> <span class='ocrx_word' id='word_1_19' title='bbox 2183 659 2257 713; x_wconf 93' lang='lat' dir='ltr'><strong>ut</strong></span> <span class='ocrx_word' id='word_1_20' title='bbox 2289 647 2428 712; x_wconf 89' lang='lat' dir='ltr'><strong>alta</strong></span> <span class='ocrx_word' id='word_1_21' title='bbox 2458 655 2790 730; x_wconf 86' lang='lat' dir='ltr'><strong>saperent.</strong></span> <span class='ocrx_word' id='word_1_22' title='bbox 2827 693 2837 698; x_wconf 79' lang='lat'>-</span> 
     </span>
    </p>
   </div>
   <div class='ocr_carea' id='block_1_3' title="bbox 468 366 2226 448">
    <p class='ocr_par' dir='ltr' id='par_1_3' title="bbox 468 366 2226 448">
     <span class='ocr_line' id='line_1_4' title="bbox 468 366 2226 448; baseline -0.001 -19"><span class='ocrx_word' id='word_1_23' title='bbox 468 366 592 431; x_wconf 90' lang='lat'><strong>186</strong></span> <span class='ocrx_word' id='word_1_24' title='bbox 1112 375 1591 448; x_wconf 69' lang='grc' dir='ltr'><strong>ΔΤΠΕοῡοιωε</strong></span> <span class='ocrx_word' id='word_1_25' title='bbox 1639 366 2226 430; x_wconf 77' lang='lat' dir='ltr'><strong>MOPSUESTENUS</strong></span> 
     </span>
    </p>
   </div>
   <div class='ocr_carea' id='block_1_4' title="bbox 591 791 1869 884">
    <p class='ocr_par' dir='ltr' id='par_1_4' title="bbox 591 791 1869 884">
     <span class='ocr_line' id='line_1_5' title="bbox 591 791 1869 884; baseline -0.002 -26"><span class='ocrx_word' id='word_1_26' title='bbox 591 816 783 877; x_wconf 87' lang='lat' dir='ltr'><strong>neque</strong></span> <span class='ocrx_word' id='word_1_27' title='bbox 809 803 1061 884; x_wconf 82' lang='lat' dir='ltr'><strong>sperare</strong></span> <span class='ocrx_word' id='word_1_28' title='bbox 1092 793 1160 856; x_wconf 81' lang='lat' dir='ltr'><strong>in</strong></span> <span class='ocrx_word' id='word_1_29' title='bbox 1195 793 1426 856; x_wconf 81' lang='lat' dir='ltr'><strong>incerto</strong></span> <span class='ocrx_word' id='word_1_30' title='bbox 1453 791 1869 857; x_wconf 81' lang='lat' dir='ltr'><strong>dinitiarum.</strong></span> 
     </span>
    </p>
   </div>
   <div class='ocr_carea' id='block_1_5' title="bbox 352 908 2884 1104">
    <p class='ocr_par' dir='ltr' id='par_1_5' title="bbox 352 908 2884 1104">
     <span class='ocr_line' id='line_1_6' title="bbox 591 908 2884 995; baseline -0.001 -19"><span class='ocrx_word' id='word_1_31' title='bbox 591 922 658 977; x_wconf 91' lang='lat' dir='ltr'><strong>et</strong></span> <span class='ocrx_word' id='word_1_32' title='bbox 716 912 843 976; x_wconf 92' lang='lat' dir='ltr'><strong>hoc</strong></span> <span class='ocrx_word' id='word_1_33' title='bbox 896 913 1103 977; x_wconf 89' lang='lat' dir='ltr'><strong>adicit</strong></span> <span class='ocrx_word' id='word_1_34' title='bbox 1154 921 1229 976; x_wconf 91' lang='lat' dir='ltr'><strong>ut</strong></span> <span class='ocrx_word' id='word_1_35' title='bbox 1281 913 1598 976; x_wconf 86' lang='lat' dir='ltr'><strong>ostendat</strong></span> <span class='ocrx_word' id='word_1_36' title='bbox 1653 913 1970 995; x_wconf 90' lang='lat' dir='ltr'><strong>quoniam</strong></span> <span class='ocrx_word' id='word_1_37' title='bbox 2033 933 2250 994; x_wconf 88' lang='lat' dir='ltr'><strong>neque</strong></span> <span class='ocrx_word' id='word_1_38' title='bbox 2301 911 2371 975; x_wconf 90' lang='lat' dir='ltr'><strong>in</strong></span> <span class='ocrx_word' id='word_1_39' title='bbox 2429 909 2558 974; x_wconf 87' lang='lat' dir='ltr'><strong>hoc</strong></span> <span class='ocrx_word' id='word_1_40' title='bbox 2618 908 2884 975; x_wconf 84' lang='lat' dir='ltr'><strong>saeculo</strong></span> 
     </span>
     <span class='ocr_line' id='line_1_7' title="bbox 352 1011 1750 1104; baseline 0 -23"><span class='ocrx_word' id='word_1_41' title='bbox 352 1013 357 1018; x_wconf 17' lang='grc' dir='ltr'><strong><em>Α</em></strong></span> <span class='ocrx_word' id='word_1_42' title='bbox 399 1020 431 1088; x_wconf 90' lang='grc'>5</span> <span class='ocrx_word' id='word_1_43' title='bbox 461 1011 737 1081; x_wconf 87' lang='lat' dir='ltr'><strong>diuitiae</strong></span> <span class='ocrx_word' id='word_1_44' title='bbox 766 1039 807 1082; x_wconf 89' lang='lat' dir='ltr'><strong>a</strong></span> <span class='ocrx_word' id='word_1_45' title='bbox 838 1018 1157 1082; x_wconf 88' lang='lat' dir='ltr'><strong>diuitibus</strong></span> <span class='ocrx_word' id='word_1_46' title='bbox 1188 1026 1385 1081; x_wconf 90' lang='lat' dir='ltr'><strong>caute</strong></span> <span class='ocrx_word' id='word_1_47' title='bbox 1416 1026 1750 1104; x_wconf 90' lang='lat' dir='ltr'><strong>tenentur.</strong></span> 
     </span>
    </p>
   </div>
   <div class='ocr_carea' id='block_1_6' title="bbox 589 1160 2883 1248">
    <p class='ocr_par' dir='ltr' id='par_1_6' title="bbox 589 1160 2883 1248">
     <span class='ocr_line' id='line_1_8' title="bbox 589 1160 2883 1248; baseline -0.003 -19"><span class='ocrx_word' id='word_1_48' title='bbox 589 1166 705 1229; x_wconf 87' lang='lat' dir='ltr'><strong>sed</strong></span> <span class='ocrx_word' id='word_1_49' title='bbox 728 1165 799 1229; x_wconf 81' lang='lat' dir='ltr'><strong>in</strong></span> <span class='ocrx_word' id='word_1_50' title='bbox 828 1165 966 1228; x_wconf 86' lang='lat' dir='ltr'><strong>Deo</strong></span> <span class='ocrx_word' id='word_1_51' title='bbox 994 1164 1164 1241; x_wconf 79' lang='lat' dir='ltr'><strong>uiue,</strong></span> <span class='ocrx_word' id='word_1_52' title='bbox 1193 1165 1313 1248; x_wconf 82' lang='lat' dir='ltr'><strong>qui</strong></span> <span class='ocrx_word' id='word_1_53' title='bbox 1322 1165 1584 1248; x_wconf 86' lang='lat' dir='ltr'><strong>praebet</strong></span> <span class='ocrx_word' id='word_1_54' title='bbox 1612 1164 1793 1229; x_wconf 84' lang='lat' dir='ltr'><strong>nobis</strong></span> <span class='ocrx_word' id='word_1_55' title='bbox 1821 1163 2042 1228; x_wconf 84' lang='lat' dir='ltr'><strong>omnia</strong></span> <span class='ocrx_word' id='word_1_56' title='bbox 2071 1162 2322 1228; x_wconf 82' lang='lat' dir='ltr'><em>abunde</em></span> <span class='ocrx_word' id='word_1_57' title='bbox 2350 1163 2449 1226; x_wconf 87' lang='lat' dir='ltr'><strong>ad</strong></span> <span class='ocrx_word' id='word_1_58' title='bbox 2454 1160 2883 1245; x_wconf 84' lang='lat' dir='ltr'><strong>fruitionem.</strong></span> 
     </span>
    </p>
   </div>
   <div class='ocr_carea' id='block_1_7' title="bbox 360 1282 2934 2613">
    <p class='ocr_par' dir='ltr' id='par_1_7' title="bbox 593 1282 2882 1371">
     <span class='ocr_line' id='line_1_9' title="bbox 593 1282 2882 1371; baseline -0.002 -22"><span class='ocrx_word' id='word_1_59' title='bbox 593 1285 848 1370; x_wconf 92' lang='lat' dir='ltr'><strong>optime</strong></span> <span class='ocrx_word' id='word_1_60' title='bbox 879 1294 1107 1350; x_wconf 90' lang='lat' dir='ltr'><strong>autem</strong></span> <span class='ocrx_word' id='word_1_61' title='bbox 1141 1288 1367 1371; x_wconf 87' lang='lat' dir='ltr'>posuit</span> <span class='ocrx_word' id='word_1_62' title='bbox 1397 1286 1483 1351; x_wconf 94' lang='lat' dir='ltr'><strong>de</strong></span> <span class='ocrx_word' id='word_1_63' title='bbox 1512 1285 1762 1350; x_wconf 88' lang='lat' dir='ltr'><strong>diuitiis</strong></span> <span class='ocrx_word' id='word_1_64' title='bbox 1795 1283 2280 1369; x_wconf 88' lang='lat' dir='ltr'><strong>temporalibus</strong></span> <span class='ocrx_word' id='word_1_65' title='bbox 2312 1283 2497 1348; x_wconf 90' lang='lat' dir='ltr'><strong>illam</strong></span> <span class='ocrx_word' id='word_1_66' title='bbox 2530 1282 2882 1347; x_wconf 88' lang='lat' dir='ltr'><strong>abundan-</strong></span> 
     </span>
    </p>

    <p class='ocr_par' dir='ltr' id='par_1_8' title="bbox 463 1377 2886 1472">
     <span class='ocr_line' id='line_1_10' title="bbox 463 1377 2886 1472; baseline -0.002 -19"><span class='ocrx_word' id='word_1_67' title='bbox 463 1377 627 1454; x_wconf 86' lang='lat' dir='ltr'><strong>tiam</strong></span> <span class='ocrx_word' id='word_1_68' title='bbox 688 1410 861 1471; x_wconf 92' lang='lat' dir='ltr'><strong>quae</strong></span> <span class='ocrx_word' id='word_1_69' title='bbox 909 1409 950 1452; x_wconf 91' lang='lat' dir='ltr'><strong>a</strong></span> <span class='ocrx_word' id='word_1_70' title='bbox 999 1390 1151 1452; x_wconf 88' lang='lat' dir='ltr'><strong>Deo</strong></span> <span class='ocrx_word' id='word_1_71' title='bbox 1200 1389 1395 1453; x_wconf 91' lang='lat' dir='ltr'><strong>nobis</strong></span> <span class='ocrx_word' id='word_1_72' title='bbox 1442 1389 1658 1453; x_wconf 87' lang='lat' dir='ltr'><strong>datur.</strong></span> <span class='ocrx_word' id='word_1_73' title='bbox 1746 1388 1895 1472; x_wconf 92' lang='lat' dir='ltr'><strong>quis</strong></span> <span class='ocrx_word' id='word_1_74' title='bbox 1956 1390 2133 1452; x_wconf 88' lang='lat' dir='ltr'><strong>enim</strong></span> <span class='ocrx_word' id='word_1_75' title='bbox 2183 1387 2279 1451; x_wconf 90' lang='lat' dir='ltr'><strong>sic</strong></span> <span class='ocrx_word' id='word_1_76' title='bbox 2330 1386 2575 1451; x_wconf 88' lang='lat' dir='ltr'><strong>stultus</strong></span> <span class='ocrx_word' id='word_1_77' title='bbox 2636 1393 2740 1450; x_wconf 89' lang='lat' dir='ltr'><strong>est</strong></span> <span class='ocrx_word' id='word_1_78' title='bbox 2806 1393 2886 1448; x_wconf 92' lang='lat' dir='ltr'><strong>ut</strong></span> 
     </span>
    </p>

    <p class='ocr_par' dir='ltr' id='par_1_9' title="bbox 360 1489 2934 1884">
     <span class='ocr_line' id='line_1_11' title="bbox 360 1489 2884 1576; baseline -0.001 -20"><span class='ocrx_word' id='word_1_79' title='bbox 360 1495 369 1499; x_wconf 81' lang='grc'><strong>’</strong></span> <span class='ocrx_word' id='word_1_80' title='bbox 463 1492 724 1557; x_wconf 91' lang='lat' dir='ltr'><strong>dubitet</strong></span> <span class='ocrx_word' id='word_1_81' title='bbox 776 1493 937 1576; x_wconf 89' lang='lat' dir='ltr'><strong>quin</strong></span> <span class='ocrx_word' id='word_1_82' title='bbox 998 1492 1233 1556; x_wconf 90' lang='lat' dir='ltr'><strong>melius</strong></span> <span class='ocrx_word' id='word_1_83' title='bbox 1294 1494 1382 1556; x_wconf 88' lang='lat' dir='ltr'><strong>sit</strong></span> <span class='ocrx_word' id='word_1_84' title='bbox 1431 1493 1497 1556; x_wconf 91' lang='lat' dir='ltr'><strong>in</strong></span> <span class='ocrx_word' id='word_1_85' title='bbox 1561 1494 1786 1557; x_wconf 89' lang='lat' dir='ltr'><strong>Deum</strong></span> <span class='ocrx_word' id='word_1_86' title='bbox 1846 1513 2117 1575; x_wconf 88' lang='lat' dir='ltr'><strong>sperare</strong></span> <span class='ocrx_word' id='word_1_87' title='bbox 2178 1512 2383 1575; x_wconf 91' lang='lat' dir='ltr'><strong>quam</strong></span> <span class='ocrx_word' id='word_1_88' title='bbox 2445 1492 2511 1554; x_wconf 91' lang='lat' dir='ltr'><strong>in</strong></span> <span class='ocrx_word' id='word_1_89' title='bbox 2574 1489 2884 1554; x_wconf 83' lang='lat' dir='ltr'><strong>diuitiis?</strong></span> 
     </span>
     <span class='ocr_line' id='line_1_12' title="bbox 361 1593 2882 1678; baseline -0.002 -16"><span class='ocrx_word' id='word_1_90' title='bbox 361 1617 441 1664; x_wconf 92' lang='lat'><strong>10</strong></span> <span class='ocrx_word' id='word_1_91' title='bbox 463 1594 642 1659; x_wconf 90' lang='lat' dir='ltr'><strong>unde</strong></span> <span class='ocrx_word' id='word_1_92' title='bbox 672 1603 742 1658; x_wconf 89' lang='lat' dir='ltr'><strong>et</strong></span> <span class='ocrx_word' id='word_1_93' title='bbox 771 1594 1014 1659; x_wconf 87' lang='lat' dir='ltr'><strong>adiecit</strong></span> <span class='ocrx_word' id='word_1_94' title='bbox 1063 1595 1362 1672; x_wconf 89' lang='lat' dir='ltr'><strong>‘uiuum,’</strong></span> <span class='ocrx_word' id='word_1_95' title='bbox 1395 1603 1472 1660; x_wconf 92' lang='lat' dir='ltr'><strong>ut</strong></span> <span class='ocrx_word' id='word_1_96' title='bbox 1514 1596 1730 1678; x_wconf 90' lang='lat' dir='ltr'><strong>magis</strong></span> <span class='ocrx_word' id='word_1_97' title='bbox 1771 1594 1936 1659; x_wconf 91' lang='lat' dir='ltr'><strong>illud</strong></span> <span class='ocrx_word' id='word_1_98' title='bbox 1981 1603 2366 1678; x_wconf 86' lang='lat' dir='ltr'><strong>exaggeret.</strong></span> <span class='ocrx_word' id='word_1_99' title='bbox 2458 1593 2882 1675; x_wconf 90' lang='lat' dir='ltr'><strong>comparauit</strong></span> 
     </span>
     <span class='ocr_line' id='line_1_13' title="bbox 463 1695 2934 1782; baseline -0.002 -19"><span class='ocrx_word' id='word_1_100' title='bbox 463 1699 642 1764; x_wconf 90' lang='lat' dir='ltr'><strong>enim</strong></span> <span class='ocrx_word' id='word_1_101' title='bbox 688 1719 841 1763; x_wconf 91' lang='lat' dir='ltr'><strong>cum</strong></span> <span class='ocrx_word' id='word_1_102' title='bbox 890 1700 1020 1764; x_wconf 91' lang='lat' dir='ltr'><strong>Dei</strong></span> <span class='ocrx_word' id='word_1_103' title='bbox 1065 1699 1598 1782; x_wconf 87' lang='lat' dir='ltr'><strong>sempiternitate</strong></span> <span class='ocrx_word' id='word_1_104' title='bbox 1639 1699 2023 1763; x_wconf 90' lang='lat' dir='ltr'><strong>diuitiarum</strong></span> <span class='ocrx_word' id='word_1_105' title='bbox 2066 1719 2263 1762; x_wconf 91' lang='lat' dir='ltr'><strong>usum</strong></span> <span class='ocrx_word' id='word_1_106' title='bbox 2309 1695 2775 1780; x_wconf 86' lang='lat' dir='ltr'><strong>temporalem,</strong></span> <span class='ocrx_word' id='word_1_107' title='bbox 2813 1703 2885 1758; x_wconf 87' lang='lat' dir='ltr'><strong>et</strong></span> <span class='ocrx_word' id='word_1_108' title='bbox 2929 1700 2934 1705; x_wconf 83' lang='lat'>&#39;</span> 
     </span>
     <span class='ocr_line' id='line_1_14' title="bbox 461 1796 2887 1884; baseline -0.001 -20"><span class='ocrx_word' id='word_1_109' title='bbox 461 1802 683 1884; x_wconf 88' lang='lat' dir='ltr'><strong>ipsum</strong></span> <span class='ocrx_word' id='word_1_110' title='bbox 715 1821 908 1865; x_wconf 89' lang='lat' dir='ltr'><strong>usum</strong></span> <span class='ocrx_word' id='word_1_111' title='bbox 939 1802 1119 1865; x_wconf 89' lang='lat' dir='ltr'><strong>dixit</strong></span> <span class='ocrx_word' id='word_1_112' title='bbox 1148 1822 1293 1865; x_wconf 87' lang='lat' dir='ltr'><strong>esse</strong></span> <span class='ocrx_word' id='word_1_113' title='bbox 1341 1800 1740 1865; x_wconf 75' lang='lat' dir='ltr'><strong>‘incertum&#39;</strong></span> <span class='ocrx_word' id='word_1_114' title='bbox 1831 1810 1900 1864; x_wconf 96' lang='lat' dir='ltr'><strong>et</strong></span> <span class='ocrx_word' id='word_1_115' title='bbox 1945 1801 2126 1883; x_wconf 90' lang='lat' dir='ltr'><strong>quod</strong></span> <span class='ocrx_word' id='word_1_116' title='bbox 2174 1800 2395 1863; x_wconf 87' lang='lat' dir='ltr'><strong>dixit:</strong></span> <span class='ocrx_word' id='word_1_117' title='bbox 2439 1797 2662 1863; x_wconf 85' lang='lat' dir='ltr'><strong>omnia</strong></span> <span class='ocrx_word' id='word_1_118' title='bbox 2702 1796 2887 1861; x_wconf 83' lang='lat' dir='ltr'><strong>nobis</strong></span> 
     </span>
    </p>

    <p class='ocr_par' dir='ltr' id='par_1_10' title="bbox 364 1902 2884 2613">
     <span class='ocr_line' id='line_1_15' title="bbox 406 1902 2880 1988; baseline -0 -20"><span class='ocrx_word' id='word_1_119' title='bbox 406 1937 413 1944; x_wconf 93' lang='lat'><em>-</em></span> <span class='ocrx_word' id='word_1_120' title='bbox 464 1904 715 1968; x_wconf 85' lang='lat' dir='ltr'><strong>abunde</strong></span> <span class='ocrx_word' id='word_1_121' title='bbox 750 1904 1025 1987; x_wconf 85' lang='lat' dir='ltr'><strong>praebet,</strong></span> <span class='ocrx_word' id='word_1_122' title='bbox 1075 1926 1306 1969; x_wconf 89' lang='lat' dir='ltr'><strong>uerum</strong></span> <span class='ocrx_word' id='word_1_123' title='bbox 1356 1926 1501 1969; x_wconf 89' lang='lat' dir='ltr'><strong>esse</strong></span> <span class='ocrx_word' id='word_1_124' title='bbox 1548 1906 1637 1970; x_wconf 90' lang='lat' dir='ltr'><strong>ab</strong></span> <span class='ocrx_word' id='word_1_125' title='bbox 1690 1905 1804 1969; x_wconf 92' lang='lat' dir='ltr'><strong>illo</strong></span> <span class='ocrx_word' id='word_1_126' title='bbox 1854 1904 2004 1970; x_wconf 93' lang='lat' dir='ltr'><strong>loco</strong></span> <span class='ocrx_word' id='word_1_127' title='bbox 2054 1926 2188 1988; x_wconf 92' lang='lat' dir='ltr'><strong>quo</strong></span> <span class='ocrx_word' id='word_1_128' title='bbox 2240 1904 2546 1986; x_wconf 90' lang='lat' dir='ltr'><strong>superius</strong></span> <span class='ocrx_word' id='word_1_129' title='bbox 2604 1902 2880 1967; x_wconf 86' lang='lat' dir='ltr'><strong>dixerat</strong></span> 
     </span>
     <span class='ocr_line' id='line_1_16' title="bbox 378 2007 2884 2092; baseline -0.002 -20"><span class='ocrx_word' id='word_1_130' title='bbox 378 2068 382 2072; x_wconf 83' lang='lat'><strong>.</strong></span> <span class='ocrx_word' id='word_1_131' title='bbox 466 2009 739 2072; x_wconf 89' lang='lat' dir='ltr'><strong>euidens</strong></span> <span class='ocrx_word' id='word_1_132' title='bbox 770 2018 887 2086; x_wconf 90' lang='lat' dir='ltr'><strong>est,</strong></span> <span class='ocrx_word' id='word_1_133' title='bbox 920 2010 1236 2092; x_wconf 89' lang='lat' dir='ltr'><strong>quoniam</strong></span> <span class='ocrx_word' id='word_1_134' title='bbox 1269 2009 1496 2074; x_wconf 89' lang='lat' dir='ltr'><strong>omnia</strong></span> <span class='ocrx_word' id='word_1_135' title='bbox 1525 2010 1666 2073; x_wconf 91' lang='lat' dir='ltr'><strong>eius</strong></span> <span class='ocrx_word' id='word_1_136' title='bbox 1707 2009 1996 2074; x_wconf 90' lang='lat' dir='ltr'><strong>fruimur.</strong></span> <span class='ocrx_word' id='word_1_137' title='bbox 2090 2018 2160 2073; x_wconf 91' lang='lat' dir='ltr'><strong>et</strong></span> <span class='ocrx_word' id='word_1_138' title='bbox 2196 2017 2269 2072; x_wconf 90' lang='lat' dir='ltr'><strong>ut</strong></span> <span class='ocrx_word' id='word_1_139' title='bbox 2300 2007 2689 2072; x_wconf 87' lang='lat' dir='ltr'><strong>ostenderet</strong></span> <span class='ocrx_word' id='word_1_140' title='bbox 2719 2007 2884 2089; x_wconf 89' lang='lat' dir='ltr'><strong>quia</strong></span> 
     </span>
     <span class='ocr_line' id='line_1_17' title="bbox 364 2100 2879 2198; baseline -0.003 -19"><span class='ocrx_word' id='word_1_141' title='bbox 364 2130 434 2198; x_wconf 83' lang='lat'><strong>15</strong></span> <span class='ocrx_word' id='word_1_142' title='bbox 466 2119 732 2195; x_wconf 91' lang='lat' dir='ltr'><strong>oportet</strong></span> <span class='ocrx_word' id='word_1_143' title='bbox 763 2100 976 2195; x_wconf 87' lang='lat' dir='ltr'><strong>magis</strong></span> <span class='ocrx_word' id='word_1_144' title='bbox 1010 2112 1161 2176; x_wconf 92' lang='lat' dir='ltr'><strong>Deo</strong></span> <span class='ocrx_word' id='word_1_145' title='bbox 1193 2113 1447 2189; x_wconf 88' lang='lat' dir='ltr'><strong>intueri,</strong></span> <span class='ocrx_word' id='word_1_146' title='bbox 1481 2133 1522 2176; x_wconf 92' lang='lat' dir='ltr'><strong>a</strong></span> <span class='ocrx_word' id='word_1_147' title='bbox 1553 2132 1690 2195; x_wconf 93' lang='lat' dir='ltr'><strong>quo</strong></span> <span class='ocrx_word' id='word_1_148' title='bbox 1730 2120 1799 2175; x_wconf 89' lang='lat' dir='ltr'><strong>et</strong></span> <span class='ocrx_word' id='word_1_149' title='bbox 1839 2110 2139 2175; x_wconf 90' lang='lat' dir='ltr'><strong>omnium</strong></span> <span class='ocrx_word' id='word_1_150' title='bbox 2179 2111 2510 2176; x_wconf 89' lang='lat' dir='ltr'><strong>bonorum</strong></span> <span class='ocrx_word' id='word_1_151' title='bbox 2547 2107 2879 2172; x_wconf 88' lang='lat' dir='ltr'><strong>habemus</strong></span> 
     </span>
     <span class='ocr_line' id='line_1_18' title="bbox 464 2212 2882 2298; baseline -0.003 -16"><span class='ocrx_word' id='word_1_152' title='bbox 464 2217 865 2293; x_wconf 85' lang='lat' dir='ltr'><strong>fruitionem,</strong></span> <span class='ocrx_word' id='word_1_153' title='bbox 896 2214 1337 2298; x_wconf 88' lang='lat' dir='ltr'><strong>despicientes</strong></span> <span class='ocrx_word' id='word_1_154' title='bbox 1382 2215 1530 2278; x_wconf 90' lang='lat' dir='ltr'><strong>illas</strong></span> <span class='ocrx_word' id='word_1_155' title='bbox 1576 2235 1739 2297; x_wconf 92' lang='lat' dir='ltr'><strong>opes</strong></span> <span class='ocrx_word' id='word_1_156' title='bbox 1785 2234 1960 2296; x_wconf 88' lang='lat' dir='ltr'><strong>quae</strong></span> <span class='ocrx_word' id='word_1_157' title='bbox 2006 2215 2201 2277; x_wconf 91' lang='lat' dir='ltr'><strong>nobis</strong></span> <span class='ocrx_word' id='word_1_158' title='bbox 2249 2215 2316 2277; x_wconf 90' lang='lat' dir='ltr'><strong>in</strong></span> <span class='ocrx_word' id='word_1_159' title='bbox 2363 2221 2715 2296; x_wconf 90' lang='lat' dir='ltr'><strong>praesente</strong></span> <span class='ocrx_word' id='word_1_160' title='bbox 2760 2212 2882 2275; x_wconf 91' lang='lat' dir='ltr'><strong>ad-</strong></span> 
     </span>
     <span class='ocr_line' id='line_1_19' title="bbox 466 2316 2882 2401; baseline -0.002 -16"><span class='ocrx_word' id='word_1_161' title='bbox 466 2330 662 2399; x_wconf 90' lang='lat' dir='ltr'><strong>sunt;</strong></span> <span class='ocrx_word' id='word_1_162' title='bbox 709 2320 1021 2383; x_wconf 91' lang='lat' dir='ltr'><strong>conuenit</strong></span> <span class='ocrx_word' id='word_1_163' title='bbox 1063 2339 1223 2383; x_wconf 87' lang='lat' dir='ltr'><strong>uero</strong></span> <span class='ocrx_word' id='word_1_164' title='bbox 1252 2339 1374 2383; x_wconf 89' lang='lat' dir='ltr'><strong>nos</strong></span> <span class='ocrx_word' id='word_1_165' title='bbox 1402 2339 1670 2401; x_wconf 87' lang='lat' dir='ltr'><strong>semper</strong></span> <span class='ocrx_word' id='word_1_166' title='bbox 1712 2319 1962 2401; x_wconf 86' lang='lat' dir='ltr'><strong>gratias</strong></span> <span class='ocrx_word' id='word_1_167' title='bbox 2003 2339 2203 2401; x_wconf 87' lang='lat' dir='ltr'><strong>agere</strong></span> <span class='ocrx_word' id='word_1_168' title='bbox 2245 2319 2397 2382; x_wconf 89' lang='lat' dir='ltr'><strong>Deo</strong></span> <span class='ocrx_word' id='word_1_169' title='bbox 2434 2318 2547 2401; x_wconf 92' lang='lat' dir='ltr'><strong>qui</strong></span> <span class='ocrx_word' id='word_1_170' title='bbox 2580 2316 2882 2380; x_wconf 91' lang='lat' dir='ltr'><strong>omnium</strong></span> 
     </span>
     <span class='ocr_line' id='line_1_20' title="bbox 466 2419 2884 2513; baseline -0.003 -24"><span class='ocrx_word' id='word_1_171' title='bbox 466 2445 638 2509; x_wconf 88' lang='lat' dir='ltr'><strong>quae</strong></span> <span class='ocrx_word' id='word_1_172' title='bbox 679 2424 972 2506; x_wconf 88' lang='lat' dir='ltr'><strong>potimur</strong></span> <span class='ocrx_word' id='word_1_173' title='bbox 1001 2423 1330 2513; x_wconf 91' lang='lat' dir='ltr'><strong>bonorum</strong></span> <span class='ocrx_word' id='word_1_174' title='bbox 1367 2432 1599 2486; x_wconf 90' lang='lat' dir='ltr'><strong>auctor</strong></span> <span class='ocrx_word' id='word_1_175' title='bbox 1639 2431 1706 2486; x_wconf 90' lang='lat' dir='ltr'><strong>et</strong></span> <span class='ocrx_word' id='word_1_176' title='bbox 1736 2422 2026 2485; x_wconf 89' lang='lat' dir='ltr'><strong>donator</strong></span> <span class='ocrx_word' id='word_1_177' title='bbox 2069 2441 2214 2484; x_wconf 91' lang='lat' dir='ltr'><strong>esse</strong></span> <span class='ocrx_word' id='word_1_178' title='bbox 2257 2421 2541 2485; x_wconf 90' lang='lat' dir='ltr'><strong>uidetur.</strong></span> <span class='ocrx_word' id='word_1_179' title='bbox 2634 2419 2884 2483; x_wconf 87' lang='lat' dir='ltr'><strong>deinde</strong></span> 
     </span>
     <span class='ocr_line' id='line_1_21' title="bbox 467 2523 2844 2613; baseline -0.002 -20"><span class='ocrx_word' id='word_1_180' title='bbox 467 2537 535 2593; x_wconf 90' lang='lat' dir='ltr'><strong>et</strong></span> <span class='ocrx_word' id='word_1_181' title='bbox 572 2529 753 2613; x_wconf 93' lang='lat' dir='ltr'><strong>quod</strong></span> <span class='ocrx_word' id='word_1_182' title='bbox 785 2527 1229 2592; x_wconf 87' lang='lat' dir='ltr'><strong>necessarium</strong></span> <span class='ocrx_word' id='word_1_183' title='bbox 1260 2535 1403 2591; x_wconf 88' lang='lat' dir='ltr'><strong>erat</strong></span> <span class='ocrx_word' id='word_1_184' title='bbox 1431 2535 1585 2609; x_wconf 87' lang='lat' dir='ltr'><strong>post</strong></span> <span class='ocrx_word' id='word_1_185' title='bbox 1616 2524 1743 2590; x_wconf 87' lang='lat' dir='ltr'><strong>hoc</strong></span> <span class='ocrx_word' id='word_1_186' title='bbox 1776 2524 1992 2590; x_wconf 86' lang='lat' dir='ltr'><strong>facere</strong></span> <span class='ocrx_word' id='word_1_187' title='bbox 2023 2525 2172 2590; x_wconf 92' lang='lat' dir='ltr'><strong>illos</strong></span> <span class='ocrx_word' id='word_1_188' title='bbox 2205 2525 2539 2602; x_wconf 86' lang='lat' dir='ltr'><strong>instruxit,</strong></span> <span class='ocrx_word' id='word_1_189' title='bbox 2572 2523 2844 2589; x_wconf 81' lang='lat' dir='ltr'><strong>dicens:</strong></span> 
     </span>
    </p>
   </div>
   <div class='ocr_carea' id='block_1_8' title="bbox 358 2667 2883 2840">
    <p class='ocr_par' dir='ltr' id='par_1_11' title="bbox 358 2667 2883 2840">
     <span class='ocr_line' id='line_1_22' title="bbox 358 2667 2883 2754; baseline -0.001 -20"><span class='ocrx_word' id='word_1_190' title='bbox 358 2696 445 2744; x_wconf 90' lang='lat'><strong>20</strong></span> <span class='ocrx_word' id='word_1_191' title='bbox 597 2670 828 2734; x_wconf 83' lang='lat' dir='ltr'><strong>bonum</strong></span> <span class='ocrx_word' id='word_1_192' title='bbox 859 2681 1011 2753; x_wconf 81' lang='lat' dir='ltr'><strong>opus</strong></span> <span class='ocrx_word' id='word_1_193' title='bbox 1022 2669 1261 2754; x_wconf 82' lang='lat' dir='ltr'><strong>facere,</strong></span> <span class='ocrx_word' id='word_1_194' title='bbox 1293 2668 1532 2733; x_wconf 81' lang='lat' dir='ltr'><strong>diuites</strong></span> <span class='ocrx_word' id='word_1_195' title='bbox 1556 2689 1686 2733; x_wconf 91' lang='lat' dir='ltr'><strong>esse</strong></span> <span class='ocrx_word' id='word_1_196' title='bbox 1717 2667 1787 2733; x_wconf 82' lang='lat' dir='ltr'><strong>in</strong></span> <span class='ocrx_word' id='word_1_197' title='bbox 1816 2669 2104 2752; x_wconf 78' lang='lat' dir='ltr'><strong>operibus</strong></span> <span class='ocrx_word' id='word_1_198' title='bbox 2136 2669 2331 2748; x_wconf 76' lang='lat' dir='ltr'><strong>benis,</strong></span> <span class='ocrx_word' id='word_1_199' title='bbox 2347 2668 2558 2752; x_wconf 83' lang='lat' dir='ltr'><strong>facile</strong></span> <span class='ocrx_word' id='word_1_200' title='bbox 2588 2667 2883 2746; x_wconf 83' lang='lat' dir='ltr'><strong>tribuere,</strong></span> 
     </span>
     <span class='ocr_line' id='line_1_23' title="bbox 466 2796 944 2840; baseline 0 0"><span class='ocrx_word' id='word_1_201' title='bbox 466 2796 944 2840; x_wconf 83' lang='lat' dir='ltr'><strong>commnnzcare.</strong></span> 
     </span>
    </p>
   </div>
   <div class='ocr_carea' id='block_1_9' title="bbox 597 2893 1987 2980">
    <p class='ocr_par' dir='ltr' id='par_1_12' title="bbox 597 2893 1987 2980">
     <span class='ocr_line' id='line_1_24' title="bbox 597 2893 1987 2980; baseline 0 -19"><span class='ocrx_word' id='word_1_202' title='bbox 597 2904 666 2961; x_wconf 88' lang='lat' dir='ltr'><strong>et</strong></span> <span class='ocrx_word' id='word_1_203' title='bbox 696 2896 878 2980; x_wconf 91' lang='lat' dir='ltr'><strong>quod</strong></span> <span class='ocrx_word' id='word_1_204' title='bbox 910 2897 1035 2960; x_wconf 89' lang='lat' dir='ltr'><strong>erit</strong></span> <span class='ocrx_word' id='word_1_205' title='bbox 1064 2917 1153 2960; x_wconf 85' lang='lat' dir='ltr'><strong>ex</strong></span> <span class='ocrx_word' id='word_1_206' title='bbox 1184 2894 1312 2960; x_wconf 87' lang='lat' dir='ltr'><strong>hoc</strong></span> <span class='ocrx_word' id='word_1_207' title='bbox 1343 2893 1597 2960; x_wconf 89' lang='lat' dir='ltr'><strong>lucrum</strong></span> <span class='ocrx_word' id='word_1_208' title='bbox 1623 2894 1649 2959; x_wconf 84' lang='lat'>?</span> <span class='ocrx_word' id='word_1_209' title='bbox 1736 2895 1944 2961; x_wconf 89' lang='lat' dir='ltr'><strong>dicito</strong></span> <span class='ocrx_word' id='word_1_210' title='bbox 1971 2914 1987 2961; x_wconf 71' lang='grc' dir='ltr'>ε</span> 
     </span>
    </p>
   </div>
   <div class='ocr_carea' id='block_1_10' title="bbox 451 3005 2888 3219">
    <p class='ocr_par' dir='ltr' id='par_1_13' title="bbox 451 3005 2888 3219">
     <span class='ocr_line' id='line_1_25' title="bbox 597 3005 2888 3115; baseline -0.003 -19"><span class='ocrx_word' id='word_1_211' title='bbox 597 3005 1104 3097; x_wconf 60' lang='lat' dir='ltr'><strong>thesaurizantes</strong></span> <span class='ocrx_word' id='word_1_212' title='bbox 1162 3032 1430 3115; x_wconf 92' lang='lat' dir='ltr'><strong>(inquit)</strong></span> <span class='ocrx_word' id='word_1_213' title='bbox 1505 3030 1640 3095; x_wconf 81' lang='lat' dir='ltr'><strong>sibi</strong></span> <span class='ocrx_word' id='word_1_214' title='bbox 1694 3030 1852 3114; x_wconf 60' lang='lat' dir='ltr'><strong>apsis</strong></span> <span class='ocrx_word' id='word_1_215' title='bbox 1908 3031 2432 3115; x_wconf 81' lang='lat' dir='ltr'><strong>fundamentum</strong></span> <span class='ocrx_word' id='word_1_216' title='bbox 2508 3029 2739 3094; x_wconf 82' lang='lat' dir='ltr'><strong>bonum</strong></span> <span class='ocrx_word' id='word_1_217' title='bbox 2816 3027 2888 3091; x_wconf 83' lang='lat' dir='ltr'><strong>in</strong></span> 
     </span>
     <span class='ocr_line' id='line_1_26' title="bbox 451 3136 1948 3219; baseline 0 -19"><span class='ocrx_word' id='word_1_218' title='bbox 451 3136 709 3219; x_wconf 78' lang='lat' dir='ltr'><strong>future,</strong></span> <span class='ocrx_word' id='word_1_219' title='bbox 743 3145 820 3199; x_wconf 83' lang='lat' dir='ltr'><strong>ut</strong></span> <span class='ocrx_word' id='word_1_220' title='bbox 845 3136 1329 3219; x_wconf 75' lang='lat' dir='ltr'><strong>adprehendant</strong></span> <span class='ocrx_word' id='word_1_221' title='bbox 1356 3136 1570 3200; x_wconf 83' lang='lat' dir='ltr'><strong>uitam</strong></span> <span class='ocrx_word' id='word_1_222' title='bbox 1599 3146 1948 3201; x_wconf 84' lang='lat' dir='ltr'><strong>aeternam.</strong></span> 
     </span>
    </p>
   </div>
   <div class='ocr_carea' id='block_1_11' title="bbox 470 3283 2212 3525">
    <p class='ocr_par' dir='ltr' id='par_1_14' title="bbox 470 3283 2212 3525">
     <span class='ocr_line' id='line_1_27' title="bbox 533 3283 2212 3352; baseline 0 -16"><span class='ocrx_word' id='word_1_223' title='bbox 533 3304 539 3309; x_wconf 91' lang='lat'><em>·</em></span> <span class='ocrx_word' id='word_1_224' title='bbox 566 3283 600 3336; x_wconf 93' lang='lat'><strong>6</strong></span> <span class='ocrx_word' id='word_1_225' title='bbox 628 3285 890 3335; x_wconf 88' lang='lat' dir='ltr'><strong>fruendum</strong></span> <span class='ocrx_word' id='word_1_226' title='bbox 915 3284 1034 3349; x_wconf 85' lang='lat' dir='ltr'><strong>(for</strong></span> <span class='ocrx_word' id='word_1_227' title='bbox 1051 3285 1210 3349; x_wconf 88' lang='lat' dir='ltr'><strong>fruit.)</strong></span> <span class='ocrx_word' id='word_1_228' title='bbox 1235 3302 1269 3336; x_wconf 82' lang='lat' dir='ltr'><strong>r</strong></span> <span class='ocrx_word' id='word_1_229' title='bbox 1575 3297 1603 3351; x_wconf 81' lang='grc'><strong>7</strong></span> <span class='ocrx_word' id='word_1_230' title='bbox 1637 3292 1812 3336; x_wconf 84' lang='lat' dir='ltr'><strong>contra</strong></span> <span class='ocrx_word' id='word_1_231' title='bbox 1836 3286 1949 3352; x_wconf 68' lang='lat' dir='ltr'><strong>(for</strong></span> <span class='ocrx_word' id='word_1_232' title='bbox 1967 3288 2154 3348; x_wconf 85' lang='lat' dir='ltr'><strong>autem)</strong></span> <span class='ocrx_word' id='word_1_233' title='bbox 2179 3302 2212 3335; x_wconf 86' lang='lat' dir='ltr'><strong>r</strong></span> 
     </span>
     <span class='ocr_line' id='line_1_28' title="bbox 472 3365 2205 3432; baseline 0 -14"><span class='ocrx_word' id='word_1_234' title='bbox 472 3378 529 3430; x_wconf 87' lang='lat'><strong>15</strong></span> <span class='ocrx_word' id='word_1_235' title='bbox 566 3367 745 3417; x_wconf 87' lang='lat' dir='ltr'><strong>intueri</strong></span> <span class='ocrx_word' id='word_1_236' title='bbox 770 3368 937 3416; x_wconf 87' lang='lat' dir='ltr'><strong>Deum</strong></span> <span class='ocrx_word' id='word_1_237' title='bbox 958 3383 992 3416; x_wconf 87' lang='lat' dir='ltr'><strong>r</strong></span> <span class='ocrx_word' id='word_1_238' title='bbox 1014 3365 1024 3432; x_wconf 83' lang='grc' dir='ltr'>Ι</span> <span class='ocrx_word' id='word_1_239' title='bbox 1053 3368 1172 3418; x_wconf 92' lang='lat' dir='ltr'><strong>bon.</strong></span> <span class='ocrx_word' id='word_1_240' title='bbox 1201 3383 1335 3418; x_wconf 90' lang='lat' dir='ltr'><strong>omn.</strong></span> <span class='ocrx_word' id='word_1_241' title='bbox 1365 3383 1399 3418; x_wconf 86' lang='lat' dir='ltr'><strong>r</strong></span> <span class='ocrx_word' id='word_1_242' title='bbox 1641 3366 1700 3419; x_wconf 89' lang='lat'><strong>16</strong></span> <span class='ocrx_word' id='word_1_243' title='bbox 1734 3368 1786 3417; x_wconf 87' lang='lat' dir='ltr'><strong>in</strong></span> <span class='ocrx_word' id='word_1_244' title='bbox 1807 3384 1970 3432; x_wconf 84' lang='lat' dir='ltr'><strong>praes.</strong></span> <span class='ocrx_word' id='word_1_245' title='bbox 1992 3384 2070 3419; x_wconf 86' lang='lat' dir='ltr'><strong>om</strong></span> <span class='ocrx_word' id='word_1_246' title='bbox 2092 3369 2161 3418; x_wconf 89' lang='lat' dir='ltr'><em>H</em></span> <span class='ocrx_word' id='word_1_247' title='bbox 2172 3384 2205 3418; x_wconf 86' lang='lat' dir='ltr'><strong>r</strong></span> 
     </span>
     <span class='ocr_line' id='line_1_29' title="bbox 470 3445 1897 3525; baseline -0.001 -27"><span class='ocrx_word' id='word_1_248' title='bbox 470 3462 531 3511; x_wconf 81' lang='lat'><strong>23</strong></span> <span class='ocrx_word' id='word_1_249' title='bbox 565 3447 940 3525; x_wconf 63' lang='lat' dir='ltr'><strong>tessaurizantffi</strong></span> <span class='ocrx_word' id='word_1_250' title='bbox 956 3447 1029 3496; x_wconf 82' lang='lat' dir='ltr'><em>H</em></span> <span class='ocrx_word' id='word_1_251' title='bbox 1044 3445 1054 3513; x_wconf 84' lang='grc' dir='ltr'>Ι</span> <span class='ocrx_word' id='word_1_252' title='bbox 1084 3446 1242 3512; x_wconf 88' lang='lat' dir='ltr'><strong>inquit</strong></span> <span class='ocrx_word' id='word_1_253' title='bbox 1264 3464 1343 3497; x_wconf 88' lang='lat' dir='ltr'><strong>om</strong></span> <span class='ocrx_word' id='word_1_254' title='bbox 1365 3464 1398 3497; x_wconf 89' lang='lat' dir='ltr'><strong>r</strong></span> <span class='ocrx_word' id='word_1_255' title='bbox 1421 3446 1430 3513; x_wconf 88' lang='grc' dir='ltr'>Ι</span> <span class='ocrx_word' id='word_1_256' title='bbox 1459 3447 1658 3497; x_wconf 89' lang='lat' dir='ltr'><strong>sibimet</strong></span> <span class='ocrx_word' id='word_1_257' title='bbox 1688 3447 1733 3497; x_wconf 90' lang='lat' dir='ltr'><em>C</em></span> <span class='ocrx_word' id='word_1_258' title='bbox 1752 3446 1897 3512; x_wconf 83' lang='lat' dir='ltr'><strong>(corr)</strong></span> 
     </span>
    </p>
   </div>
   <div class='ocr_carea' id='block_1_12' title="bbox 2463 3284 2898 3436">
    <p class='ocr_par' dir='ltr' id='par_1_15' title="bbox 2463 3284 2898 3436">
     <span class='ocr_line' id='line_1_30' title="bbox 2514 3284 2898 3335; baseline 0 0"><span class='ocrx_word' id='word_1_259' title='bbox 2514 3300 2570 3335; x_wconf 81' lang='lat'><strong>12</strong></span> <span class='ocrx_word' id='word_1_260' title='bbox 2607 3284 2840 3334; x_wconf 86' lang='lat' dir='ltr'><strong>omnibus</strong></span> <span class='ocrx_word' id='word_1_261' title='bbox 2863 3301 2898 3335; x_wconf 89' lang='lat' dir='ltr'><strong>r</strong></span> 
     </span>
     <span class='ocr_line' id='line_1_31' title="bbox 2463 3368 2892 3436; baseline -0.002 -18"><span class='ocrx_word' id='word_1_262' title='bbox 2463 3384 2522 3436; x_wconf 88' lang='lat'><strong>19</strong></span> <span class='ocrx_word' id='word_1_263' title='bbox 2555 3368 2653 3419; x_wconf 83' lang='lat' dir='ltr'><strong>iuis</strong></span> <span class='ocrx_word' id='word_1_264' title='bbox 2680 3368 2725 3418; x_wconf 90' lang='lat' dir='ltr'><em>C</em></span> <span class='ocrx_word' id='word_1_265' title='bbox 2742 3368 2892 3433; x_wconf 83' lang='lat' dir='ltr'><strong>(corr)</strong></span> 
     </span>
    </p>
   </div>
   <div class='ocr_carea' id='block_1_13' title="bbox 457 3570 1633 4529">
    <p class='ocr_par' dir='ltr' id='par_1_16' title="bbox 469 3570 1631 3956">
     <span class='ocr_line' id='line_1_32' title="bbox 538 3570 1627 3636; baseline 0 -16"><span class='ocrx_word' id='word_1_266' title='bbox 538 3583 584 3620; x_wconf 87' lang='lat'><strong>1.</strong></span> <span class='ocrx_word' id='word_1_267' title='bbox 658 3570 870 3620; x_wconf 79' lang='lat' dir='ltr'><strong>diuitias</strong></span> <span class='ocrx_word' id='word_1_268' title='bbox 911 3572 1214 3635; x_wconf 65' lang='lat' dir='ltr'><strong>temporales]</strong></span> <span class='ocrx_word' id='word_1_269' title='bbox 1286 3572 1366 3622; x_wconf 87' lang='lat' dir='ltr'><strong>Cf.</strong></span> <span class='ocrx_word' id='word_1_270' title='bbox 1417 3573 1627 3636; x_wconf 83' lang='lat' dir='ltr'><strong>Chrys.=</strong></span> 
     </span>
     <span class='ocr_line' id='line_1_33' title="bbox 470 3647 1631 3715; baseline -0.001 -14"><span class='ocrx_word' id='word_1_271' title='bbox 470 3652 626 3701; x_wconf 74' lang='grc' dir='ltr'><strong>καλῶς</strong></span> <span class='ocrx_word' id='word_1_272' title='bbox 659 3652 794 3701; x_wconf 75' lang='grc' dir='ltr'>εἶπεν</span> <span class='ocrx_word' id='word_1_273' title='bbox 833 3652 847 3677; x_wconf 85' lang='lat'>‘</span> <span class='ocrx_word' id='word_1_274' title='bbox 862 3652 914 3700; x_wconf 82' lang='grc' dir='ltr'><strong>ἐν</strong></span> <span class='ocrx_word' id='word_1_275' title='bbox 943 3649 1015 3714; x_wconf 79' lang='grc' dir='ltr'><em>τῷ</em></span> <span class='ocrx_word' id='word_1_276' title='bbox 1047 3647 1130 3700; x_wconf 77' lang='grc' dir='ltr'><strong>νῦν</strong></span> <span class='ocrx_word' id='word_1_277' title='bbox 1162 3650 1346 3702; x_wconf 77' lang='grc' dir='ltr'>αἰῶνι’·</span> <span class='ocrx_word' id='word_1_278' title='bbox 1380 3653 1500 3702; x_wconf 69' lang='grc' dir='ltr'>εἰσὶν</span> <span class='ocrx_word' id='word_1_279' title='bbox 1530 3653 1631 3715; x_wconf 84' lang='grc' dir='ltr'><strong>γὰρ</strong></span> 
     </span>
     <span class='ocr_line' id='line_1_34' title="bbox 470 3730 1629 3795; baseline 0 -12"><span class='ocrx_word' id='word_1_280' title='bbox 470 3735 549 3783; x_wconf 76' lang='grc' dir='ltr'><strong>καὶ</strong></span> <span class='ocrx_word' id='word_1_281' title='bbox 574 3733 717 3782; x_wconf 72' lang='grc' dir='ltr'>ἄλλοι</span> <span class='ocrx_word' id='word_1_282' title='bbox 739 3730 962 3783; x_wconf 75' lang='grc' dir='ltr'>πλούσιοι</span> <span class='ocrx_word' id='word_1_283' title='bbox 984 3735 1038 3783; x_wconf 76' lang='grc' dir='ltr'><strong>ἐν</strong></span> <span class='ocrx_word' id='word_1_284' title='bbox 1056 3730 1131 3795; x_wconf 73' lang='grc' dir='ltr'><strong>τῷ</strong></span> <span class='ocrx_word' id='word_1_285' title='bbox 1141 3735 1389 3795; x_wconf 75' lang='grc' dir='ltr'>μέλλοντι.</span> <span class='ocrx_word' id='word_1_286' title='bbox 1442 3734 1629 3784; x_wconf 79' lang='lat' dir='ltr'><strong>T-hdt.=</strong></span> 
     </span>
     <span class='ocr_line' id='line_1_35' title="bbox 469 3813 1629 3879; baseline 0.002 -16"><span class='ocrx_word' id='word_1_287' title='bbox 469 3816 542 3877; x_wconf 72' lang='grc' dir='ltr'><strong>τῷ</strong></span> <span class='ocrx_word' id='word_1_288' title='bbox 569 3815 619 3863; x_wconf 78' lang='grc' dir='ltr'><strong>δὲ</strong></span> <span class='ocrx_word' id='word_1_289' title='bbox 652 3813 881 3878; x_wconf 75' lang='grc' dir='ltr'>διορισμῷ</span> <span class='ocrx_word' id='word_1_290' title='bbox 907 3814 1179 3877; x_wconf 67' lang='grc' dir='ltr'>ἀναγκαίως</span> <span class='ocrx_word' id='word_1_291' title='bbox 1208 3815 1471 3879; x_wconf 78' lang='grc' dir='ltr'>ἐχρήσατο·</span> <span class='ocrx_word' id='word_1_292' title='bbox 1506 3817 1629 3866; x_wconf 69' lang='grc' dir='ltr'>εἰσιν</span> 
     </span>
     <span class='ocr_line' id='line_1_36' title="bbox 469 3889 1512 3956; baseline 0.001 -15"><span class='ocrx_word' id='word_1_293' title='bbox 469 3889 569 3956; x_wconf 79' lang='grc' dir='ltr'><strong>γὰρ</strong></span> <span class='ocrx_word' id='word_1_294' title='bbox 591 3891 814 3942; x_wconf 74' lang='grc' dir='ltr'>πλούσιοι</span> <span class='ocrx_word' id='word_1_295' title='bbox 837 3894 914 3942; x_wconf 73' lang='grc' dir='ltr'><strong>καὶ</strong></span> <span class='ocrx_word' id='word_1_296' title='bbox 938 3891 1021 3943; x_wconf 78' lang='grc' dir='ltr'><strong>τοῦ</strong></span> <span class='ocrx_word' id='word_1_297' title='bbox 1041 3896 1304 3954; x_wconf 78' lang='grc' dir='ltr'>μέλλοντος</span> <span class='ocrx_word' id='word_1_298' title='bbox 1327 3891 1512 3944; x_wconf 72' lang='grc' dir='ltr'>αἰῶνος.</span> 
     </span>
    </p>

    <p class='ocr_par' dir='ltr' id='par_1_17' title="bbox 457 3972 1630 4285">
     <span class='ocr_line' id='line_1_37' title="bbox 536 3972 1630 4040; baseline 0.002 -17"><span class='ocrx_word' id='word_1_299' title='bbox 536 3972 587 4023; x_wconf 92' lang='grc'><strong>6.</strong></span> <span class='ocrx_word' id='word_1_300' title='bbox 641 3975 978 4038; x_wconf 76' lang='lat' dir='ltr'><strong>praebet...ad</strong></span> <span class='ocrx_word' id='word_1_301' title='bbox 998 3975 1322 4040; x_wconf 70' lang='lat' dir='ltr'><strong>fi‘uiltbnem]</strong></span> <span class='ocrx_word' id='word_1_302' title='bbox 1366 3976 1431 4027; x_wconf 92' lang='grc' dir='ltr'><strong>Ο.</strong></span> <span class='ocrx_word' id='word_1_303' title='bbox 1450 3977 1509 4025; x_wconf 95' lang='lat' dir='ltr'><strong>L.</strong></span> <span class='ocrx_word' id='word_1_304' title='bbox 1527 3976 1630 4025; x_wconf 81' lang='lat' dir='ltr'><strong>and</strong></span> 
     </span>
     <span class='ocr_line' id='line_1_38' title="bbox 473 4056 1630 4122; baseline 0.003 -18"><span class='ocrx_word' id='word_1_305' title='bbox 473 4056 644 4119; x_wconf 63' lang='lat' dir='ltr'><strong>Vulg„</strong></span> <span class='ocrx_word' id='word_1_306' title='bbox 692 4058 1093 4122; x_wconf 83' lang='lat' dir='ltr'><strong>“praestat...ad</strong></span> <span class='ocrx_word' id='word_1_307' title='bbox 1129 4057 1444 4108; x_wconf 80' lang='lat' dir='ltr'><strong>fruendum.”</strong></span> <span class='ocrx_word' id='word_1_308' title='bbox 1527 4058 1630 4108; x_wconf 83' lang='lat' dir='ltr'><strong>For</strong></span> 
     </span>
     <span class='ocr_line' id='line_1_39' title="bbox 457 4136 1628 4204; baseline 0.002 -19"><span class='ocrx_word' id='word_1_309' title='bbox 457 4136 652 4201; x_wconf 79' lang='lat' dir='ltr'><strong>sruitio</strong></span> <span class='ocrx_word' id='word_1_310' title='bbox 683 4152 767 4185; x_wconf 88' lang='lat' dir='ltr'><strong>see</strong></span> <span class='ocrx_word' id='word_1_311' title='bbox 801 4147 839 4184; x_wconf 93' lang='lat'><strong>1.</strong></span> <span class='ocrx_word' id='word_1_312' title='bbox 875 4152 925 4201; x_wconf 91' lang='lat' dir='ltr'><strong>p.</strong></span> <span class='ocrx_word' id='word_1_313' title='bbox 951 4152 1029 4199; x_wconf 74' lang='lat'><strong>31,</strong></span> <span class='ocrx_word' id='word_1_314' title='bbox 1058 4138 1092 4187; x_wconf 92' lang='lat'><strong>1.</strong></span> <span class='ocrx_word' id='word_1_315' title='bbox 1116 4153 1165 4203; x_wconf 91' lang='lat'><strong>9,</strong></span> <span class='ocrx_word' id='word_1_316' title='bbox 1201 4151 1262 4188; x_wconf 88' lang='lat'><strong>11.</strong></span> <span class='ocrx_word' id='word_1_317' title='bbox 1287 4155 1339 4204; x_wconf 90' lang='lat' dir='ltr'><strong>p.</strong></span> <span class='ocrx_word' id='word_1_318' title='bbox 1370 4154 1476 4202; x_wconf 81' lang='lat'>142,</span> <span class='ocrx_word' id='word_1_319' title='bbox 1504 4137 1541 4187; x_wconf 92' lang='lat' dir='ltr'><strong>l.</strong></span> <span class='ocrx_word' id='word_1_320' title='bbox 1565 4136 1628 4196; x_wconf 85' lang='lat'><strong>6;</strong></span> 
     </span>
     <span class='ocr_line' id='line_1_40' title="bbox 475 4216 1606 4285; baseline 0.002 -19"><span class='ocrx_word' id='word_1_321' title='bbox 475 4218 571 4266; x_wconf 78' lang='lat' dir='ltr'><strong>and</strong></span> <span class='ocrx_word' id='word_1_322' title='bbox 597 4216 661 4267; x_wconf 78' lang='lat' dir='ltr'><strong>cs.</strong></span> <span class='ocrx_word' id='word_1_323' title='bbox 686 4217 926 4279; x_wconf 84' lang='lat' dir='ltr'><strong>Paucker,</strong></span> <span class='ocrx_word' id='word_1_324' title='bbox 956 4219 1109 4267; x_wconf 72' lang='lat' dir='ltr'><strong>melec.</strong></span> <span class='ocrx_word' id='word_1_325' title='bbox 1133 4220 1289 4270; x_wconf 63' lang='lat' dir='ltr'><strong>lexzst.</strong></span> <span class='ocrx_word' id='word_1_326' title='bbox 1313 4221 1419 4282; x_wconf 64' lang='lat' dir='ltr'><strong>alt„</strong></span> <span class='ocrx_word' id='word_1_327' title='bbox 1448 4236 1499 4285; x_wconf 94' lang='lat' dir='ltr'><strong>p.</strong></span> <span class='ocrx_word' id='word_1_328' title='bbox 1530 4236 1606 4271; x_wconf 85' lang='lat'><strong>10.</strong></span> 
     </span>
    </p>

    <p class='ocr_par' dir='ltr' id='par_1_18' title="bbox 474 4298 1633 4529">
     <span class='ocr_line' id='line_1_41' title="bbox 546 4298 1633 4367; baseline 0.003 -20"><span class='ocrx_word' id='word_1_329' title='bbox 546 4313 624 4347; x_wconf 82' lang='lat'><strong>10.</strong></span> <span class='ocrx_word' id='word_1_330' title='bbox 678 4298 857 4348; x_wconf 82' lang='lat' dir='ltr'><strong>adiecit</strong></span> <span class='ocrx_word' id='word_1_331' title='bbox 883 4300 1092 4349; x_wconf 81' lang='lat' dir='ltr'><strong>‘uiuum</strong></span> <span class='ocrx_word' id='word_1_332' title='bbox 1109 4298 1144 4362; x_wconf 83' lang='lat' dir='ltr'><strong>’J</strong></span> <span class='ocrx_word' id='word_1_333' title='bbox 1193 4302 1336 4352; x_wconf 86' lang='lat' dir='ltr'><strong>Thus</strong></span> <span class='ocrx_word' id='word_1_334' title='bbox 1358 4301 1396 4351; x_wconf 89' lang='lat' dir='ltr'><strong>it</strong></span> <span class='ocrx_word' id='word_1_335' title='bbox 1421 4317 1633 4367; x_wconf 81' lang='lat' dir='ltr'><strong>appears</strong></span> 
     </span>
     <span class='ocr_line' id='line_1_42' title="bbox 474 4379 1632 4447; baseline 0.003 -18"><span class='ocrx_word' id='word_1_336' title='bbox 474 4380 584 4429; x_wconf 76' lang='lat' dir='ltr'><strong>that</strong></span> <span class='ocrx_word' id='word_1_337' title='bbox 622 4379 737 4437; x_wconf 81' lang='lat' dir='ltr'><strong>Th..</strong></span> <span class='ocrx_word' id='word_1_338' title='bbox 776 4380 830 4430; x_wconf 90' lang='lat' dir='ltr'><strong>in</strong></span> <span class='ocrx_word' id='word_1_339' title='bbox 867 4396 1117 4447; x_wconf 85' lang='lat' dir='ltr'><strong>company</strong></span> <span class='ocrx_word' id='word_1_340' title='bbox 1154 4383 1276 4433; x_wconf 63' lang='lat' dir='ltr'><strong>with</strong></span> <span class='ocrx_word' id='word_1_341' title='bbox 1314 4383 1491 4447; x_wconf 83' lang='lat' dir='ltr'><strong>Chrys.</strong></span> <span class='ocrx_word' id='word_1_342' title='bbox 1532 4384 1632 4433; x_wconf 83' lang='lat' dir='ltr'><strong>and</strong></span> 
     </span>
     <span class='ocr_line' id='line_1_43' title="bbox 477 4460 1069 4529; baseline 0.002 -17"><span class='ocrx_word' id='word_1_343' title='bbox 477 4462 650 4521; x_wconf 71' lang='lat' dir='ltr'><strong>Thdt..</strong></span> <span class='ocrx_word' id='word_1_344' title='bbox 680 4462 797 4514; x_wconf 81' lang='lat' dir='ltr'><strong>read</strong></span> <span class='ocrx_word' id='word_1_345' title='bbox 822 4481 891 4525; x_wconf 83' lang='grc' dir='ltr'><strong>τῳ</strong></span> <span class='ocrx_word' id='word_1_346' title='bbox 912 4460 1069 4529; x_wconf 67' lang='grc' dir='ltr'>ζῶντι.</span> 
     </span>
    </p>
   </div>
   <div class='ocr_carea' id='block_1_14' title="bbox 1731 3571 2896 4444">
    <p class='ocr_par' dir='ltr' id='par_1_19' title="bbox 1731 3571 2891 3716">
     <span class='ocr_line' id='line_1_44' title="bbox 1800 3571 2891 3637; baseline 0.002 -17"><span class='ocrx_word' id='word_1_347' title='bbox 1800 3586 1876 3635; x_wconf 80' lang='lat'><strong>13·</strong></span> <span class='ocrx_word' id='word_1_348' title='bbox 1931 3587 2028 3637; x_wconf 81' lang='lat' dir='ltr'><strong>quo</strong></span> <span class='ocrx_word' id='word_1_349' title='bbox 2061 3572 2287 3636; x_wconf 64' lang='lat' dir='ltr'><strong>superius</strong></span> <span class='ocrx_word' id='word_1_350' title='bbox 2323 3571 2544 3633; x_wconf 75' lang='lat' dir='ltr'><strong>dixerat]</strong></span> <span class='ocrx_word' id='word_1_351' title='bbox 2612 3572 2710 3621; x_wconf 87' lang='lat' dir='ltr'><strong>Le.</strong></span> <span class='ocrx_word' id='word_1_352' title='bbox 2744 3587 2811 3621; x_wconf 93' lang='lat' dir='ltr'><strong>on</strong></span> <span class='ocrx_word' id='word_1_353' title='bbox 2843 3586 2891 3622; x_wconf 89' lang='lat' dir='ltr'><strong>c.</strong></span> 
     </span>
     <span class='ocr_line' id='line_1_45' title="bbox 1731 3651 2021 3716; baseline 0.007 -16"><span class='ocrx_word' id='word_1_354' title='bbox 1731 3651 1796 3700; x_wconf 90' lang='lat' dir='ltr'><strong>iv.</strong></span> <span class='ocrx_word' id='word_1_355' title='bbox 1824 3668 1870 3715; x_wconf 85' lang='lat'><strong>3,</strong></span> <span class='ocrx_word' id='word_1_356' title='bbox 1895 3667 1945 3716; x_wconf 88' lang='lat' dir='ltr'><strong>q.</strong></span> <span class='ocrx_word' id='word_1_357' title='bbox 1973 3668 2021 3702; x_wconf 77' lang='lat' dir='ltr'><strong>v,</strong></span> 
     </span>
    </p>

    <p class='ocr_par' dir='ltr' id='par_1_20' title="bbox 1733 3729 2892 3864">
     <span class='ocr_line' id='line_1_46' title="bbox 1801 3729 2892 3796; baseline 0 -14"><span class='ocrx_word' id='word_1_358' title='bbox 1801 3748 1877 3795; x_wconf 87' lang='lat'><strong>15.</strong></span> <span class='ocrx_word' id='word_1_359' title='bbox 1931 3735 2041 3784; x_wconf 88' lang='lat' dir='ltr'><strong>Deo</strong></span> <span class='ocrx_word' id='word_1_360' title='bbox 2059 3733 2271 3795; x_wconf 68' lang='lat' dir='ltr'><strong>intueri]</strong></span> <span class='ocrx_word' id='word_1_361' title='bbox 2331 3729 2406 3794; x_wconf 75' lang='grc' dir='ltr'><strong>τῷ</strong></span> <span class='ocrx_word' id='word_1_362' title='bbox 2422 3733 2516 3795; x_wconf 73' lang='grc' dir='ltr'><strong>θεῷ</strong></span> <span class='ocrx_word' id='word_1_363' title='bbox 2539 3732 2892 3796; x_wconf 71' lang='grc' dir='ltr'>προσβλέπειν.</span> 
     </span>
     <span class='ocr_line' id='line_1_47' title="bbox 1733 3814 2006 3864; baseline -0.004 0"><span class='ocrx_word' id='word_1_364' title='bbox 1733 3814 1829 3864; x_wconf 93' lang='lat' dir='ltr'><strong>See</strong></span> <span class='ocrx_word' id='word_1_365' title='bbox 1852 3829 1932 3862; x_wconf 81' lang='lat' dir='ltr'><strong>vv.</strong></span> <span class='ocrx_word' id='word_1_366' title='bbox 1951 3814 2006 3863; x_wconf 91' lang='lat' dir='ltr'><strong>ll.</strong></span> 
     </span>
    </p>

    <p class='ocr_par' dir='ltr' id='par_1_21' title="bbox 1731 3894 2894 4122">
     <span class='ocr_line' id='line_1_48' title="bbox 1798 3894 2894 3961; baseline -0.001 -17"><span class='ocrx_word' id='word_1_367' title='bbox 1798 3910 1879 3945; x_wconf 82' lang='lat'><strong>20.</strong></span> <span class='ocrx_word' id='word_1_368' title='bbox 1934 3896 2113 3945; x_wconf 79' lang='lat' dir='ltr'><strong>bonum</strong></span> <span class='ocrx_word' id='word_1_369' title='bbox 2156 3904 2278 3961; x_wconf 83' lang='lat' dir='ltr'><strong>opus</strong></span> <span class='ocrx_word' id='word_1_370' title='bbox 2305 3894 2500 3960; x_wconf 84' lang='lat' dir='ltr'><strong>facere]</strong></span> <span class='ocrx_word' id='word_1_371' title='bbox 2581 3895 2634 3944; x_wconf 83' lang='lat' dir='ltr'>A</span> <span class='ocrx_word' id='word_1_372' title='bbox 2678 3895 2894 3958; x_wconf 82' lang='lat' dir='ltr'><strong>roughly</strong></span> 
     </span>
     <span class='ocr_line' id='line_1_49' title="bbox 1731 3975 2891 4040; baseline -0.001 -15"><span class='ocrx_word' id='word_1_373' title='bbox 1731 3976 1894 4026; x_wconf 76' lang='lat' dir='ltr'><strong>literal</strong></span> <span class='ocrx_word' id='word_1_374' title='bbox 1939 3977 2136 4027; x_wconf 81' lang='lat' dir='ltr'><strong>version</strong></span> <span class='ocrx_word' id='word_1_375' title='bbox 2189 3977 2249 4026; x_wconf 89' lang='lat' dir='ltr'><strong>of</strong></span> <span class='ocrx_word' id='word_1_376' title='bbox 2295 3975 2629 4039; x_wconf 73' lang='grc' dir='ltr'><strong>ἀγαθοεργεῖν.</strong></span> <span class='ocrx_word' id='word_1_377' title='bbox 2717 3976 2891 4040; x_wconf 66' lang='lat' dir='ltr'><strong>vulg„</strong></span> 
     </span>
     <span class='ocr_line' id='line_1_50' title="bbox 1731 4054 2132 4122; baseline -0.002 -16"><span class='ocrx_word' id='word_1_378' title='bbox 1731 4060 1767 4084; x_wconf 84' lang='lat'><strong>‘⁸</strong></span> <span class='ocrx_word' id='word_1_379' title='bbox 1783 4058 1912 4107; x_wconf 88' lang='lat' dir='ltr'><strong>bene</strong></span> <span class='ocrx_word' id='word_1_380' title='bbox 1934 4054 2132 4122; x_wconf 83' lang='lat' dir='ltr'><strong>agere.”</strong></span> 
     </span>
    </p>

    <p class='ocr_par' dir='ltr' id='par_1_22' title="bbox 1733 4135 2896 4444">
     <span class='ocr_line' id='line_1_51' title="bbox 1800 4135 2893 4199; baseline 0 -12"><span class='ocrx_word' id='word_1_381' title='bbox 1800 4154 1827 4187; x_wconf 68' lang='grc' dir='ltr'>α</span> <span class='ocrx_word' id='word_1_382' title='bbox 1835 4153 1879 4199; x_wconf 90' lang='grc'><strong>3.</strong></span> <span class='ocrx_word' id='word_1_383' title='bbox 1928 4136 2340 4199; x_wconf 71' lang='lat' dir='ltr'><strong>thesaurizantes]</strong></span> <span class='ocrx_word' id='word_1_384' title='bbox 2384 4138 2453 4188; x_wconf 95' lang='lat' dir='ltr'><strong>So</strong></span> <span class='ocrx_word' id='word_1_385' title='bbox 2472 4136 2602 4195; x_wconf 82' lang='lat' dir='ltr'><strong>Gk.;</strong></span> <span class='ocrx_word' id='word_1_386' title='bbox 2634 4137 2721 4187; x_wconf 86' lang='lat' dir='ltr'><strong>the</strong></span> <span class='ocrx_word' id='word_1_387' title='bbox 2741 4135 2893 4187; x_wconf 80' lang='lat' dir='ltr'><strong>Latin</strong></span> 
     </span>
     <span class='ocr_line' id='line_1_52' title="bbox 1733 4216 2896 4282; baseline -0.002 -14"><span class='ocrx_word' id='word_1_388' title='bbox 1733 4218 1955 4268; x_wconf 82' lang='lat' dir='ltr'><strong>versions</strong></span> <span class='ocrx_word' id='word_1_389' title='bbox 1977 4234 2064 4269; x_wconf 87' lang='lat' dir='ltr'><strong>use</strong></span> <span class='ocrx_word' id='word_1_390' title='bbox 2094 4218 2180 4267; x_wconf 89' lang='lat' dir='ltr'><strong>the</strong></span> <span class='ocrx_word' id='word_1_391' title='bbox 2210 4217 2525 4282; x_wconf 78' lang='lat' dir='ltr'><strong>conjunctive</strong></span> <span class='ocrx_word' id='word_1_392' title='bbox 2556 4233 2615 4266; x_wconf 92' lang='lat' dir='ltr'><strong>or</strong></span> <span class='ocrx_word' id='word_1_393' title='bbox 2645 4216 2896 4267; x_wconf 77' lang='lat' dir='ltr'><strong>infinitive</strong></span> 
     </span>
     <span class='ocr_line' id='line_1_53' title="bbox 1735 4298 2894 4365; baseline 0 -15"><span class='ocrx_word' id='word_1_394' title='bbox 1735 4301 1823 4360; x_wconf 92' lang='grc' dir='ltr'><strong>(Ο.</strong></span> <span class='ocrx_word' id='word_1_395' title='bbox 1848 4302 1926 4362; x_wconf 91' lang='lat' dir='ltr'><strong>L.‚</strong></span> <span class='ocrx_word' id='word_1_396' title='bbox 1957 4298 2404 4362; x_wconf 81' lang='lat' dir='ltr'><strong>“thesaurizent&#39;’;</strong></span> <span class='ocrx_word' id='word_1_397' title='bbox 2439 4299 2611 4365; x_wconf 63' lang='lat' dir='ltr'><strong>Vulg„</strong></span> <span class='ocrx_word' id='word_1_398' title='bbox 2645 4301 2894 4350; x_wconf 59' lang='lat' dir='ltr'><strong>“thesau-</strong></span> 
     </span>
     <span class='ocr_line' id='line_1_54' title="bbox 1734 4380 1968 4444; baseline 0 -12"><span class='ocrx_word' id='word_1_399' title='bbox 1734 4380 1968 4444; x_wconf 76' lang='lat' dir='ltr'><strong>rizase’&#39;).</strong></span> 
     </span>
    </p>
   </div>
  </div>
 </body>
</html>
