3221 5116
294 392 385 458 11.
418 394 504 478 9.]
1014 403 1096 454 IN
1146 404 1251 456 ΕΡ.
1295 403 1399 453 AD
1445 380 1913 454 T1MoT'HEuM
1962 402 2006 452 1.

426 601 582 644 nam
630 580 811 663 quod
858 577 1035 643 dixit
1080 578 1149 643 in
1180 566 1361 642 oinni
1395 578 1537 654 loca,
1567 577 1985 641 reddendum
2027 583 2130 640 est
2175 574 2268 639 illi
2310 574 2492 639 dicto
2525 576 2713 659 quod

294 686 473 749 dixit
518 684 875 747 extollentes
916 691 1175 746 sanctas
1218 702 1502 756 manus,·
1554 680 1685 743 hoc
1729 679 1908 743 enim
1949 677 2110 743 dicit
2156 678 2473 760 quoniam
2515 679 2532 710 ‘
2558 676 2716 742 uolo

296 808 525 851 eorum
558 787 693 851 tale
736 807 882 850 esse
923 786 1299 849 institutum
1345 786 1440 849 ita
1469 793 1544 849 ut
1574 804 1841 867 semper
1875 792 2159 858 oranteS‚
2191 783 2257 845 in
2292 802 2716 865 quocumque

295 893 443 956 loco
494 891 866 963 orationem
927 888 1142 952 facere
1201 888 1526 964 uidentur,
1590 896 1855 951 sanctas
1930 885 2017 950 ad
2096 885 2318 949 Deum
2381 884 2718 949 extollant

297 990 571 1056 manus?
662 1012 815 1055 nam
865 1000 1124 1053 sanctas
1176 1010 1413 1052 manus
1455 990 1543 1052 ab
1588 973 1863 1052 arbitrio
1908 988 2182 1052 euidens
2228 997 2331 1051 est
2376 1008 2530 1051 eum
2563 987 2718 1050 dix·
2793 1001 2824 1069 5

296 1100 467 1175 isse;
543 1095 721 1159 unde
780 1103 850 1157 et
911 1093 1351 1176 interpretans
1398 1091 1967 1175 quemadmodum
2028 1091 2336 1154 extensio
2396 1109 2716 1154 manuum

296 1200 509 1283 possit
552 1218 696 1260 esse
737 1207 985 1273 sancta,
1030 1195 1262 1277 adicit:
1310 1205 1555 1278 excepta
1603 1194 1708 1257 ira
1749 1203 1812 1257 et
1853 1193 2310 1277 disceptatione.
2400 1216 2718 1279 compen-

297 1305 486 1368 diose
546 1301 912 1385 perfectam
987 1300 1054 1362 in
1112 1299 1217 1362 his
1291 1299 1597 1363 definiuit
1670 1301 2004 1363 uirtutem.
2094 1319 2248 1363 nam
2311 1301 2492 1384 quod
2557 1301 2719 1365 dicit

296 1415 543 1488 excepta
576 1405 694 1479 ira,
728 1402 854 1466 hoc
887 1412 1004 1477 est,
1041 1402 1409 1466 ‘neminem
1453 1400 1800 1464 hominum
1839 1402 2142 1465 odientes
2166 1424 2182 1481 ;
2207 1400 2222 1426 '
2268 1403 2447 1485 quod
2491 1413 2716 1467 autem

298 1510 476 1574 dixit
507 1508 966 1591 disceptatione,
1002 1518 1077 1573 ut
1116 1508 1297 1571 dicat
1328 1506 1544 1570 ‘fideli
1589 1515 1815 1570 mente
1856 1507 2130 1570 minime
2176 1506 2561 1571 dubitantes
2602 1506 2718 1571 illa

298 1613 596 1694 accipere
636 1633 808 1695 quae
856 1610 1238 1694 postulant.'
1327 1633 1417 1674 ex
1472 1611 1684 1675 altero
1734 1612 1911 1675 enim
1953 1612 2298 1675 caritatem
2346 1633 2518 1696 quae
2560 1632 2718 1695 erga

298 1715 682 1798 proximum
717 1724 818 1778 est
849 1715 1029 1777 uisus
1074 1724 1178 1778 est
1207 1714 1655 1791 confirmasse,
1687 1736 1778 1778 ex
1820 1714 2031 1778 altero
2072 1735 2231 1778 uero
2273 1736 2432 1798 erga
2476 1716 2717 1779 Deum.

299 1817 629 1902 siquidem
680 1817 790 1880 ille
838 1818 951 1901 qui
1002 1817 1276 1880 firmiter
1325 1819 1536 1881 credit
1591 1818 1742 1880 Deo
1790 1818 2108 1900 quoniam
2162 1816 2281 1882 dat
2327 1817 2520 1881 nobis
2575 1818 2718 1881 sine

302 1922 553 1985 inuidia
587 1941 1048 2005 quaecumque
1084 1921 1642 2004 postulauerimus
1686 1922 1773 1986 ab
1819 1943 2352 2007 e0‚consequens
2398 1931 2501 1986 est
2547 1931 2615 1986 et
2647 1929 2720 1985 ut

300 2027 538 2110 diligat
592 2028 778 2092 illum
838 2036 1074 2111 utpote
1133 2030 1461 2093 bonorum
1521 2028 1921 2110 largitorem.
2013 2020 2274 2105 deinde,
2342 2027 2569 2090 dicens
2634 2027 2720 2090 de
2756 2038 2829 2106 15

304 2131 489 2210 uiri5‚
522 2131 768 2195 adicit:

2628 405 2708 469 91

2754 1522 2833 1572 10

431 2264 740 2329 similiter
765 2276 978 2330 autem
1017 2277 1080 2330 et
1108 2268 1416 2331 muliere&

441 2375 611 2439 bene
641 2385 868 2440 autem
909 2379 1086 2441 dixit
1125 2378 1448 2456 similiter,
1481 2379 1843 2442 ostendens
1886 2378 2204 2461 quoniam
2249 2380 2565 2445 discreuit
2606 2400 2718 2445 eas

310 2502 449 2545 non
475 2479 603 2543 hac
634 2480 906 2556 ratione,
948 2500 1105 2544 nam
1144 2482 1272 2544 ista
1316 2479 1622 2545 similiter
1661 2491 1729 2544 et
1765 2481 1922 2544 uiris
1952 2482 2189 2545 adesse
2228 2492 2298 2547 et
2335 2483 2721 2548 mulieribus

305 2586 490 2668 cupit
519 2605 535 2663 ;
583 2585 699 2648 sed
734 2594 801 2648 et
832 2595 1202 2650 ceterorum
1233 2608 1434 2651 causa
1478 2589 1564 2651 de
1595 2589 1835 2670 quibus
1873 2587 1979 2651 uel
2026 2589 2322 2653 maxime
2365 2589 2721 2654 exhortare
2752 2606 2838 2655 20

306 2688 619 2752 mulieres
652 2689 1015 2752 necessarie
1047 2689 1415 2754 uidebatur.
1506 2691 1686 2754 unde
1716 2700 1785 2754 et
1815 2690 2019 2754 adicit
2046 2712 2061 2755 ε

408 2837 429 2872 1
480 2837 582 2886 quo
621 2822 745 2886 (sor
775 2823 910 2888 quod
947 2821 1104 2888 2⁰)JJ
1309 2826 1340 2874 8
1385 2824 1557 2875 definit
1582 2826 1671 2875 Cr

311 2919 369 2967 13
406 2904 479 2953 sic
499 2904 704 2968 quidem
733 2905 819 2953 Cr
997 2903 1056 2955 16
1101 2905 1390 2957 mulieribus
1415 2907 1531 2972 (fir
1548 2906 1689 2968 uiris)
1715 2922 1748 2955 r

309 3000 376 3036 ἰο
417 3000 616 3034 causam
654 2986 721 3034 Η
725 3002 758 3034 r

1895 2841 1916 2875 1
1928 2842 1948 2876 1
1999 2841 2129 2890 quae
2169 2826 2426 2891 postulant
2469 2843 2575 2877 acc.
2617 2827 2722 2877 H*

1934 2920 1992 2970 ¹7
2027 2908 2091 2957 de
2114 2907 2226 2971 (bes
2232 2908 2484 2970 mulieres)
2502 2910 2607 2958 add
2621 2910 2688 2958 H
2692 2909 2720 2936 ⁴*

376 3114 421 3150 ι.
490 3117 611 3149 nam
643 3101 779 3166 quod
803 3101 953 3160 dixit,
976 3100 1215 3165 &c.]=rd
1254 3102 1356 3167 γάρ
1392 3107 1468 3155 ⁴e¹v
1566 3123 1618 3171 p.
1663 3121 1736 3164 10,
1772 3106 1806 3156 l.
1851 3104 1928 3164 16,
1961 3112 2098 3155 note.
2166 3106 2364 3168 Above,
2407 3106 2461 3157 in
2499 3106 2585 3157 the
2620 3114 2726 3161 text

308 3188 456 3236 παντὶ
478 3183 642 3248 ’πότερ’
662 3184 733 3249 τῷ
759 3188 1069 3248 ’ἐπαίροντας
1097 3186 1254 3238 ὁσίους
1283 3188 1469 3250 χεῖρας’

307 3267 590 3319 ἀποδοτέον.
661 3270 774 3319 The
807 3269 974 3333 object
1008 3270 1068 3320 of
1095 3270 1195 3320 this
1227 3279 1468 3335 punctua-

309 3351 417 3402 tion
439 3352 482 3402 is
505 3360 558 3401 to
580 3350 732 3401 avoid
755 3351 839 3400 the
862 3351 1110 3401 inference
1133 3352 1240 3402 that
1264 3351 1347 3401 the
1367 3354 1469 3417 Ap.

308 3432 656 3482 recommends
692 3432 777 3481 the
817 3434 1121 3481 ostentation
1160 3433 1324 3482 which
1362 3433 1470 3482 Our

310 3514 448 3563 Lord
470 3514 787 3578 discourages
812 3513 983 3573 (Matt.
1002 3515 1067 3563 vi.
1092 3515 1173 3578 5);
1207 3515 1269 3564 cs.
1288 3514 1467 3578 Chrys.

311 3596 384 3644 ad
418 3595 470 3643 h.
510 3596 546 3643 l.
621 3595 675 3645 S.
717 3595 843 3644 Paul
888 3596 1009 3644 does
1052 3603 1140 3645 not
1186 3612 1274 3661 say
1319 3598 1469 3661 ‘pt-ay

309 3673 656 3739 everywhere,’
678 3674 785 3733 but,
817 3675 1094 3725 ‘wherever
1116 3692 1214 3739 you
1236 3693 1374 3741 pray,
1400 3678 1470 3727 let

310 3756 396 3805 the
418 3756 579 3805 hands
601 3772 699 3821 you
723 3755 799 3805 lift
822 3772 889 3820 up
914 3764 966 3806 to
992 3758 1106 3807 God
1130 3759 1194 3807 be
1216 3759 1376 3822 pure.’

380 3852 427 3900 5.
494 3843 507 3865 ⁸
523 3845 723 3886 sanctas
745 3837 955 3886 manus’
998 3839 1061 3887 ab
1094 3841 1315 3899 arbitrio,
1355 3840 1470 3903 δια]

313 3918 518 3982 Chrys.=
552 3920 643 3979 οὐχ
680 3918 819 3967 ὕδατι
858 3919 1160 3979 νιπτομένας,
1189 3917 1321 3968 ἀλλὰ
1353 3924 1470 3968 πλε-

314 4004 509 4062 ονεξίας,
536 4004 709 4063 φόνων,
736 3999 971 4064 ἁρπαγῆς,
1000 4002 1223 4061 πληγῶν,
1248 4001 1469 4062 καθαράς.

315 4082 503 4146 Origen
540 4083 615 4142 (in
641 4083 787 4132 Rom.
815 4081 864 4147 6)
900 4083 1001 4132 had
1034 4083 1337 4148 anticipated
1372 4084 1471 4133 this

312 4163 648 4228 explanation,
677 4163 778 4212 and
810 4164 959 4229 given
992 4164 1056 4213 its
1090 4165 1301 4228 positive
1334 4166 1468 4217 side:

320 4248 545 4295 “manus
589 4255 790 4296 sanctae
838 4247 1068 4295 dicuntur
1113 4250 1241 4311 qu‘ae
1285 4248 1470 4297 sanctis

315 4327 548 4392 operibus
581 4325 1019 4376 ministrauerint.”
1085 4326 1166 4376 Cf.
1193 4327 1356 4376 Clem.
1382 4328 1465 4388 R„

326 4424 343 4457 ι
378 4407 488 4457 Cor.
520 4421 600 4472 ²9·

384 4503 424 4550 7.
498 4495 687 4552 excepta
726 4487 827 4549 ira]
898 4490 1044 4549 χωρὶς
1081 4489 1239 4551 ὀργῆς.
1314 4489 1393 4540 Cf.
1432 4502 1467 4538 ῐ.

1569 3187 1641 3252 (p.
1661 3203 1743 3252 90,
1766 3187 1799 3237 l.
1825 3188 1927 3248 πο),
1955 3189 2041 3238 the
2063 3187 2329 3237 translator
2339 3188 2441 3238 had
2458 3191 2725 3240 contented

1570 3269 1776 3318 himself
1793 3269 1912 3318 with
1936 3269 2021 3318 the
2036 3270 2187 3335 Vulg.
2213 3271 2480 3336 rendering
2498 3273 2604 3322 sine
2625 3273 2724 3322 ira.

1635 3365 1684 3417 9.
1751 3351 1978 3412 odientes]
2004 3352 2221 3412 R6nseh,
2245 3353 2396 3413 Itala,
2427 3370 2478 3418 p.
2504 3356 2617 3404 282.

1642 3447 1717 3483 ιο.
1794 3432 2192 3497 ’ᾰιέςεερίαίίοηε,’
2225 3441 2285 3483 ut
2313 3435 2461 3493 dabat,
2497 3435 2614 3498 δια]
2656 3438 2726 3488 So

1571 3513 1750 3562 Thdt.:
1792 3510 1898 3561 ἀντὶ
1929 3511 2016 3562 τοῦ
2049 3512 2370 3577 *ἀμφιβολίας
2401 3514 2584 3577 χωρίς,’
2616 3533 2725 3566 πισ-

1567 3597 1718 3643 τεύων
1749 3592 1822 3643 ὅτι
1855 3593 1995 3657 λήψῃ
2030 3594 2222 3647 πάντως
2254 3596 2376 3657 ὅπερ
2408 3599 2569 3648 αἰτεῖς.
2642 3598 2720 3649 Cf.

1571 3677 1626 3726 S.
1652 3677 1800 3726 Mark
1833 3677 1900 3725 xi.
1929 3693 2007 3740 23,
2035 3691 2112 3740 ‘²4-
2182 3677 2294 3727 The
2332 3678 2433 3728 Gk.
2472 3694 2725 3728 commen·

1568 3764 1726 3807 tators
1747 3758 1875 3807 from
1900 3759 2074 3822 Chrys,
2103 3759 2417 3809 downwards
2438 3775 2522 3809 are
2544 3763 2727 3824 agreed

1569 3856 1707 3904 upon
1732 3842 1828 3890 this
1845 3842 2240 3905 interpretation.
2276 3844 2465 3906 Origen
2482 3844 2558 3904 (in
2577 3846 2722 3897 Rom.

1578 3920 1657 3982 ιο)
1705 3922 2008 3971 understood
2059 3924 2073 3948 ⁸
2099 3924 2387 3989 wandering
2430 3925 2727 3991 thoughts’:

1571 4004 1603 4027 ‘⁴
1622 4002 1713 4050 etsi
1751 4002 1847 4051 hoc
1876 4004 1988 4067 quis
2020 4003 2248 4055 obtinere
2282 4007 2497 4070 potuerit
2530 4017 2585 4058 ut
2623 4010 2729 4062 sine

1568 4084 1649 4132 ira
1686 4083 1766 4143 sit,
1803 4083 1887 4132 uix
1920 4092 1994 4133 est
2028 4093 2080 4134 ut
2117 4085 2317 4150 effugiat
2352 4104 2459 4138 esse
2493 4088 2602 4139 sine
2630 4091 2727 4139 dis*-

1568 4166 1842 4228 ccfflataebne,
1880 4164 1930 4214 h.
1954 4182 2017 4226 e.‚
2058 4167 2164 4217 sine
2201 4169 2462 4233 superfluis
2497 4178 2547 4220 et
2584 4172 2728 4223 uanis

1567 4247 2004 4311 cogitationibus.”

1643 4345 1716 4393 17.
1786 4331 2017 4381 sitm‘liter
2034 4338 2196 4382 autem
2218 4340 2263 4382 et
2292 4334 2539 4396 mulieres]
2574 4333 2726 4385 ὠσαύ·

1570 4427 1666 4459 τως
1690 4412 1749 4460 δὲ
1770 4414 1849 4460 καὶ
1871 4429 1920 4473 γ.
1951 4411 2029 4477 (Ρ).
2071 4415 2212 4465 With
2229 4417 2311 4467 the
2325 4433 2506 4468 comm.
2527 4418 2590 4468 cf.
2611 4432 2644 4470 1.
2671 4436 2720 4485 p.

1576 4503 1684 4553 ²452
1714 4491 1745 4540 l·
1780 4508 1805 4555 5
1831 4508 1904 4556 sq·
