3221 5116
297 406 414 471 IV.
450 406 662 491 2—4]
1006 419 1089 470 IN
1138 419 1243 470 ΕΡ.
1289 419 1391 469 AD
1438 415 1904 470 T1M0THEUM
1952 418 2027 467 11.
2585 416 2711 483 223

425 613 559 657 non
592 592 721 658 hoc
752 593 914 657 dicit
953 601 1027 657 ut
1068 594 1423 676 inportune
1457 594 1674 670 instet,
1697 614 1854 657 nam
1889 595 2320 676 inportunum
2351 590 2718 672 quodcum-

293 718 425 780 que
456 706 574 774 est,
605 695 767 760 illud
800 696 981 761 nulla
1013 697 1268 761 ratione
1299 698 1407 779 agi
1440 697 1660 761 debet.
1719 698 1838 760 sed
1870 699 2033 762 dicit
2062 722 2075 762 :
2120 703 2136 733 ‘
2167 697 2421 762 nullum
2454 707 2718 779 tempus

295 801 629 883 relinquas
660 801 1044 881 doctrinae3
1091 795 1290 865 omne
1331 811 1599 882 tempus
1632 809 2085 882 opportunum
2128 801 2253 866 tibi
2299 802 2384 865 ad
2416 800 2545 863 hoc
2576 819 2720 861 esse

297 903 676 968 existimes!
736 903 864 967 hoc
894 905 1164 987 quidem
1197 905 1283 969 de
1314 904 1441 967 illis
1470 905 1636 968 dicit
1665 906 1777 986 qui
1812 906 2044 968 instrui
2077 905 2340 970 debent.
2403 906 2719 987 quoniam

300 1019 523 1073 autem
557 1009 780 1072 euenit
810 1007 1069 1091 aliquos
1101 1006 1399 1072 desidiae
1429 1028 1631 1072 causa
1662 1028 1795 1072 non
1828 1028 2217 1091 permanere
2249 1010 2316 1072 in
2348 1009 2685 1073 doctrina:
2798 1018 2830 1086 5

427 1198 630 1260 argue
663 1174 825 1260 (ait),
859 1176 1123 1260 increpa,
1155 1176 1418 1241 obsecra.

433 1322 671 1402 ‘argue
700 1340 814 1383 eos
847 1319 961 1402 qui
1007 1319 1371 1401 persistunt
1413 1319 1479 1382 in
1523 1327 1896 1401 peccatum,
1928 1327 2002 1382 ut
2042 1319 2429 1403 intellegere
2464 1320 2723 1402 possint

301 1446 495 1488 suurn
544 1433 935 1507 peccatum3
1002 1424 1253 1506 increpa
1302 1424 1700 1487 sentientem
1766 1422 2032 1506 (inquit)
2095 1445 2288 1487 suum
2350 1432 2720 1506 peccatum,

302 1530 428 1593 sub
477 1529 865 1593 definitione
929 1530 1298 1609 constitue;
1366 1528 1632 1605 obsecra,
1686 1526 1884 1590 reduc
1941 1529 2176 1591 iterum
2238 1527 2323 1591 ad
2374 1528 2721 1610 antiquum

301 1640 551 1695 statum
601 1641 754 1715 post
784 1633 1303 1716 poenitentiam!
1391 1643 1460 1697 et
1511 1633 1788 1697 modum
1839 1654 1973 1715 quo
2017 1632 2154 1697 fieri
2193 1632 2318 1695 hoc
2368 1632 2723 1695 conueniat
2761 1609 2838 1695 xo

304 1735 552 1799 docens
583 1756 600 1801 ε

437 1897 508 1961 in
540 1897 721 1962 omni
729 1898 1056 1981 patientia
1083 1909 1147 1963 et
1173 1898 1480 1965 doctrina.

440 2030 688 2108 ‘neque
737 2026 823 2090 ad
870 2028 1292 2111 argutionem
1339 2049 1555 2111 neque
1602 2027 1688 2092 ad
1732 2030 2256 2112 increpationem
2306 2027 2486 2094 nulla
2519 2030 2725 2094 utaris

308 2128 395 2192 de
420 2128 548 2192 illis
572 2150 745 2212 quae
775 2132 883 2212 agi
922 2129 1108 2214 [non]
1142 2132 1585 2195 conueniunt.'
1647 2141 1717 2196 et
1741 2135 2058 2216 quoniam
2092 2134 2445 2198 eueniebat
2468 2133 2727 2217 aliquos

308 2232 474 2298 haec
518 2253 652 2297 non
699 2236 1029 2316 suscipere
1075 2242 1348 2317 propter
1392 2256 1650 2300 morum
1696 2257 1962 2301 suorum
2016 2238 2436 2320 prauitatem,
2488 2224 2725 2301 iterum
2766 2253 2837 2319 15

311 2345 720 2400 memoratur
747 2337 833 2400 de
865 2336 991 2400 illis
1021 2336 1442 2401 hominibus:

437 2483 566 2547 erit
605 2481 872 2568 (inquit)
919 2492 1162 2566 tempus
1204 2503 1350 2546 cum
1380 2503 1615 2546 sanam
1652 2481 2010 2546 doctrinam
2057 2502 2183 2545 non
2222 2481 2581 2560 admittent,
2623 2480 2742 2544 sed

310 2587 654 2652 secundum
683 2608 807 2651 sua
825 2586 1144 2651 desideria
1171 2587 1304 2653 sibi
1331 2587 1488 2669 ipsis
1504 2588 1965 2651 coaceruabunt
1985 2588 2346 2670 magistro&
2363 2587 2735 2671 prurientes

311 2691 586 2756 auribus
602 2715 635 2768 ,·
715 2701 779 2756 et
834 2713 878 2755 a
937 2692 1209 2755 ueritate
1266 2690 1527 2773 quidem
1593 2690 1901 2755 auditum
1951 2700 2258 2767 auertent,
2320 2691 2419 2753 ad
2451 2690 2735 2772 fabulas

313 2805 530 2860 autem
560 2806 1019 2861 conuertentur.
2763 2820 2848 2867 20

414 2984 436 3018 1
473 2971 829 3035 inoportunum
851 2986 884 3020 r
1067 2986 1095 3020 α
1131 2969 1312 3020 debeat
1336 2984 1369 3019 r
1553 2982 1580 3033 7
1617 2977 1824 3035 peccatu
1851 2970 1897 3019 C
1917 2966 2065 3033 (corr)
2094 2975 2303 3034 peccato
2325 2986 2358 3017 r
2381 2966 2390 3033 Ι
2419 2968 2656 3033 intellege
2676 2968 2746 3018 H

311 3066 344 3117 9
376 3058 427 3102 et
451 3051 678 3116 (bqfsub)
701 3051 806 3099 add
822 3066 856 3099 r
994 3066 1055 3101 10
1085 3051 1223 3115 quod
1248 3048 1362 3114 (Jbr
1380 3051 1501 3115 quo)
1518 3051 1585 3100 H
1603 3049 1613 3115 Ι
1644 3051 1741 3101 hoc
1765 3050 1870 3100 fieri
1893 3067 1927 3099 r
2068 3066 2120 3099 11
2159 3050 2305 3099 docet
2329 3065 2362 3098 r
2506 3065 2562 3112 13
2597 3049 2736 3098 nulla

310 3140 476 3182 utares
499 3133 542 3182 C
562 3133 589 3158 ³
614 3133 683 3182 H
716 3130 855 3181 nulla
874 3148 977 3181 non
1000 3140 1069 3182 ut.
1105 3134 1151 3182 C
1170 3130 1315 3196 (corr)
1360 3132 1551 3181 nullam
1573 3132 1778 3182 omittas
1798 3148 1831 3181 r
1997 3148 2055 3195 14
2089 3148 2192 3181 non
2214 3148 2291 3182 om
2320 3131 2364 3181 C
2382 3132 2451 3179 H
2464 3147 2495 3179 r
2519 3130 2527 3195 Ι
2558 3130 2737 3196 aliquis

319 3215 364 3264 C
373 3214 441 3263 H
444 3229 478 3262 r
651 3225 707 3275 17
742 3228 987 3261 summam
1011 3213 1128 3277 (χόν
1145 3214 1340 3275 sanam)
1369 3214 1412 3262 C
1426 3214 1517 3263 H:
1549 3220 1632 3262 txt
1653 3230 1686 3263 r
1853 3213 1911 3262 18
1945 3214 2308 3264 coaceruabant
2331 3213 2399 3262 H

389 3392 432 3427 1.
501 3391 602 3425 non
634 3375 721 3425 hoc
750 3374 903 3436 dicit]
970 3375 1054 3425 Sc.
1076 3374 1304 3424 absolute.
1360 3375 1471 3425 The

317 3465 559 3522 apparent
595 3457 958 3507 contradiction
993 3457 1053 3506 of
1080 3457 1164 3506 the
1197 3472 1378 3506 comm.
1419 3465 1472 3507 to

1573 3375 1866 3426 distinction
1881 3376 2110 3427 deserves
2125 3385 2177 3427 to
2192 3377 2256 3426 be
2270 3377 2434 3427 added
2445 3384 2497 3427 to
2507 3378 2735 3443 Archbp.

1574 3455 1817 3505 Trench’s
1860 3456 2067 3520 chapter
2115 3473 2183 3506 on
2237 3458 2490 3517 ἐπιτιμάω,
2542 3460 2737 3520 ἐλέγχω

316 3538 402 3590 the
425 3554 626 3604 express
646 3539 812 3589 words
835 3539 893 3588 of
922 3541 974 3591 S.
1005 3539 1126 3588 Paul
1150 3540 1240 3588 has
1271 3540 1350 3588 led
1389 3540 1473 3590 the

317 3624 502 3674 scribes
519 3630 572 3673 to
587 3623 783 3689 change
802 3623 1070 3688 inportune
1084 3623 1191 3672 into
1212 3630 1447 3687 oportune
1455 3643 1474 3682 ,-

321 3704 558 3754 Rabanus
579 3705 812 3755 however
834 3705 923 3754 has
949 3704 1213 3769 preserved
1248 3703 1334 3753 the
1367 3711 1475 3753 true

318 3785 540 3849 reading.
603 3784 684 3834 Cf.
707 3782 890 3835 Thdt.:
925 3787 1060 3834 οὐδὲν
1086 3786 1289 3845 ἀκαίρως
1310 3784 1474 3844 7277&-

320 3882 460 3923 μενον
498 3868 852 3926 ἐπαινούμενον.
935 3868 998 3916 οὐ
1032 3867 1232 3916 τοίνυν
1278 3866 1477 3915 ἅπλῶς

322 3947 420 3995 καὶ
458 3946 528 3996 ὡς
566 3949 781 4010 ἔτυχεν
822 3948 966 3997 αὑτὸν
1007 3950 1257 4009 κηρύττειν
1292 3963 1474 4008 παρεγ·

320 4027 430 4088 ff,
492 4029 624 4076 ἀλλὰ
676 4030 840 4077 πάντα
889 4030 1050 4092 καιρὸν
1098 4029 1367 4088 ἐπιτήδειον
1414 4030 1478 4077 εἰς

322 4111 467 4158 τοῦτο
509 4110 700 4173 νομίζω.
794 4109 1001 4172 Chrys-2
1058 4109 1134 4158 ἀεί
1186 4125 1266 4158 σοι
1321 4109 1480 4170 καιρὸς

324 4193 469 4240 ἔστω.

387 4271 438 4322 6.
507 4271 723 4335 increpa,
771 4272 977 4334 obsecra]
990 4272 1352 4332 εέπιτίμησον,
1388 4289 1480 4320 πα·

322 4355 610 4419 ρακάλεσον.
680 4355 751 4405 So
784 4354 963 4417 Chrys.
997 4354 1099 4403 and
1131 4354 1287 4405 Thdt.
1368 4354 1480 4404 The

326 4439 477 4491 Latin
499 4437 789 4487 authorities
812 4436 970 4486 invert
995 4437 1095 4487 this
1116 4437 1278 4487 order.

394 4535 438 4583 7.
483 4520 1169 4586 argue,..incrcpa...0bsecra]
1215 4520 1340 4570 This
1355 4527 1483 4570 terse

1577 3535 1720 3599 (Syn.
1744 3536 1818 3584 N.
1848 3537 1904 3584 T.
1933 3549 1966 3585 1.
1991 3539 2018 3597 ἕ
2042 3538 2108 3600 4).
2180 3538 2260 3587 Cf.
2291 3537 2440 3588 Oec.:
2469 3540 2730 3598 ἔλεγξον...

1575 3620 1654 3666 καὶ
1686 3621 1814 3678 μετὰ
1842 3620 1910 3668 τὸ
1943 3621 2252 3679 ἀποδεῖξαι
2284 3621 2342 3668 τὸ
2365 3621 2604 3681 πταῖσμα,
2633 3622 2735 3669 ἑπι-

1576 3700 1952 3759 τὶμησον...εἶτα
1983 3701 2107 3760 μετὰ
2141 3705 2245 3762 τὴν
2280 3702 2540 3762 πληγήν,
2575 3702 2736 3751 ἐπίθες

1578 3782 1903 3843 φάρμακον·
1932 3782 2292 3843 παρακάλεσον.

1649 3877 1724 3925 13.
1783 3865 2383 3927 neque...neque...nulla]
2440 3865 2536 3914 See
2557 3863 2735 3925 vv.ll.;

1579 3944 1682 3994 and
1727 3945 1789 3994 cf.
1832 3944 2052 4004 Ronsch,
2092 3945 2246 4002 Itala,
2278 3961 2330 4009 p.
2366 3945 2481 4009 446.
2550 3947 2728 4011 Comp-

1578 4027 1785 4091 Chrys.=
1828 4029 1897 4086 μὴ
1937 4027 1996 4075 ὡς
2029 4025 2531 4089 timescimus-...cinci
2563 4031 2642 4087 τίς
2677 4027 2736 4079 ὡς

1579 4110 1752 4169 φιλῶν,
1796 4107 1855 4157 ὡς
1899 4109 2172 4168 συναλγῶν,
2218 4109 2280 4159 ὡς
2321 4107 2513 4168 μᾶλλον
2556 4112 2735 4160 ἐκείνου

1580 4191 1786 4238 πενθῶν.
1828 4188 2100 4238 Ambrstr.:
2127 4192 2157 4217 ‘⁴
2170 4188 2276 4239 sine
2293 4190 2623 4240 amaritudine
2638 4191 2737 4241 hoc

1579 4271 1831 4335 agendum
1853 4267 2132 4319 hortatur.’'

1654 4365 1728 4415 17.
1785 4350 2072 4412 admittent]
2137 4352 2289 4402 Lafin
2327 4353 2551 4404 versions
2587 4369 2737 4419 gene·

1584 4433 1725 4498 rally‚
1792 4431 2208 4483 “sustinebunt.”
2324 4436 2620 4495 Secundum,
2681 4450 2736 4484 so

1586 4518 1766 4581 Cypr.;
1800 4516 1944 4568 other
1968 4516 2116 4568 Latin
2139 4516 2445 4578 authorities,
2477 4523 2507 4547 ‘⁸
2525 4515 2640 4566 ad.”
