3221 5116
537 382 661 464 308

1510 392 1896 445 APPENDIX
1942 394 2011 445 A.

537 583 737 641 neque
763 563 928 626 iuxta
952 582 1087 626 eam
1115 581 1269 641 quae
1295 560 1357 624 in
1387 561 1589 624 multis
1617 561 1978 641 intellegitur
2011 562 2283 642 gratiam,
2312 562 2419 624 sed
2458 554 2623 624 iuxta
2656 563 2964 641 quandam

539 664 950 737 exceilentem,
983 661 1316 723 secundum
1341 680 1525 738 quam
1555 660 1737 722 etiam
1765 659 2015 722 adunari
2043 660 2301 721 dicimus
2328 670 2609 738 utrasque
2636 673 2877 722 naturas
2903 672 2966 722 et

541 779 723 822 unam
753 758 919 822 iuxta
943 757 1373 825 adunationem
1404 760 1680 820 effectam
1708 778 1842 820 esse
1869 777 2207 837 personam.

1581 1052 1762 1111 Boon
1805 1066 1933 1109 xw.

1184 1200 1234 1241 1.
1321 1176 1562 1263 [Leont-
1592 1183 1632 1240 l.
1664 1200 1705 1242 c.
1741 1178 1832 1260 (ἐκ
1851 1185 1953 1240 τοῦ
1983 1177 2050 1240 ιδ’
2078 1176 2327 1262 λόγου>].

663 1308 957 1371 Ἐντεῦθεν
983 1307 1084 1371 οὖν
1110 1307 1204 1369 καὶ
1227 1308 1481 1385 τοσαύτη
1504 1308 1740 1392 γε’γονεν
1757 1309 1888 1388 περὶ
1901 1308 2001 1370 τόν
2015 1307 2316 1387 ἄνθρωπον
2330 1305 2537 1387 ἧτιμή,
2558 1304 2970 1378 καταξιωθέντα

481 1412 513 1472 5
544 1406 699 1470 θείας
737 1405 1071 1484 ἐνοικήσεως
1107 1412 1209 1468 τοῦ
1238 1431 1304 1468 τε
1341 1407 1633 1483 καθῆσθαι
1664 1409 1726 1466 ἑκ
1760 1406 1953 1479 δεξιῶν
1990 1408 2093 1467 τοῦ
2132 1407 2345 1483 πατρὸς
2386 1405 2480 1466 καὶ
2518 1403 2972 1484 προσκυνεῖσθαι

545 1504 700 1583 παρὰ
730 1503 924 1581 πάσης
953 1507 1057 1581 τῆς
1085 1503 1333 1568 κτίσεως.
1380 1501 1511 1564 οὐδὲ
1546 1503 1660 1587 γὰρ
1698 1502 1769 1565 ἂν
1810 1503 1845 1565 ὅ
1890 1503 2018 1568 θεὸς
2060 1502 2234 1567 οὕτως
2265 1502 2463 1567 ἅπλῶς
2512 1503 2605 1563 καὶ
2641 1496 2773 1563 ἄνευ
2817 1500 2971 1565 τινὰς

545 1604 834 1682 χρησίμου
860 1601 1042 1687 λόγου
1068 1602 1364 1682 ἄνθρωπον
1387 1605 1494 1682 μὶν
1523 1604 1856 1682 ἐλάμβανεν
1889 1604 1985 1663 καὶ
2021 1601 2161 1680 ἦνον
2199 1602 2342 1681 πρὸς
2380 1600 2595 1675 ἑαυτόν,
2636 1603 2969 1680 προσκυνεῖ-

545 1701 687 1762 σθαι
711 1701 865 1777 παρὰ
891 1704 992 1776 τῆς
1019 1700 1251 1764 κτίσεως
1276 1698 1715 1777 παρασκεύαζων
1740 1698 1988 1775 ἀπάσης,
2015 1699 2117 1764 τοὶς
2147 1699 2212 1760 δέ
2239 1724 2306 1780 γε
2333 1699 2537 1775 νοητὰς
2564 1697 2767 1775 φύσεις
2791 1721 2968 1775 προσ·

549 1801 732 1861 κυνεῖν
763 1798 1021 1873 ἐδικαίου,
1054 1802 1102 1860 εἰ
1126 1797 1208 1876 μή
1233 1797 1306 1859 τὰ
1330 1801 1462 1877 περὶ
1488 1795 1659 1861 αὐτᾶν
1684 1797 1964 1881 γεγονότα
2004 1797 2160 1877 κοινῆ
2200 1797 2394 1876 πάσης
2432 1796 2506 1875 ἦν
2537 1795 2831 1880 εὐεργεσία
2866 1801 2972 1872 τῆς

448 1918 473 1957 1
484 1919 522 1957 o
549 1896 819 1967 κτίσεως..

555 2098 604 2138 2.
694 2076 931 2161 [Leont.
990 2079 1030 2140 l.
1086 2099 1128 2140 c.
1187 2078 1273 2157 (ἐκ
1316 2080 1419 2138 τοῦ
1463 2075 1636 2138 αὐτοῦ
1689 2075 1910 2158 λόγου).
1999 2080 2131 2140 Act.
2193 2080 2386 2141 Cone.
2445 2079 2566 2140 CP.
2626 2075 2685 2137 ii.
2746 2092 2826 2135 ιν.
2891 2091 2971 2153 54

714 2176 778 2252 (“
796 2176 1064 2239 eiusdem
1097 2175 1406 2239 Thwdori
1447 2197 1522 2239 ex
1563 2188 1777 2255 quarto
1820 2175 2058 2239 decimo
2101 2177 2254 2240 libro
2296 2177 2563 2239 eiusdem
2604 2174 2877 2255 opusculi
2890 2174 2967 2253 '').

713 2271 847 2352 vig.
882 2292 914 2352 5
923 2270 1003 2355 5].

632 2385 816 2447 Ταῧτό
870 2387 931 2448 δὲ
973 2391 1141 2449 τοῦτο
1188 2386 1456 2467 φήσομεν
1497 2386 1721 2452 δικαίως

554 2483 649 2544 καὶ
692 2483 787 2544 ἐπὶ
831 2486 932 2545 τοῦ
977 2484 1186 2563 κυρίου,
1229 2483 1318 2546 ὅτι
1363 2509 1471 2564 περ
1513 2482 1546 2545 ὅ
1589 2484 1719 2548 θεᾶς

554 2581 733 2665 λόγος
759 2580 1132 2661 ἐπιστάμενος
1161 2581 1333 2652 αὐτοῦ
1356 2581 1462 2660 τὴν
1487 2580 1715 2660 αἱρετήν,

556 2680 650 2741 καὶ
685 2677 756 2757 δὴ
793 2678 935 2740 κατὰ
959 2679 1287 2762 πρόγνωσιν
1315 2680 1473 2744 εὕθὺς
1499 2677 1714 2740 ἄνωθεν

454 2795 524 2854 15
557 2781 618 2838 ἑν
641 2780 716 2856 τῇ
741 2780 845 2854 τῆς
871 2775 1227 2841 διαπλάσεως
1252 2774 1402 2856 ἆρχῇ
1430 2776 1726 2853 δνοικῆσαί

556 2897 621 2935 τε
647 2871 954 2950 εὐδοκήσας
982 2873 1076 2933 καὶ
1101 2871 1311 2937 ἑνόσας
1335 2870 1506 2933 αὐτὰν
1545 2873 1720 2952 ἑαυτῷ

553 2974 628 3052 τῇ
668 2973 874 3052 σχέσει
909 2974 1011 3048 τῆς
1052 2973 1296 3054 γνώμης,
1328 2968 1560 3049 μείζονά
1593 2993 1720 3030 τινα

556 3072 823 3148 παρεῖχεν
861 3066 1006 3147 αὐτῷ
1044 3067 1151 3144 τὴν
1189 3068 1374 3148 χάριν,
1412 3066 1486 3132 οἷς
1510 3072 1615 3145 τῆς
1641 3069 1720 3131 εἰς

478 3181 483 3186 ”
556 3166 730 3228 αὐτόν
767 3165 999 3248 χάριτος
1039 3169 1120 3231 εἷς
1160 3166 1375 3231 πάντας
1413 3167 1545 3231 τοὺς
1591 3165 1722 3243 ἑξῆς

456 3287 531 3326 20
561 3263 1038 3342 διαδοθησομένης
1064 3261 1402 3341 α’νθρῶπους.
1474 3264 1607 3325 ὅθεν
1625 3265 1724 3324 καὶ

556 3362 664 3439 τήν
688 3360 818 3440 περὶ
851 3359 926 3422 τὰ
961 3358 1113 3422 καλοὶ
1150 3359 1425 3440 πρόθεσιν
1461 3360 1724 3441 ἀκέραιον

557 3461 705 3539 αὐτῷ
732 3459 1109 3536 διεφύλαττεν.

640 3560 708 3618 οὔ
744 3556 857 3641 γὰρ
898 3555 967 3633 δὴ
1004 3559 1174 3617 τοῦτο
1206 3555 1476 3634 φήσομεν
1499 3554 1588 3617 ὅτι
1613 3580 1723 3634 περ

560 3654 595 3717 ὅ
628 3654 919 3732 ἅνθρωπος
956 3652 1232 3732 πρόθεσιν
1264 3653 1417 3733 εἶχεν
1442 3652 1721 3730 οὐδεμίαν,

460 3771 490 3809 2
499 3767 530 3828 5
562 3751 695 3814 ἀλλ’
740 3752 832 3814 ὅτι
883 3752 1246 3830 προῦτεθεῖτο
1297 3751 1402 3828 μὶν
1456 3751 1604 3829 αὐτῷ
1654 3749 1727 3811 ro*

563 3849 765 3911 καλόν·
805 3853 1039 3928 μᾶλλον
1079 3848 1139 3909 δὲ
1177 3847 1428 3924 πλείστη
1454 3843 1601 3927 αὐτῷ
1625 3848 1728 3923 τῆς

564 3947 705 4007 κατὰ
725 3944 997 4024 πρόθεσιν
1015 3946 1245 4023 προσῆν
1263 3941 1301 4020 ἦ
1326 3967 1390 4005 τε
1415 3945 1519 4003 τοῦ
1545 3943 1726 4001 καλοῦ

564 4042 782 4125 στοργή
837 4043 933 4102 καὶ
973 4041 1041 4103 τὸ
1082 4045 1184 4102 τοῦ
1226 4039 1476 4101 ἐναντίου
1516 4041 1726 4116 μῖσος·

563 4139 966 4217 διεφυλάττετο
1007 4139 1068 4200 δὲ
1114 4138 1262 4219 αὐτῷ
1310 4137 1384 4200 τοῖ
1436 4141 1539 4216 τῆς
1590 4164 1727 4217 προ·

460 4261 538 4318 30
564 4237 773 4302 θέσεως
811 4237 1043 4317 ἀκέραια
1081 4235 1193 4298 {oa-6
1232 4239 1333 4312 τῆς
1371 4236 1527 4301 θείας
1557 4236 1719 4316 χάρι-

563 4361 677 4411 τος,
713 4333 921 4396 ἄνωθεν
955 4340 1058 4398 τοῦ
1079 4336 1213 4397 θεοῦ
1239 4332 1437 4399 ὁποῖός
1460 4359 1546 4399 τις
1572 4335 1731 4397 ἐστὶν

767 4512 819 4546 11
858 4496 1072 4546 dicimus
1103 4497 1155 4546 V

1414 4512 1430 4545 1
1440 4510 1468 4558 5
1501 4496 1794 4548 cohabitare
1828 4498 1879 4547 V

1897 2388 2074 2450 Idem
2123 2388 2243 2449 hoc
2282 2387 2555 2450 dicemus
2596 2386 2751 2448 iuste
2790 2397 2851 2448 et
2892 2386 2974 2449 de

1815 2486 2103 2564 Domino,
2116 2489 2285 2567 quod
2301 2491 2471 2550 Deus
2477 2487 2762 2561 Verbum,
2775 2485 2975 2549 sciens

1813 2583 1944 2645 eius
1984 2581 2280 2660 virtutem,
2326 2596 2388 2648 et
2427 2585 2763 2645 secundum
2807 2602 2975 2661 prae·

1814 2677 2127 2739 scientiam
2155 2679 2355 2740 statim
2376 2679 2441 2740 in
2468 2679 2601 2758 ipso
2621 2677 2793 2740 initio
2812 2699 2979 2740 com·

1812 2778 2226 2855 plasmationis
2237 2779 2569 2841 inhabitare
2584 2781 2742 2841 bene
2761 2778 2974 2854 uoluit,

1814 2884 1875 2935 et
1911 2876 2123 2937 uniens
2165 2896 2305 2946 eum
2346 2877 2461 2938 sibi
2503 2879 2722 2946 affectu
2766 2877 2982 2938 uolun-

1813 2971 1954 3033 tatis
1982 2973 2268 3035 maiorem
2303 2975 2609 3053 quandam
2637 2974 2980 3052 praestabat

1814 3070 1871 3131 ei
1909 3070 2176 3149 gratiam,
2222 3084 2435 3150 utpote
2472 3071 2661 3150 gratia
2701 3091 2856 3150 quae
2911 3072 2980 3132 in

1814 3188 1953 3230 eum
2004 3180 2094 3230 est
2138 3169 2201 3230 in
2250 3189 2463 3232 omnes
2509 3169 2784 3232 homines
2830 3168 2983 3231 diui-

1815 3265 2033 3327 denda.
2121 3266 2282 3328 unde
2310 3277 2371 3328 et
2397 3265 2557 3328 circa
2580 3268 2743 3328 bona
2767 3268 2986 3329 uolun-

1816 3373 2001 3425 tatem
2023 3363 2311 3443 integram
2335 3365 2391 3426 ei
2408 3363 2800 3427 custodiebat.
2847 3384 2980 3427 non

1816 3460 1977 3520 enim
2017 3461 2169 3522 haec
2207 3461 2498 3536 dicemuS,
2533 3463 2700 3540 quod
2736 3460 2836 3524 ille
2868 3463 2982 3522 ho-

1815 3576 1919 3619 mo
1975 3560 2345 3619 uoluntatem
2408 3558 2672 3620 habebat
2731 3559 2979 3633 nullam,

1817 3657 1926 3717 sed
1967 3657 2134 3734 quod
2177 3656 2421 3718 uolebat
2449 3656 2695 3734 quidem
2724 3658 2980 3732 bonum,

1816 3753 2005 3832 magis
2059 3766 2263 3816 autem
2307 3754 2362 3817 ei
2417 3756 2749 3818 uoluntas-ie
2803 3755 2988 3835 pluri·

1817 3869 1986 3911 mum
2012 3852 2219 3912 aderat
2261 3863 2323 3914 et
2350 3852 2497 3915 boni
2526 3852 2886 3916 desiderium
2914 3867 2985 3918 et

1818 3947 2096 4009 contrarii
2112 3947 2336 4010 odium.
2395 3952 2858 4013 conseruabatur
2877 3970 2988 4013 ue-

1818 4063 1888 4106 ro
1953 4063 1991 4104 a
2046 4044 2254 4107 diuina
2316 4047 2506 4125 gratia
2559 4047 2643 4109 illi
2698 4050 2989 4116 uoluntas

1819 4141 2048 4219 integra
2091 4143 2169 4204 ab
2213 4142 2404 4220 initio,
2452 4147 2590 4207 Deo
2631 4145 2823 4224 qualis
2867 4145 2989 4208 erit

1819 4236 2112 4299 subtiliter
2157 4239 2400 4313 sciente,
2449 4241 2556 4318 qui
2604 4254 2666 4305 et
2711 4243 2790 4303 ad
2833 4262 2988 4304 con-

1820 4335 2180 4396 firmandum
2226 4357 2365 4399 eum
2415 4358 2698 4417 magnam
2750 4337 2835 4400 illi
2882 4359 2992 4401 co-

2131 4515 2191 4549 22
2227 4500 2324 4550 hoc
2358 4501 2436 4566 V!
2462 4501 2700 4553 docemus
2727 4503 2773 4553 C
