3221 5116
421 1990 494 2060 ις
525 1972 849 2056 probauit.

514 353 602 431 96
1187 356 1646 412 THEODORUS
1696 357 2280 411 MOPSUESTENUS

2687 345 2807 431 [ΙΙ.
2847 357 2942 427 ις.

517 535 687 599 dens
718 534 900 619 quod
932 535 1146 600 salute
1187 534 1393 619 digna
1430 555 1576 599 esse
1620 534 1887 599 uidetur
1926 537 2277 619 progenies
2322 556 2441 619 per
2477 555 2590 599 eas
2632 533 2942 598 mulieres

520 657 693 719 quae
741 637 829 700 ad
875 637 1197 719 pietatem
1244 637 1605 720 respiciunt
1652 645 1720 701 et
1774 648 2171 720 permanent
2219 637 2286 700 in
2336 637 2472 701 fide
2523 646 2593 701 et
2645 636 2938 710 caritate,

522 740 781 804 necnon
812 750 881 805 et
925 739 1450 804 sanctificatione
1492 741 1798 803 uiuentes
1840 761 1993 804 cum
2040 741 2377 824 pudicitia,
2411 751 2480 806 et
2521 741 2938 824 diligentiam

520 863 681 906 suae
711 842 1107 908 adhibentes
1138 845 1335 907 uitae.
1424 864 1580 934 nam
1629 844 1809 927 quod
1860 846 2054 920 dixit,
2083 846 2459 911 saluabitur
2476 858 2601 931 per
2627 846 2938 930 filiorum

457 961 488 1028 5
512 946 1002 1027 generationem,
1034 967 1168 1011 non
1200 947 1285 1009 de
1318 946 1465 1009 Eua
1498 947 1676 1023 dicit,
1710 946 1828 1011 sed
1860 947 1946 1011 de
1981 969 2223 1030 genere
2267 948 2597 1032 loquitur;
2645 972 2726 1015 eo
2757 950 2940 1034 quod

523 1054 591 1110 et
623 1048 707 1110 de
743 1069 984 1131 genere
1014 1049 1366 1132 disputans
1407 1049 1494 1113 ad
1527 1070 1847 1132 personas
1878 1053 2149 1115 recurrit
2180 1051 2410 1117 Adam
2444 1063 2511 1118 et
2545 1054 2748 1132 Euae,
2783 1054 2941 1118 inde

523 1149 815 1228 probans
863 1149 1043 1233 quod
1095 1170 1227 1214 non
1276 1153 1631 1214 conueniat
1680 1152 1767 1215 ad
1819 1153 2026 1217 instar
2069 1156 2360 1218 uirorum
2407 1156 2611 1219 etiam
2653 1156 2775 1220 has
2811 1155 2940 1219 sibi

462 1316 469 1322 .
524 1264 748 1318 actum
810 1255 877 1317 in
936 1275 1291 1318 commune
1365 1254 1720 1320 uindicare.
1812 1264 1881 1320 et
1942 1276 2026 1320 ne
2086 1258 2412 1323 incusatio
2472 1259 2734 1343 generis
2793 1279 2942 1322 esse

523 1353 859 1420 uideretur
903 1355 1064 1420 illud
1112 1356 1291 1439 quod
1341 1357 1427 1420 de
1476 1358 1775 1439 personis
1829 1357 2190 1436 dicebatur,
2244 1360 2416 1424 bene
2464 1358 2760 1424 ostendit
2806 1378 2940 1421 non

416 1470 496 1542 lo
522 1475 665 1532 esse
697 1458 1031 1522 adiectum
1062 1478 1290 1540 genus,
1322 1478 1539 1541 neque
1580 1460 2033 1542 reprobandas
2075 1460 2161 1523 ad
2206 1461 2525 1543 pietatem
2569 1480 2713 1523 esse
2748 1458 2943 1523 muli-

521 1579 664 1623 eres
700 1582 871 1643 quae
916 1560 1152 1625 uolunt
1196 1562 1615 1644 diligentiam
1660 1561 1977 1626 adhibere
2023 1564 2604 1642 conuenientium;
2649 1573 2724 1629 ut
2759 1565 2944 1627 dicat
3047 1591 3058 1598 ·

523 1668 839 1750 quoniam
895 1665 1018 1729 ‘ad
1076 1666 1396 1747 pietatem
1446 1664 1751 1742 similiter
1801 1666 2219 1749 recipiendae
2263 1677 2420 1733 sunt
2463 1668 2636 1732 sicut
2681 1668 2821 1741 uiri,
2870 1668 2967 1747 in-

523 1768 863 1832 communi
922 1788 1081 1831 uero
1140 1767 1659 1850 congregatione
1719 1769 2153 1850 posteriorem
2216 1789 2329 1832 eas
2389 1779 2654 1853 oportet
2718 1767 2940 1831 locum

524 1870 785 1945 tenere.’

876 1879 943 1934 et
996 1870 1175 1953 quod
1231 1871 1324 1933 ita
1373 1868 1617 1932 debeat
1669 1869 1827 1947 fieri,
1882 1892 1970 1935 ex
2023 1873 2250 1935 multis
2305 1873 2373 1936 id
2423 1873 2706 1956 negotiis
2759 1892 2942 1935 com·

966 1973 1193 2055 sicque
1261 1970 1381 2055 [in]
1447 1992 1651 2035 sexus
1725 1973 2073 2038 ecclesiam
2147 1974 2471 2052 diuiden3‚
2533 1982 2943 2038 memoratus

526 2082 629 2137 est
695 2074 1005 2138 semotim
1075 2074 1346 2157 quidem
1406 2077 1715 2152 uirorum,
1776 2077 2084 2139 semotim
2145 2098 2306 2141 uero
2367 2076 2756 2153 mulierum3
2826 2076 2941 2139 ubi

526 2181 708 2245 uisus
752 2187 854 2242 est
897 2179 1234 2242 communi
1283 2177 1759 2260 exhortatione
1802 2180 2004 2242 etiam
2052 2200 2130 2243 ea
2179 2180 2432 2244 dixisse
2474 2200 2646 2262 quae
2676 2180 2942 2262 proprie

627 2365 652 2417 7
688 2353 754 2403 ad
779 2352 886 2416 (bqf
893 2352 1067 2412 instar)
1090 2367 1167 2401 om
1197 2352 1242 2401 C
1268 2354 1418 2413 (corr)

525 2436 683 2497 niam)
707 2452 739 2484 r
763 2433 772 2499 Ι
802 2435 913 2484 sim.
950 2435 1013 2484 ad
1039 2450 1086 2500 p.
1117 2435 1181 2483 H
1189 2433 1217 2458 ⁴*
1246 2433 1255 2498 Ι
1284 2434 1412 2484 sicut
1445 2441 1495 2484 et
1516 2449 1566 2484 u.
1589 2450 1624 2483 r

526 2532 749 2569 seorsum
774 2514 890 2583 (sor
908 2532 1052 2574 sem„
1074 2513 1215 2580 sem.)
1240 2534 1273 2567 r

532 2662 673 2711 “nec
705 2659 771 2710 de
804 2659 915 2709 Eua
946 2658 1044 2709 hoc
1082 2658 1227 2716 dixit,
1271 2658 1358 2708 sed
1403 2659 1468 2708 de
1499 2673 1682 2722 genere

524 2739 793 2807 loquitur.''

593 2838 640 2886 5.
707 2838 808 2872 non
840 2822 899 2871 de
927 2822 1052 2870 Eua
1080 2819 1229 2882 aratra]
1270 2820 1453 2869 Thdt.:
1487 2816 1541 2868 οὖ
1574 2819 1684 2879 περὶ

524 2904 610 2965 τῆς
650 2905 776 2955 Εὔας
809 2906 919 2966 ἔφη,
960 2900 1090 2951 ἀλλὰ
1120 2904 1231 2965 περὶ
1273 2898 1360 2950 τοῦ
1403 2897 1561 2950 κοινοῦ
1595 2898 1685 2960 τῆς

526 2988 731 3049 φύσεως.

591 3068 704 3118 The
726 3066 1103 3130 interpretation
1128 3065 1185 3113 of
1219 3062 1300 3113 διὰ
1337 3064 1423 3123 τῆς
1459 3079 1682 3122 τεκνογο-

526 3147 625 3199 νίας
658 3145 946 3195 mentioned
980 3146 1050 3208 by
1087 3144 1279 3208 Thpht.
1322 3141 1464 3208 (τινὲς
1500 3143 1552 3190 δὲ
1596 3143 1684 3191 οὐκ

528 3226 617 3279 οἵδ’
660 3228 787 3277 ὅπως
829 3227 1134 3288 τεκνογονίαν
1181 3226 1384 3285 ἐνόησαν
1425 3223 1529 3283 τὴν
1583 3223 1684 3282 τῆς

529 3309 832 3373 θεον-ὅκου)
887 3309 988 3359 and
1042 3309 1271 3358 ascribed
1326 3309 1378 3357 in
1435 3304 1684 3356 Cramer’s

528 3400 707 3443 catena
734 3400 788 3442 to
818 3408 883 3441 an
913 3407 1222 3455 anonymous
1255 3390 1434 3439 author
1460 3390 1562 3451 (vii.
1591 3404 1681 3438 ἠε

528 3476 677 3526 ἄλλος
705 3476 868 3536 φησιν·
903 3473 1107 3539 σώζεται
1146 3472 1205 3522 τὸ
1225 3474 1494 3535 ’γυναικεῖον
1522 3473 1678 3535 γένος,

530 3559 612 3607 καὶ
648 3556 788 3605 πᾶσα
827 3557 879 3606 δὲ
915 3556 946 3616 ἡ
982 3557 1079 3603 τῶν
1103 3553 1367 3617 ἀνθρώπων
1404 3555 1561 3615 φύσις,
1613 3550 1688 3601 διὰ

529 3637 618 3689 τοῦ
670 3640 723 3698 ἐξ
783 3638 929 3697 αὐτῆς
984 3633 1109 3685 κατὰ
1185 3634 1341 3698 σάρκα
1403 3634 1686 3692 τικτομένου

531 3716 764 3786 Χριστοῦ)
788 3719 918 3770 finds
948 3735 1014 3768 no
1048 3719 1191 3784 place
1214 3717 1267 3766 in
1290 3716 1378 3767 the
1408 3720 1686 3765 comments

530 3805 589 3854 of
604 3805 689 3854 the
714 3801 1071 3861 Antiochenes‚
1100 3806 1153 3849 to
1175 3799 1343 3849 whose
1382 3799 1588 3848 method
1628 3799 1688 3848 os

531 3885 751 3951 exegesis
772 3886 811 3935 it
832 3900 936 3935 was
957 3883 1088 3932 alien
1110 3901 1126 3943 ;
1158 3883 1258 3932 and
1276 3881 1390 3931 thus
1411 3881 1675 3931 discarded

528 3969 696 4032 hythe
717 3976 855 4032 great
887 3967 1097 4016 Eastern
1129 3965 1423 4029 expositors,
1459 3963 1497 4013 it
1535 3962 1686 4012 sailed

531 4056 586 4098 to
603 4047 721 4113 gain
744 4063 809 4096 an
832 4054 1065 4096 entrance
1088 4046 1193 4095 into
1218 4046 1302 4094 the
1344 4044 1500 4093 West.
1574 4044 1687 4094 The

532 4129 681 4178 Latin
726 4126 924 4182 fatherS,
968 4125 1215 4184 however,
1267 4125 1394 4174 from
1433 4124 1682 4173 Ambrstr.

530 4208 842 4270 downwarm
862 4206 1116 4271 generally
1137 4204 1445 4254 understood
1468 4203 1553 4253 the
1577 4219 1686 4267 pas-

531 4304 649 4353 sage
685 4287 737 4336 in
780 4302 812 4335 a
855 4285 1084 4350 mystical
1127 4301 1286 4342 sense,
1333 4283 1523 4348 though
1571 4283 1688 4347 they

531 4367 739 4419 dissei-ed
773 4366 955 4430 widely
976 4381 1031 4415 as
1063 4372 1117 4415 to
1149 4365 1321 4415 detail.
1388 4365 1529 4414 Thus
1562 4364 1688 4413 Am·

532 4452 678 4501 brstr.
702 4465 842 4514 says:
883 4447 1025 4497 “hos
1046 4446 1177 4496 filios
1206 4447 1325 4496 dicit
1363 4446 1449 4510 qui
1486 4461 1688 4509 regene-

1623 2368 1680 2403 ιο
1714 2352 1986 2416 reprobans
2014 2353 2057 2402 C
2073 2353 2139 2401 H
2144 2368 2178 2401 r

1472 2528 1528 2580 17
1564 2516 1766 2567 eamH

2411 2367 2467 2401 η
2503 2352 2639 2416 quod
2677 2352 2792 2415 (sor
2815 2358 2939 2415 qno·-

1888 2449 1943 2498 15
1980 2434 2031 2482 in
2053 2449 2132 2482 om
2166 2434 2327 2484 CHr
2607 2432 2666 2483 16
2698 2448 2936 2494 seorsum,

1783 2665 1952 2706 rantur
1995 2672 2086 2721 per
2123 2655 2274 2706 fidem
2319 2656 2503 2706 Christi
2517 2653 2565 2717 ;”
2622 2656 2789 2721 Aug:
2832 2657 2945 2706 “ea

1785 2752 1912 2801 quae
1955 2738 2186 2787 dicuntur
2222 2746 2363 2803 opera
2407 2739 2531 2788 bona
2565 2745 2819 2801 tamquam
2853 2737 2943 2786 filii

1785 2826 1900 2868 sunt
1938 2819 2072 2868 uitae
2102 2827 2300 2868 nostrae
2320 2816 2368 2876 ;’'
2420 2817 2666 2881 Pelagius,
2708 2817 2942 2867 followed

1785 2899 1854 2962 by
1882 2899 2054 2949 Sedul.
2081 2899 2249 2949 Scot.:
2289 2901 2430 2963 “per
2461 2898 2782 2963 baptismum,
2806 2899 2943 2963 quod

1784 2987 1862 3029 est
1879 2978 2093 3028 filiorum
2110 2979 2382 3044 generatiO,
2402 2978 2512 3043 ipsa
2540 2978 2814 3027 saluabitur
2841 2994 2945 3027 non

1787 3060 1916 3119 Eua,
1940 3062 2027 3111 sed
2050 3062 2259 3111 credens
2281 3060 2508 3111 muliet.’'

1856 3156 1932 3191 10.
1998 3142 2347 3206 reprobandas]
2382 3141 2478 3191 See
2513 3158 2592 3191 vv.
2628 3141 2684 3191 ll.
2750 3142 2835 3190 An
2874 3139 2945 3190 al-

1784 3223 2028 3273 ternative
2072 3226 2348 3275 correction
2396 3225 2563 3275 would
2608 3225 2673 3274 be
2717 3233 2771 3274 to
2819 3222 2946 3274 omit

1783 3322 1877 3355 esse
1897 3306 2022 3355 aster
2033 3306 2278 3369 pietatem.
2311 3305 2570 3355 Adiectum
2594 3320 2711 3369 may
2731 3305 2948 3369 perhaps

1786 3387 1849 3436 be
1872 3403 1938 3436 an
1960 3403 2096 3437 error
2117 3386 2193 3436 for
2215 3387 2467 3435 abiectum.

1858 3482 1933 3516 η.
1999 3467 2071 3515 ad
2091 3467 2325 3530 pietatem
2368 3464 2622 3526 simliter]
2665 3465 2761 3515 See
2803 3476 2841 3514 ι.
2889 3478 2943 3527 p.

1786 3561 1898 3610 ²45·

1859 3628 1934 3677 16.
2007 3628 2531 3690 semotim...sem0tim]
2597 3628 2644 3676 A
2691 3644 2800 3677 rare
2843 3629 2946 3678 and

1788 3710 1889 3760 late
1923 3708 2052 3758 form
2083 3709 2161 3759 for
2192 3717 2379 3771 semote,
2407 3708 2548 3759 itself
2576 3708 2634 3758 os
2662 3696 2946 3773 infr'equent

1789 3805 1891 3840 use.
1963 3790 2201 3839 Rabanus
2238 3790 2330 3839 has
2373 3788 2672 3838 substituted
2709 3804 2773 3838 an
2813 3788 2945 3839 ordi-

1788 3888 1909 3937 nary
1933 3873 2102 3932 word;
2134 3887 2216 3921 see
2239 3887 2321 3920 vv.
2346 3870 2400 3920 11.

1855 3954 1944 4003 ubi
1973 3954 2114 4002 mirus
2143 3960 2227 4013 est,
2255 3952 2367 4014 δία]
2434 3951 2544 4000 The
2574 3950 2825 4001 reference
2856 3967 2946 4017 ap-

1789 4051 1934 4101 pears
1967 4043 2020 4085 to
2053 4035 2117 4085 be
2150 4041 2204 4084 to
2238 4050 2279 4083 c.
2315 4034 2366 4083 ii.
2397 4049 2444 4100 9,
2479 4048 2567 4092 103
2606 4033 2670 4083 cf.
2696 4048 2748 4098 p.
2771 4047 2851 4096 93,
2889 4033 2945 4083 11.

1790 4119 1969 4166 8-11.
2038 4116 2222 4166 ‘Some
2266 4114 2325 4164 of
2364 4114 2449 4163 the
2493 4111 2640 4178 Ap.’s
2678 4113 2948 4164 directlons

1790 4199 1912 4248 with
1936 4199 2113 4262 regard
2137 4205 2190 4246 to
2213 4196 2298 4246 the
2319 4195 2536 4245 conduct
2559 4194 2618 4244 of
2643 4210 2840 4245 women
2861 4211 2947 4246 are

1789 4280 1841 4330 in
1861 4297 1891 4330 a
1914 4281 2010 4330 less
2025 4281 2207 4344 degree
2223 4279 2506 4344 applicable
2523 4287 2577 4330 to
2598 4294 2743 4336 men3
2777 4280 2948 4330 others

1793 4362 1854 4426 (e.
1867 4378 1917 4426 g.
1954 4377 1997 4411 c.
2023 4362 2075 4410 ii.
2118 4375 2192 4418 ιι,
2229 4359 2307 4424 12)
2341 4360 2528 4426 belong
2560 4361 2859 4425 exclusively
2892 4368 2947 4411 to

1786 4444 1872 4494 the
1903 4442 2082 4494 female
2105 4442 2226 4492 sex.'
