3221 5116
311 417 401 483 11.
436 432 537 496 22,
570 416 701 501 23.]
1031 430 1114 481 IN
1164 431 1268 482 ΕΡ.
1315 432 1418 482 AD
1464 431 1934 483 TIMOTHEUM
1979 431 2051 481 11.
2599 430 2718 477 211

309 601 488 666 enim
543 622 616 666 se
660 623 703 666 a
747 601 1185 670 deterioribus
1230 608 1682 689 segregauerit
1728 616 1830 671 est
1876 627 1995 671 uas
2040 604 2203 670 utile
2227 623 2246 683 ;
2319 604 2448 670 hoc
2496 611 2724 668 autem

309 704 377 768 in
427 715 656 770 nostro
697 716 801 772 est
851 708 1147 791 positum
1197 709 1471 773 arbitrio
1515 719 1585 774 et
1631 709 2004 794 potestate!
2092 718 2162 774 et
2213 708 2507 774 ostendit
2559 705 2725 771 illud

309 831 454 873 esse
486 813 810 896 propositi
837 834 853 891 ;
903 814 1144 877 iterum
1187 815 1390 877 uertit
1438 835 1510 877 se
1563 814 1650 878 ad
1715 816 1855 879 eius
1902 813 2468 888 exhortationem,
2521 809 2728 894 paulo

310 918 529 981 minus
577 916 749 981 hanc
796 915 1051 981 habens
1123 918 1562 983 intentionem
1615 939 1735 1001 per
1794 937 2066 982 omnem
2125 916 2301 981 hanc
2355 914 2726 1000 epistolam.

313 1021 492 1085 unde
522 1030 593 1085 et
624 1021 911 1087 adiecit:
2731 1109 2736 1114 Ι
2809 1031 2839 1099 5

448 1189 767 1254 iuuenilia
795 1187 1121 1254 desideria
1134 1191 1322 1276 fuge.

444 1330 751 1390 ‘omnem
827 1326 1342 1393 delectationem
1418 1335 1487 1391 et
1548 1347 1794 1391 uanam
1870 1327 2290 1410 uoluptatem
2365 1348 2537 1410 quae
2613 1325 2734 1390 tibi

317 1451 451 1495 non
493 1431 808 1495 conuenit
848 1431 1047 1514 longe
1086 1453 1127 1495 a
1166 1440 1235 1496 te
1274 1431 1495 1510 facit0,
1536 1431 1780 1514 quibus
1828 1431 1936 1496 uel
1991 1432 2293 1497 maxime
2342 1430 2538 1495 rebus
2586 1430 2736 1514 capi

318 1532 664 1597 consueuit
696 1532 1045 1597 iuuentus?

448 1712 684 1768 sectare
726 1724 876 1767 uero
929 1702 1272 1779 iustitiam,
1307 1703 1538 1788 fidem,
1577 1704 1934 1782 caritatem,
1966 1717 2210 1788 pacem,
2255 1724 2398 1768 cum
2443 1701 2741 1768 omnibus
2776 1715 2853 1763 10

317 1806 438 1888 qui
477 1806 780 1871 inuocant
807 1807 1172 1872 Dominum
1214 1829 1294 1872 ex
1322 1808 1560 1872 mundo
1588 1809 1785 1875 corde.

450 1946 467 1974 ‘
487 1940 902 2025 diligentiam
932 1943 1178 2008 adhibe
1223 1943 1514 2008 iustitiae
1544 1952 1615 2008 et
1655 1965 1805 2009 eam
1837 1964 2010 2027 quae
2040 1943 2107 2009 in
2141 1945 2363 2008 Deum
2406 1953 2510 2010 est
2538 1943 2741 2008 fidem

323 2053 393 2109 et
439 2045 785 2110 caritatem
829 2055 897 2109 et
944 2065 1200 2128 pacem,
1247 2067 1400 2110 curn
1451 2046 1579 2109 illis
1634 2047 1747 2129 qui
1797 2048 1978 2112 uitae
2025 2048 2384 2113 uirtutibus
2426 2045 2741 2112 student.'

322 2149 579 2231 optime
608 2149 836 2214 dicens
865 2149 952 2213 de
982 2148 1085 2213 his
1128 2147 1369 2213 suadet
1409 2157 1485 2213 ut
1525 2149 1592 2214 in
1626 2150 1868 2233 quibus
1909 2159 1978 2216 et
2008 2150 2277 2216 deceret
2317 2160 2385 2216 et
2428 2149 2745 2235 possibile

326 2263 504 2318 esset
533 2274 767 2336 pacem
800 2273 1065 2317 seruare
1095 2254 1475 2318 adnitatur:
2781 2262 2850 2330 15

457 2424 697 2487 stultas
739 2423 1004 2507 (inquit)
1054 2435 1117 2489 et
1160 2425 1446 2489 indoctas
1483 2425 1878 2508 quaestiones
1919 2424 2157 2504 deuita,
2202 2425 2403 2489 sciens
2441 2424 2746 2507 quoniam

319 2538 638 2612 generant
667 2527 829 2593 lites.

465 2669 707 2732 stultas
739 2680 803 2733 et
847 2669 1131 2734 indoctas
1175 2671 1442 2734 uocauit
1483 2672 1878 2753 quaestiones
1921 2691 2095 2755 quae
2140 2691 2273 2735 non
2320 2672 2409 2758 ol?
2455 2670 2747 2753 aliquam

334 2769 505 2835 fiunt
523 2770 895 2836 utilitatem.
944 2780 960 2806 ⁴
982 2772 1242 2836 declina
1268 2773 1532 2855 (inquit)
1563 2774 1649 2837 ab
1681 2773 1810 2837 illis
1841 2775 1953 2856 qui
1985 2773 2291 2838 absolute
2323 2772 2479 2836 solis
2510 2792 2749 2854 quaes-

334 2878 628 2943 tionibus
659 2899 933 2961 operam
965 2899 1155 2943 suam
1200 2878 1584 2961 expendere
1631 2878 1924 2962 cupiunt.
2018 2879 2205 2942 rixae
2251 2887 2478 2943 autem
2523 2898 2612 2941 ex
2645 2875 2749 2940 his
2782 2891 2865 2937 20

438 3077 458 3111 1
498 3067 551 3110 ut
572 3059 660 3110 ille
685 3058 798 3125 (sor
817 3059 958 3123 utile)
985 3060 1050 3109 H
1257 3075 1283 3109 α
1319 3067 1620 3125 potestatem
1648 3061 1692 3113 C
1707 3060 1735 3087 ⁴*
1950 3076 1980 3125 3
2013 3068 2141 3111 esset
2165 3061 2233 3110 H
2431 3077 2464 3122 4
2495 3059 2620 3109 haec
2646 3057 2758 3123 (sor

334 3140 482 3206 hanc)
510 3144 555 3191 C
565 3140 591 3165 ⁴'
607 3142 673 3191 H
809 3156 836 3204 5
872 3140 1025 3191 adicit
1054 3142 1097 3191 C
1116 3140 1277 3206 inquit
1301 3158 1333 3189 r
1473 3142 1504 3193 6
1539 3151 1708 3193 autem
1731 3141 1829 3207 (ast
1849 3142 2105 3203 iuuenilia)
2128 3142 2234 3191 add
2249 3157 2281 3190 r
2419 3143 2451 3192 8
2485 3142 2550 3190 ad
2571 3139 2686 3205 (fhr
2704 3139 2753 3204 a)

342 3224 385 3273 C
391 3223 420 3248 *
560 3239 618 3273 10
646 3222 725 3272 his
748 3221 864 3286 (sor
883 3221 1134 3282 omnibus)
1157 3238 1190 3271 r
1326 3239 1381 3273 12
1406 3231 1479 3273 est
1502 3240 1580 3273 om
1609 3225 1656 3273 C
1790 3241 1846 3286 14
1869 3224 1933 3274 de
1956 3224 2035 3273 his
2055 3223 2228 3274 dicens
2256 3224 2301 3273 C
2314 3238 2346 3271 r
2372 3220 2381 3287 Ι
2408 3222 2571 3273 suadit
2599 3220 2682 3271 C*
2701 3221 2766 3270 H

363 3312 372 3367 Ι
398 3312 448 3354 et
473 3306 489 3363 (
504 3302 564 3368 ιθ)
587 3320 664 3352 om
690 3321 722 3351 r
745 3301 754 3368 Ι
783 3304 999 3353 decertet
1028 3302 1139 3367 (sor
1159 3301 1377 3367 deceret)
1409 3305 1452 3354 C
1473 3304 1616 3368 (corr)
1644 3304 1652 3369 Ι
1682 3313 1733 3355 et
1759 3303 1849 3371 (2⁰)
1872 3321 1950 3355 om
1973 3305 2041 3354 II
2167 3319 2223 3369 15
2258 3313 2333 3355 est
2356 3305 2424 3354 II
2558 3304 2616 3355 16
2650 3303 2757 3354 sine

335 3386 598 3451 disciplina
623 3384 736 3450 (for
756 3385 1003 3446 indoctas)
1028 3401 1059 3433 r
1087 3382 1095 3448 Ι
1122 3385 1241 3449 quia
1265 3384 1379 3449 (for
1398 3386 1658 3450 quoniam)
1684 3404 1717 3436 r
1846 3401 1911 3437 ἰο
1943 3386 2187 3452 spendere
2207 3385 2311 3451 (sic)
2342 3388 2386 3435 C
2399 3385 2424 3410 ⁵
2444 3385 2707 3451 splendere
2729 3401 2760 3433 r

337 3547 448 3614 ὁρᾶς
484 3552 559 3600 ὅτι
595 3548 647 3599 οὖ
696 3550 885 3612 φύσεως
929 3545 1039 3599 οὐδὲ
1078 3546 1244 3610 ὑλικῆς
1286 3548 1502 3611 ἀνάγκης
1600 3572 1715 3603 των
1776 3556 1873 3604 τῶν
1928 3554 2336 3613 ἐπικαλουμένων,
2398 3552 2546 3601 κ.τ.λ.
2647 3550 2761 3600 The

335 3633 469 3681 ἐστὶν
486 3632 544 3681 τὸ
576 3632 695 3680 εἶναι
723 3627 937 3693 χρυσοῦν
968 3627 1001 3690 ἢ
1034 3626 1326 3692 ὀστράκιυον,
1367 3628 1499 3679 ἀλλὰ
1603 3634 1754 3683 Latin
1797 3634 2020 3684 versions
2063 3633 2192 3682 have
2233 3637 2396 3681 “cum
2435 3631 2532 3679 hiis
2569 3646 2609 3678 s.
2651 3627 2760 3679 iis.”

337 3715 425 3774 τῆς
462 3712 690 3777 ὑμετέρας
726 3713 1078 3776 τροαιρέσεωςς
1158 3712 1342 3762 Thdt.:
1390 3709 1499 3761 ἀλλ’
1604 3715 1693 3763 Ex
1738 3715 1923 3764 mundo
1965 3714 2136 3770 (σιτία
2182 3713 2332 3763 Latin
2376 3712 2616 3769 versionS,
2652 3710 2763 3760 “de

242 3834 249 3840 .
338 3796 500 3845 ἐκεῖνα
526 3797 614 3854 μὲν
645 3796 678 3855 ὴ
711 3799 854 3858 φύσις
888 3797 1155 3858 ἀνέκρινεν,
1194 3792 1351 3843 ταῦτα
1382 3796 1435 3844 δὲ
1472 3794 1503 3854 ἡ
1602 3799 1754 3846 corde
1777 3795 1955 3861 puro.”

340 3878 513 3936 γνώμη
534 3879 801 3936 πεποίηκεν
825 3874 960 3937 τίμιά
977 3894 1034 3925 τε
1056 3879 1136 3926 καὶ
1159 3874 1325 3936 ἄτιμα.
1678 3896 1753 3942 ¹4·
1808 3880 1865 3927 in
1897 3876 2364 3943 qus'bus...possihile
2396 3876 2530 3938 cssd]
2584 3875 2764 3926 Thdt.:

404 3974 453 4018 4.
523 3959 654 4007 hanc
684 3958 862 4007 habens
895 3959 1231 4018 mutationem,
1256 3957 1370 4020 δια]
1421 3957 1503 4007 Cf.
1608 3955 1806 4020 ἀγαπᾷν
1846 3959 1934 4015 μὲν
1975 3955 2071 4019 γὰρ
2111 3954 2332 4004 ἅπαντας
2375 3951 2764 4015 δυνατόν...ειρη·

342 4038 428 4088 the
445 4039 686 4103 prologue
704 4046 757 4088 to
774 4039 872 4088 this
891 4039 1085 4104 Epistle
1103 4040 1290 4104 (supra,
1319 4056 1370 4104 p.
1397 4053 1505 4104 192,
1607 4042 1758 4089 νεύειν
1783 4040 1835 4087 δὲ
1857 4036 1910 4087 οὐ
1932 4039 2050 4101 πρὸς
2078 4035 2294 4087 ἅπαντας
2318 4038 2521 4086 ἔνεστιν·
2555 4038 2641 4097 τῆς
2667 4033 2767 4098 γὰρ

342 4121 379 4171 l.
407 4135 433 4186 7
456 4119 574 4187 sq.).
1607 4123 1760 4180 κοινῆς
1782 4120 1926 4168 τοῦτο
1947 4119 2266 4181 προαιρέσεως
2288 4120 2455 4166 δεῖται.

406 4202 456 4253 6.
523 4203 775 4252 iuuenilia
806 4201 925 4264 des-1
981 4202 1088 4252 Our
1116 4202 1385 4252 translator
1418 4202 1506 4251 has
1680 4200 1753 4252 16.
1812 4198 2048 4259 indoctas]
2096 4199 2160 4247 Ο.
2179 4197 2238 4247 L.
2264 4197 2458 4263 (Cypr.‚
2479 4196 2768 4258 Ambrstr.)‚

345 4285 559 4335 omitted
586 4292 752 4333 autem
782 4285 893 4343 (δέ),
916 4283 1081 4334 which
1115 4283 1245 4334 finds
1278 4285 1420 4349 place
1454 4285 1506 4332 in
1607 4284 1929 4334 “ineruditas
1950 4282 2004 4343 ;”
2029 4282 2201 4346 vulg„
2231 4281 2384 4331 “sine
2406 4279 2724 4345 disciplina.”

341 4366 411 4417 all
434 4366 522 4416 the
547 4367 697 4416 Latin
720 4367 960 4417 versione.
1681 4366 1756 4415 18.
1812 4379 1940 4428 quac
1962 4379 2062 4412 non
2084 4362 2155 4418 ob,
2179 4360 2300 4426 δια]
2355 4361 2535 4411 Thdt.:
2571 4358 2624 4409 οὑ
2648 4358 2773 4409 κατά

418 4463 494 4499 10.
551 4466 663 4499 cum
697 4448 945 4511 omnibus]
1019 4449 1161 4499 With
1196 4449 1373 4514 Chrys.
1408 4449 1507 4498 and
1610 4465 1720 4497 τινα
1757 4449 1927 4510 χρείαν
1971 4442 2218 4509 γινόμεναι
2264 4447 2509 4507 διαλέξεις.
2584 4443 2663 4494 Cf.
2710 4456 2769 4492 Π.

345 4534 516 4594 Thdt.,
546 4533 645 4584 Th.
670 4550 830 4584 seems
851 4540 905 4584 to
927 4534 1056 4585 have
1079 4534 1194 4585 read
1230 4532 1351 4593 μετὰ
1380 4533 1505 4584 πάν-
1608 4549 1660 4595 p.
1693 4530 1798 4593 176,
1824 4531 1856 4581 1.
1886 4546 1916 4595 9
1940 4546 2016 4595 sq.

2388 4644 2594 4704 14—2
