<?xml version="1.0" encoding="UTF-8"?>
<!DOCTYPE html PUBLIC "-//W3C//DTD XHTML 1.0 Transitional//EN"
    "http://www.w3.org/TR/xhtml1/DTD/xhtml1-transitional.dtd">
<html xmlns="http://www.w3.org/1999/xhtml" xml:lang="en" lang="en">
 <head>
  <title>
</title>
<meta http-equiv="Content-Type" content="text/html;charset=utf-8" />
  <meta name='ocr-system' content='tesseract 3.04.00' />
  <meta name='ocr-capabilities' content='ocr_page ocr_carea ocr_par ocr_line ocrx_word'/>
</head>
<body>
  <div class='ocr_page' id='page_1' title='image "./theodoriepiscop02swetgoog_0153.png"; bbox 0 0 3221 5116; ppageno 0'>
   <div class='ocr_carea' id='block_1_1' title="bbox 458 348 2871 433">
    <p class='ocr_par' dir='ltr' id='par_1_1' title="bbox 458 348 2871 433">
     <span class='ocr_line' id='line_1_1' title="bbox 458 348 2871 433; baseline 0 -23"><span class='ocrx_word' id='word_1_1' title='bbox 458 363 578 428; x_wconf 85' lang='lat'>142</span> <span class='ocrx_word' id='word_1_2' title='bbox 737 415 742 419; x_wconf 78' lang='grc'><strong>,</strong></span> <span class='ocrx_word' id='word_1_3' title='bbox 1121 364 1577 416; x_wconf 72' lang='lat' dir='ltr'>THEononus</span> <span class='ocrx_word' id='word_1_4' title='bbox 1628 363 2216 417; x_wconf 83' lang='lat' dir='ltr'>MOPSUESTENUS</span> <span class='ocrx_word' id='word_1_5' title='bbox 2636 348 2780 433; x_wconf 92' lang='lat' dir='ltr'>[IV.</span> <span class='ocrx_word' id='word_1_6' title='bbox 2816 364 2871 427; x_wconf 88' lang='lat'>3.</span> 
     </span>
    </p>
   </div>
   <div class='ocr_carea' id='block_1_2' title="bbox 382 535 2875 1032">
    <p class='ocr_par' dir='ltr' id='par_1_2' title="bbox 448 535 2871 622">
     <span class='ocr_line' id='line_1_2' title="bbox 448 535 2871 622; baseline 0 -24"><span class='ocrx_word' id='word_1_7' title='bbox 448 535 612 598; x_wconf 88' lang='lat' dir='ltr'>tiam</span> <span class='ocrx_word' id='word_1_8' title='bbox 643 537 976 601; x_wconf 91' lang='lat' dir='ltr'>dictorum</span> <span class='ocrx_word' id='word_1_9' title='bbox 1019 537 1283 620; x_wconf 84' lang='lat' dir='ltr'>reliquit</span> <span class='ocrx_word' id='word_1_10' title='bbox 1326 538 1779 621; x_wconf 81' lang='lat' dir='ltr'>inperfectam,</span> <span class='ocrx_word' id='word_1_11' title='bbox 1811 539 2001 622; x_wconf 89' lang='lat' dir='ltr'>quasi</span> <span class='ocrx_word' id='word_1_12' title='bbox 2039 539 2196 622; x_wconf 91' lang='lat' dir='ltr'>quia</span> <span class='ocrx_word' id='word_1_13' title='bbox 2239 537 2394 602; x_wconf 89' lang='lat' dir='ltr'>hinc</span> <span class='ocrx_word' id='word_1_14' title='bbox 2425 538 2637 621; x_wconf 81' lang='lat' dir='ltr'><strong>possit</strong></span> <span class='ocrx_word' id='word_1_15' title='bbox 2667 537 2871 599; x_wconf 90' lang='lat' dir='ltr'>etiam</span> 
     </span>
    </p>

    <p class='ocr_par' dir='ltr' id='par_1_3' title="bbox 450 634 2871 724">
     <span class='ocr_line' id='line_1_3' title="bbox 450 634 2871 724; baseline 0.001 -26"><span class='ocrx_word' id='word_1_16' title='bbox 450 634 610 700; x_wconf 89' lang='lat' dir='ltr'>illud</span> <span class='ocrx_word' id='word_1_17' title='bbox 643 640 955 719; x_wconf 86' lang='lat' dir='ltr'>cognosci</span> <span class='ocrx_word' id='word_1_18' title='bbox 992 641 1310 722; x_wconf 91' lang='lat' dir='ltr'>quoniam</span> <span class='ocrx_word' id='word_1_19' title='bbox 1352 641 1612 703; x_wconf 89' lang='lat' dir='ltr'>incusat</span> <span class='ocrx_word' id='word_1_20' title='bbox 1649 660 1765 703; x_wconf 91' lang='lat' dir='ltr'>eos</span> <span class='ocrx_word' id='word_1_21' title='bbox 1804 641 1917 723; x_wconf 90' lang='lat' dir='ltr'>qui</span> <span class='ocrx_word' id='word_1_22' title='bbox 1955 650 2205 724; x_wconf 89' lang='lat' dir='ltr'>cogunt</span> <span class='ocrx_word' id='word_1_23' title='bbox 2243 641 2575 705; x_wconf 90' lang='lat' dir='ltr'>abstinere</span> <span class='ocrx_word' id='word_1_24' title='bbox 2613 660 2654 702; x_wconf 92' lang='lat' dir='ltr'>a</span> <span class='ocrx_word' id='word_1_25' title='bbox 2684 639 2871 702; x_wconf 79' lang='lat' dir='ltr'>cibis,</span> 
     </span>
    </p>

    <p class='ocr_par' dir='ltr' id='par_1_4' title="bbox 448 738 2873 825">
     <span class='ocr_line' id='line_1_4' title="bbox 448 738 2873 825; baseline -0 -24"><span class='ocrx_word' id='word_1_26' title='bbox 448 739 692 803; x_wconf 91' lang='lat' dir='ltr'>deinde</span> <span class='ocrx_word' id='word_1_27' title='bbox 738 741 967 804; x_wconf 91' lang='lat' dir='ltr'>dicens</span> <span class='ocrx_word' id='word_1_28' title='bbox 1012 761 1162 805; x_wconf 90' lang='lat' dir='ltr'>eam</span> <span class='ocrx_word' id='word_1_29' title='bbox 1210 744 1613 806; x_wconf 86' lang='lat' dir='ltr'><strong>sententiam</strong></span> <span class='ocrx_word' id='word_1_30' title='bbox 1659 763 1860 825; x_wconf 90' lang='lat' dir='ltr'>quam</span> <span class='ocrx_word' id='word_1_31' title='bbox 1909 752 1975 806; x_wconf 91' lang='lat' dir='ltr'>et</span> <span class='ocrx_word' id='word_1_32' title='bbox 2020 753 2290 806; x_wconf 89' lang='lat' dir='ltr'>accusat</span> <span class='ocrx_word' id='word_1_33' title='bbox 2329 742 2486 825; x_wconf 91' lang='lat' dir='ltr'>quia</span> <span class='ocrx_word' id='word_1_34' title='bbox 2527 741 2592 804; x_wconf 91' lang='lat' dir='ltr'>in</span> <span class='ocrx_word' id='word_1_35' title='bbox 2631 738 2873 803; x_wconf 91' lang='lat' dir='ltr'>ultimo</span> 
     </span>
    </p>

    <p class='ocr_par' dir='ltr' id='par_1_5' title="bbox 382 843 2875 1032">
     <span class='ocr_line' id='line_1_5' title="bbox 448 843 2875 929; baseline -0.001 -23"><span class='ocrx_word' id='word_1_36' title='bbox 448 844 571 907; x_wconf 91' lang='lat' dir='ltr'>erit</span> <span class='ocrx_word' id='word_1_37' title='bbox 620 846 799 927; x_wconf 91' lang='lat' dir='ltr'>apud</span> <span class='ocrx_word' id='word_1_38' title='bbox 845 844 1170 922; x_wconf 89' lang='lat' dir='ltr'>homines,</span> <span class='ocrx_word' id='word_1_39' title='bbox 1217 847 1420 910; x_wconf 90' lang='lat' dir='ltr'>adicit</span> <span class='ocrx_word' id='word_1_40' title='bbox 1467 846 1932 929; x_wconf 87' lang='lat' dir='ltr'>probationem</span> <span class='ocrx_word' id='word_1_41' title='bbox 1986 847 2165 929; x_wconf 91' lang='lat' dir='ltr'>quod</span> <span class='ocrx_word' id='word_1_42' title='bbox 2213 867 2346 909; x_wconf 90' lang='lat' dir='ltr'>non</span> <span class='ocrx_word' id='word_1_43' title='bbox 2400 843 2875 908; x_wconf 90' lang='lat' dir='ltr'>conuenienter</span> 
     </span>
     <span class='ocr_line' id='line_1_6' title="bbox 382 948 1027 1032; baseline 0.005 -22"><span class='ocrx_word' id='word_1_44' title='bbox 382 957 415 1025; x_wconf 83' lang='grc'><em>5</em></span> <span class='ocrx_word' id='word_1_45' title='bbox 450 948 577 1011; x_wconf 91' lang='lat' dir='ltr'>ista</span> <span class='ocrx_word' id='word_1_46' title='bbox 608 959 986 1032; x_wconf 85' lang='lat' dir='ltr'>proponant</span> <span class='ocrx_word' id='word_1_47' title='bbox 1013 970 1027 1013; x_wconf 91' lang='lat'>:</span> 
     </span>
    </p>
   </div>
   <div class='ocr_carea' id='block_1_3' title="bbox 578 1086 2617 1169">
    <p class='ocr_par' dir='ltr' id='par_1_6' title="bbox 578 1086 2617 1169">
     <span class='ocr_line' id='line_1_7' title="bbox 578 1086 2617 1169; baseline 0 -21"><span class='ocrx_word' id='word_1_48' title='bbox 578 1106 743 1167; x_wconf 83' lang='lat' dir='ltr'>quae</span> <span class='ocrx_word' id='word_1_49' title='bbox 767 1087 949 1150; x_wconf 78' lang='lat' dir='ltr'>Deus</span> <span class='ocrx_word' id='word_1_50' title='bbox 975 1087 1223 1151; x_wconf 81' lang='lat' dir='ltr'>creauit</span> <span class='ocrx_word' id='word_1_51' title='bbox 1248 1087 1347 1150; x_wconf 86' lang='lat' dir='ltr'>ad</span> <span class='ocrx_word' id='word_1_52' title='bbox 1350 1086 1749 1169; x_wconf 82' lang='lat' dir='ltr'>fruitionem</span> <span class='ocrx_word' id='word_1_53' title='bbox 1780 1109 1924 1150; x_wconf 85' lang='lat' dir='ltr'>cum</span> <span class='ocrx_word' id='word_1_54' title='bbox 1942 1086 2330 1169; x_wconf 82' lang='lat' dir='ltr'>gratiarum</span> <span class='ocrx_word' id='word_1_55' title='bbox 2360 1086 2617 1149; x_wconf 82' lang='lat' dir='ltr'>actione.</span> 
     </span>
    </p>
   </div>
   <div class='ocr_carea' id='block_1_4' title="bbox 345 1202 2875 1709">
    <p class='ocr_par' dir='ltr' id='par_1_7' title="bbox 582 1202 2870 1280">
     <span class='ocr_line' id='line_1_8' title="bbox 582 1202 2870 1280; baseline 0 -15"><span class='ocrx_word' id='word_1_56' title='bbox 582 1223 737 1266; x_wconf 92' lang='lat' dir='ltr'>nam</span> <span class='ocrx_word' id='word_1_57' title='bbox 770 1213 837 1266; x_wconf 91' lang='lat' dir='ltr'>et</span> <span class='ocrx_word' id='word_1_58' title='bbox 879 1204 1077 1268; x_wconf 91' lang='lat' dir='ltr'>ualde</span> <span class='ocrx_word' id='word_1_59' title='bbox 1114 1206 1589 1269; x_wconf 88' lang='lat' dir='ltr'>inconueniens</span> <span class='ocrx_word' id='word_1_60' title='bbox 1620 1213 1778 1280; x_wconf 90' lang='lat' dir='ltr'>erat,</span> <span class='ocrx_word' id='word_1_61' title='bbox 1813 1206 2037 1268; x_wconf 90' lang='lat' dir='ltr'>Deum</span> <span class='ocrx_word' id='word_1_62' title='bbox 2071 1203 2184 1267; x_wconf 91' lang='lat' dir='ltr'>illa</span> <span class='ocrx_word' id='word_1_63' title='bbox 2215 1205 2302 1267; x_wconf 92' lang='lat' dir='ltr'>ad</span> <span class='ocrx_word' id='word_1_64' title='bbox 2334 1203 2461 1267; x_wconf 93' lang='lat' dir='ltr'>hoc</span> <span class='ocrx_word' id='word_1_65' title='bbox 2495 1202 2870 1278; x_wconf 84' lang='lat' dir='ltr'>facientem,</span> 
     </span>
    </p>

    <p class='ocr_par' dir='ltr' id='par_1_8' title="bbox 345 1305 2875 1709">
     <span class='ocr_line' id='line_1_9' title="bbox 451 1305 2872 1391; baseline 0 -22"><span class='ocrx_word' id='word_1_66' title='bbox 451 1305 598 1389; x_wconf 90' lang='lat' dir='ltr'>lege</span> <span class='ocrx_word' id='word_1_67' title='bbox 643 1307 729 1370; x_wconf 95' lang='lat' dir='ltr'>ab</span> <span class='ocrx_word' id='word_1_68' title='bbox 760 1328 988 1372; x_wconf 91' lang='lat' dir='ltr'>eorum</span> <span class='ocrx_word' id='word_1_69' title='bbox 1020 1330 1142 1373; x_wconf 91' lang='lat' dir='ltr'>usu</span> <span class='ocrx_word' id='word_1_70' title='bbox 1174 1309 1481 1373; x_wconf 91' lang='lat' dir='ltr'>homines</span> <span class='ocrx_word' id='word_1_71' title='bbox 1527 1308 1893 1391; x_wconf 87' lang='lat' dir='ltr'>prohibere.</span> <span class='ocrx_word' id='word_1_72' title='bbox 1990 1310 2363 1372; x_wconf 89' lang='lat' dir='ltr'>necessario</span> <span class='ocrx_word' id='word_1_73' title='bbox 2409 1329 2567 1372; x_wconf 91' lang='lat' dir='ltr'>uero</span> <span class='ocrx_word' id='word_1_74' title='bbox 2613 1307 2872 1383; x_wconf 85' lang='lat' dir='ltr'>adiecit,</span> 
     </span>
     <span class='ocr_line' id='line_1_10' title="bbox 447 1411 2873 1493; baseline -0 -19"><span class='ocrx_word' id='word_1_75' title='bbox 447 1432 593 1474; x_wconf 84' lang='lat' dir='ltr'>cum</span> <span class='ocrx_word' id='word_1_76' title='bbox 641 1411 1025 1493; x_wconf 81' lang='lat' dir='ltr'>gratiarum</span> <span class='ocrx_word' id='word_1_77' title='bbox 1082 1414 1330 1476; x_wconf 82' lang='lat' dir='ltr'>actione</span> <span class='ocrx_word' id='word_1_78' title='bbox 1385 1414 1631 1489; x_wconf 78' lang='lat' dir='ltr'>dicenS,</span> <span class='ocrx_word' id='word_1_79' title='bbox 1692 1412 1787 1475; x_wconf 89' lang='lat' dir='ltr'>ita</span> <span class='ocrx_word' id='word_1_80' title='bbox 1835 1422 1909 1476; x_wconf 91' lang='lat' dir='ltr'>ut</span> <span class='ocrx_word' id='word_1_81' title='bbox 1954 1422 2023 1475; x_wconf 89' lang='lat' dir='ltr'>et</span> <span class='ocrx_word' id='word_1_82' title='bbox 2072 1414 2347 1475; x_wconf 90' lang='lat' dir='ltr'>modum</span> <span class='ocrx_word' id='word_1_83' title='bbox 2388 1412 2683 1475; x_wconf 87' lang='lat' dir='ltr'>adiciens</span> <span class='ocrx_word' id='word_1_84' title='bbox 2728 1431 2873 1473; x_wconf 91' lang='lat' dir='ltr'>esse</span> 
     </span>
     <span class='ocr_line' id='line_1_11' title="bbox 345 1512 2875 1599; baseline -0.001 -23"><span class='ocrx_word' id='word_1_85' title='bbox 345 1516 426 1564; x_wconf 91' lang='lat'>10</span> <span class='ocrx_word' id='word_1_86' title='bbox 450 1512 756 1576; x_wconf 90' lang='lat' dir='ltr'>uideatur</span> <span class='ocrx_word' id='word_1_87' title='bbox 786 1514 991 1598; x_wconf 89' lang='lat' dir='ltr'>ipsius</span> <span class='ocrx_word' id='word_1_88' title='bbox 1022 1536 1180 1578; x_wconf 91' lang='lat' dir='ltr'>usus</span> <span class='ocrx_word' id='word_1_89' title='bbox 1212 1517 1578 1579; x_wconf 89' lang='lat' dir='ltr'>secundum</span> <span class='ocrx_word' id='word_1_90' title='bbox 1610 1534 1810 1599; x_wconf 90' lang='lat' dir='ltr'>quem</span> <span class='ocrx_word' id='word_1_91' title='bbox 1845 1514 2021 1578; x_wconf 85' lang='lat' dir='ltr'>sacta</span> <span class='ocrx_word' id='word_1_92' title='bbox 2063 1524 2236 1591; x_wconf 91' lang='lat' dir='ltr'>sunt,</span> <span class='ocrx_word' id='word_1_93' title='bbox 2267 1513 2666 1577; x_wconf 84' lang='lat' dir='ltr'>sufficienter</span> <span class='ocrx_word' id='word_1_94' title='bbox 2695 1530 2875 1574; x_wconf 89' lang='lat' dir='ltr'>com·</span> 
     </span>
     <span class='ocr_line' id='line_1_12' title="bbox 451 1616 2874 1709; baseline 0.001 -31"><span class='ocrx_word' id='word_1_95' title='bbox 451 1616 742 1709; x_wconf 88' lang='lat' dir='ltr'>probans</span> <span class='ocrx_word' id='word_1_96' title='bbox 795 1618 1195 1700; x_wconf 91' lang='lat' dir='ltr'>prauitatem</span> <span class='ocrx_word' id='word_1_97' title='bbox 1241 1619 1755 1702; x_wconf 87' lang='lat' dir='ltr'>prohibentium.</span> <span class='ocrx_word' id='word_1_98' title='bbox 1845 1619 1901 1682; x_wconf 90' lang='lat' dir='ltr'>si</span> <span class='ocrx_word' id='word_1_99' title='bbox 1948 1619 2127 1683; x_wconf 89' lang='lat' dir='ltr'>enim</span> <span class='ocrx_word' id='word_1_100' title='bbox 2175 1619 2426 1702; x_wconf 84' lang='lat' dir='ltr'>gratias</span> <span class='ocrx_word' id='word_1_101' title='bbox 2472 1638 2669 1700; x_wconf 88' lang='lat' dir='ltr'>agere</span> <span class='ocrx_word' id='word_1_102' title='bbox 2720 1618 2874 1680; x_wconf 93' lang='lat' dir='ltr'>Deo</span> 
     </span>
    </p>
   </div>
   <div class='ocr_carea' id='block_1_5' title="bbox 449 1706 2971 1803">
    <p class='ocr_par' dir='ltr' id='par_1_9' title="bbox 449 1706 2971 1803">
     <span class='ocr_line' id='line_1_13' title="bbox 449 1706 2971 1803; baseline -0.001 -21"><span class='ocrx_word' id='word_1_103' title='bbox 449 1719 702 1784; x_wconf 88' lang='lat' dir='ltr'>bonum</span> <span class='ocrx_word' id='word_1_104' title='bbox 756 1740 877 1802; x_wconf 91' lang='lat' dir='ltr'>pro</span> <span class='ocrx_word' id='word_1_105' title='bbox 927 1721 1111 1797; x_wconf 91' lang='lat' dir='ltr'>escis,</span> <span class='ocrx_word' id='word_1_106' title='bbox 1165 1721 1446 1803; x_wconf 91' lang='lat' dir='ltr'>impium</span> <span class='ocrx_word' id='word_1_107' title='bbox 1495 1731 1597 1786; x_wconf 91' lang='lat' dir='ltr'>est</span> <span class='ocrx_word' id='word_1_108' title='bbox 1658 1723 1958 1786; x_wconf 88' lang='lat' dir='ltr'>incusare</span> <span class='ocrx_word' id='word_1_109' title='bbox 2018 1743 2149 1796; x_wconf 81' lang='lat' dir='ltr'>eaS,</span> <span class='ocrx_word' id='word_1_110' title='bbox 2200 1720 2451 1786; x_wconf 87' lang='lat' dir='ltr'>nullam</span> <span class='ocrx_word' id='word_1_111' title='bbox 2513 1720 2598 1782; x_wconf 93' lang='lat' dir='ltr'>de</span> <span class='ocrx_word' id='word_1_112' title='bbox 2652 1728 2872 1780; x_wconf 90' lang='lat' dir='ltr'>cetero</span> <span class='ocrx_word' id='word_1_113' title='bbox 2967 1706 2971 1711; x_wconf 64' lang='grc'><strong>’</strong></span> 
     </span>
    </p>
   </div>
   <div class='ocr_carea' id='block_1_6' title="bbox 346 1823 2874 2118">
    <p class='ocr_par' dir='ltr' id='par_1_10' title="bbox 346 1823 2874 2118">
     <span class='ocr_line' id='line_1_14' title="bbox 450 1823 2872 1909; baseline 0.001 -23"><span class='ocrx_word' id='word_1_114' title='bbox 450 1823 813 1906; x_wconf 88' lang='lat' dir='ltr'>gratiarum</span> <span class='ocrx_word' id='word_1_115' title='bbox 846 1824 1177 1888; x_wconf 89' lang='lat' dir='ltr'>actionem</span> <span class='ocrx_word' id='word_1_116' title='bbox 1210 1824 1786 1908; x_wconf 88' lang='lat' dir='ltr'>subrelinquentes</span> <span class='ocrx_word' id='word_1_117' title='bbox 1817 1825 1946 1889; x_wconf 93' lang='lat' dir='ltr'>illis</span> <span class='ocrx_word' id='word_1_118' title='bbox 1978 1827 2089 1909; x_wconf 91' lang='lat' dir='ltr'>qui</span> <span class='ocrx_word' id='word_1_119' title='bbox 2134 1826 2228 1891; x_wconf 95' lang='lat' dir='ltr'>ita</span> <span class='ocrx_word' id='word_1_120' title='bbox 2265 1844 2378 1888; x_wconf 89' lang='lat' dir='ltr'>eas</span> <span class='ocrx_word' id='word_1_121' title='bbox 2421 1823 2545 1888; x_wconf 91' lang='lat' dir='ltr'>sibi</span> <span class='ocrx_word' id='word_1_122' title='bbox 2588 1825 2872 1888; x_wconf 90' lang='lat' dir='ltr'>tributas</span> 
     </span>
     <span class='ocr_line' id='line_1_15' title="bbox 451 1924 2873 2009; baseline 0.001 -23"><span class='ocrx_word' id='word_1_123' title='bbox 451 1944 596 1987; x_wconf 91' lang='lat' dir='ltr'>esse</span> <span class='ocrx_word' id='word_1_124' title='bbox 626 1925 1033 1989; x_wconf 88' lang='lat' dir='ltr'>existimant.</span> <span class='ocrx_word' id='word_1_125' title='bbox 1125 1947 1282 1990; x_wconf 88' lang='lat' dir='ltr'>nam</span> <span class='ocrx_word' id='word_1_126' title='bbox 1327 1927 1381 1989; x_wconf 94' lang='lat' dir='ltr'>is</span> <span class='ocrx_word' id='word_1_127' title='bbox 1426 1928 1537 2009; x_wconf 87' lang='lat' dir='ltr'>qui</span> <span class='ocrx_word' id='word_1_128' title='bbox 1586 1928 1671 1990; x_wconf 89' lang='lat' dir='ltr'>ad</span> <span class='ocrx_word' id='word_1_129' title='bbox 1716 1927 1842 1990; x_wconf 93' lang='lat' dir='ltr'>hoc</span> <span class='ocrx_word' id='word_1_130' title='bbox 1874 1928 2050 1992; x_wconf 88' lang='lat' dir='ltr'>facta</span> <span class='ocrx_word' id='word_1_131' title='bbox 2092 1928 2206 1991; x_wconf 91' lang='lat' dir='ltr'>illa</span> <span class='ocrx_word' id='word_1_132' title='bbox 2250 1949 2290 1991; x_wconf 89' lang='lat' dir='ltr'>a</span> <span class='ocrx_word' id='word_1_133' title='bbox 2324 1928 2473 1990; x_wconf 92' lang='lat' dir='ltr'>Deo</span> <span class='ocrx_word' id='word_1_134' title='bbox 2504 1924 2873 2002; x_wconf 89' lang='lat' dir='ltr'>confitetur,</span> 
     </span>
     <span class='ocr_line' id='line_1_16' title="bbox 346 2028 2874 2118; baseline 0.004 -28"><span class='ocrx_word' id='word_1_135' title='bbox 346 2033 417 2099; x_wconf 85' lang='lat'>15</span> <span class='ocrx_word' id='word_1_136' title='bbox 452 2028 604 2091; x_wconf 89' lang='lat' dir='ltr'>licet</span> <span class='ocrx_word' id='word_1_137' title='bbox 635 2029 977 2092; x_wconf 89' lang='lat' dir='ltr'>contineat</span> <span class='ocrx_word' id='word_1_138' title='bbox 1007 2051 1079 2093; x_wconf 92' lang='lat' dir='ltr'>se</span> <span class='ocrx_word' id='word_1_139' title='bbox 1110 2051 1231 2094; x_wconf 91' lang='lat' dir='ltr'>suo</span> <span class='ocrx_word' id='word_1_140' title='bbox 1262 2033 1629 2114; x_wconf 86' lang='lat' dir='ltr'>proposito,</span> <span class='ocrx_word' id='word_1_141' title='bbox 1661 2041 1887 2097; x_wconf 90' lang='lat' dir='ltr'>tamen</span> <span class='ocrx_word' id='word_1_142' title='bbox 1921 2033 2265 2118; x_wconf 86' lang='lat' dir='ltr'>cognoscit</span> <span class='ocrx_word' id='word_1_143' title='bbox 2297 2034 2478 2115; x_wconf 91' lang='lat' dir='ltr'>quod</span> <span class='ocrx_word' id='word_1_144' title='bbox 2513 2035 2874 2099; x_wconf 90' lang='lat' dir='ltr'>conueniat</span> 
     </span>
    </p>
   </div>
   <div class='ocr_carea' id='block_1_7' title="bbox 400 2130 2874 2318">
    <p class='ocr_par' dir='ltr' id='par_1_11' title="bbox 400 2130 2874 2318">
     <span class='ocr_line' id='line_1_17' title="bbox 453 2130 2874 2224; baseline 0.004 -28"><span class='ocrx_word' id='word_1_145' title='bbox 453 2133 538 2196; x_wconf 93' lang='lat' dir='ltr'>de</span> <span class='ocrx_word' id='word_1_146' title='bbox 584 2130 714 2195; x_wconf 93' lang='lat' dir='ltr'>illis</span> <span class='ocrx_word' id='word_1_147' title='bbox 759 2133 910 2197; x_wconf 92' lang='lat' dir='ltr'>Deo</span> <span class='ocrx_word' id='word_1_148' title='bbox 953 2135 1203 2216; x_wconf 89' lang='lat' dir='ltr'>gratias</span> <span class='ocrx_word' id='word_1_149' title='bbox 1247 2156 1459 2219; x_wconf 89' lang='lat' dir='ltr'>agere.</span> <span class='ocrx_word' id='word_1_150' title='bbox 1549 2146 1620 2201; x_wconf 89' lang='lat' dir='ltr'>et</span> <span class='ocrx_word' id='word_1_151' title='bbox 1649 2137 1922 2202; x_wconf 89' lang='lat' dir='ltr'>arbitrio</span> <span class='ocrx_word' id='word_1_152' title='bbox 1954 2159 2180 2203; x_wconf 91' lang='lat' dir='ltr'>eorum</span> <span class='ocrx_word' id='word_1_153' title='bbox 2226 2141 2626 2224; x_wconf 89' lang='lat' dir='ltr'>prauitatem</span> <span class='ocrx_word' id='word_1_154' title='bbox 2674 2141 2874 2206; x_wconf 91' lang='lat' dir='ltr'>latius</span> 
     </span>
     <span class='ocr_line' id='line_1_18' title="bbox 400 2234 1170 2318; baseline 0.008 -23"><span class='ocrx_word' id='word_1_155' title='bbox 400 2254 409 2262; x_wconf 89' lang='lat'><strong>·</strong></span> <span class='ocrx_word' id='word_1_156' title='bbox 454 2234 855 2318; x_wconf 78' lang='lat' dir='ltr'>subplicanS,</span> <span class='ocrx_word' id='word_1_157' title='bbox 888 2237 1170 2301; x_wconf 90' lang='lat' dir='ltr'>adiecit:</span> 
     </span>
    </p>
   </div>
   <div class='ocr_carea' id='block_1_8' title="bbox 472 2371 1946 2464">
    <p class='ocr_par' dir='ltr' id='par_1_12' title="bbox 472 2371 1946 2464">
     <span class='ocr_line' id='line_1_19' title="bbox 472 2371 1946 2464; baseline 0.005 -31"><span class='ocrx_word' id='word_1_158' title='bbox 472 2458 479 2464; x_wconf 28' lang='lat'><em>⁷</em></span> <span class='ocrx_word' id='word_1_159' title='bbox 564 2371 880 2455; x_wconf 82' lang='lat' dir='ltr'>fidelibus</span> <span class='ocrx_word' id='word_1_160' title='bbox 906 2381 971 2435; x_wconf 84' lang='lat' dir='ltr'>et</span> <span class='ocrx_word' id='word_1_161' title='bbox 994 2372 1115 2455; x_wconf 81' lang='lat' dir='ltr'>qui</span> <span class='ocrx_word' id='word_1_162' title='bbox 1138 2384 1565 2456; x_wconf 74' lang='lat' dir='ltr'>cognouerunt</span> <span class='ocrx_word' id='word_1_163' title='bbox 1591 2375 1946 2441; x_wconf 82' lang='lat' dir='ltr'>ueritatem.</span> 
     </span>
    </p>
   </div>
   <div class='ocr_carea' id='block_1_9' title="bbox 343 2491 2875 2991">
    <p class='ocr_par' dir='ltr' id='par_1_13' title="bbox 584 2491 2872 2575">
     <span class='ocr_line' id='line_1_20' title="bbox 584 2491 2872 2575; baseline 0.001 -22"><span class='ocrx_word' id='word_1_164' title='bbox 584 2510 716 2553; x_wconf 90' lang='lat' dir='ltr'>non</span> <span class='ocrx_word' id='word_1_165' title='bbox 764 2491 941 2554; x_wconf 89' lang='lat' dir='ltr'>dixit</span> <span class='ocrx_word' id='word_1_166' title='bbox 986 2491 1292 2555; x_wconf 89' lang='lat' dir='ltr'>absolute</span> <span class='ocrx_word' id='word_1_167' title='bbox 1338 2491 1787 2570; x_wconf 79' lang='lat' dir='ltr'>‘hominibu5,&#39;</span> <span class='ocrx_word' id='word_1_168' title='bbox 1831 2502 1897 2556; x_wconf 91' lang='lat' dir='ltr'>et</span> <span class='ocrx_word' id='word_1_169' title='bbox 1929 2493 2200 2575; x_wconf 90' lang='lat' dir='ltr'>quidem</span> <span class='ocrx_word' id='word_1_170' title='bbox 2244 2491 2557 2554; x_wconf 89' lang='lat' dir='ltr'>omnibus</span> <span class='ocrx_word' id='word_1_171' title='bbox 2586 2492 2872 2556; x_wconf 90' lang='lat' dir='ltr'>homini-</span> 
     </span>
    </p>

    <p class='ocr_par' dir='ltr' id='par_1_14' title="bbox 343 2591 2875 2991">
     <span class='ocr_line' id='line_1_21' title="bbox 343 2591 2874 2678; baseline 0.003 -26"><span class='ocrx_word' id='word_1_172' title='bbox 343 2603 430 2652; x_wconf 89' lang='lat'>20</span> <span class='ocrx_word' id='word_1_173' title='bbox 455 2591 578 2655; x_wconf 92' lang='lat' dir='ltr'>bus</span> <span class='ocrx_word' id='word_1_174' title='bbox 610 2593 911 2657; x_wconf 89' lang='lat' dir='ltr'>similiter</span> <span class='ocrx_word' id='word_1_175' title='bbox 940 2615 1098 2657; x_wconf 91' lang='lat' dir='ltr'>usus</span> <span class='ocrx_word' id='word_1_176' title='bbox 1127 2615 1426 2657; x_wconf 89' lang='lat' dir='ltr'>escarum</span> <span class='ocrx_word' id='word_1_177' title='bbox 1459 2597 1876 2678; x_wconf 90' lang='lat' dir='ltr'>propositum</span> <span class='ocrx_word' id='word_1_178' title='bbox 1922 2616 2066 2658; x_wconf 91' lang='lat' dir='ltr'>esse</span> <span class='ocrx_word' id='word_1_179' title='bbox 2113 2595 2390 2671; x_wconf 87' lang='lat' dir='ltr'>uidetur,</span> <span class='ocrx_word' id='word_1_180' title='bbox 2424 2615 2505 2658; x_wconf 93' lang='lat' dir='ltr'>eo</span> <span class='ocrx_word' id='word_1_181' title='bbox 2550 2597 2730 2677; x_wconf 91' lang='lat' dir='ltr'>quod</span> <span class='ocrx_word' id='word_1_182' title='bbox 2779 2598 2874 2659; x_wconf 90' lang='lat' dir='ltr'>ita</span> 
     </span>
     <span class='ocr_line' id='line_1_22' title="bbox 454 2698 2874 2780; baseline 0.001 -20"><span class='ocrx_word' id='word_1_183' title='bbox 454 2718 569 2761; x_wconf 93' lang='lat' dir='ltr'>eos</span> <span class='ocrx_word' id='word_1_184' title='bbox 615 2699 1064 2763; x_wconf 89' lang='lat' dir='ltr'>uniuersitatis</span> <span class='ocrx_word' id='word_1_185' title='bbox 1105 2699 1331 2764; x_wconf 89' lang='lat' dir='ltr'>fecerit</span> <span class='ocrx_word' id='word_1_186' title='bbox 1369 2700 1594 2778; x_wconf 90' lang='lat' dir='ltr'>Deus;</span> <span class='ocrx_word' id='word_1_187' title='bbox 1644 2700 1760 2762; x_wconf 93' lang='lat' dir='ltr'>sed</span> <span class='ocrx_word' id='word_1_188' title='bbox 1809 2707 1882 2761; x_wconf 89' lang='lat' dir='ltr'>ut</span> <span class='ocrx_word' id='word_1_189' title='bbox 1926 2699 2242 2760; x_wconf 90' lang='lat' dir='ltr'>maiorem</span> <span class='ocrx_word' id='word_1_190' title='bbox 2290 2698 2606 2761; x_wconf 89' lang='lat' dir='ltr'>ostendat</span> <span class='ocrx_word' id='word_1_191' title='bbox 2651 2701 2874 2780; x_wconf 90' lang='lat' dir='ltr'>praui-</span> 
     </span>
     <span class='ocr_line' id='line_1_23' title="bbox 454 2801 2874 2886; baseline 0.002 -21"><span class='ocrx_word' id='word_1_192' title='bbox 454 2810 665 2867; x_wconf 92' lang='lat' dir='ltr'>tatem</span> <span class='ocrx_word' id='word_1_193' title='bbox 713 2820 941 2867; x_wconf 88' lang='lat' dir='ltr'>eorum</span> <span class='ocrx_word' id='word_1_194' title='bbox 991 2804 1103 2886; x_wconf 90' lang='lat' dir='ltr'>qui</span> <span class='ocrx_word' id='word_1_195' title='bbox 1160 2804 1253 2867; x_wconf 90' lang='lat' dir='ltr'>ita</span> <span class='ocrx_word' id='word_1_196' title='bbox 1300 2805 1385 2868; x_wconf 91' lang='lat' dir='ltr'>de</span> <span class='ocrx_word' id='word_1_197' title='bbox 1432 2805 1599 2867; x_wconf 90' lang='lat' dir='ltr'>escis</span> <span class='ocrx_word' id='word_1_198' title='bbox 1646 2804 1959 2878; x_wconf 85' lang='lat' dir='ltr'>sentiunt,</span> <span class='ocrx_word' id='word_1_199' title='bbox 1991 2801 2321 2884; x_wconf 88' lang='lat' dir='ltr'>siquidem</span> <span class='ocrx_word' id='word_1_200' title='bbox 2368 2812 2437 2867; x_wconf 90' lang='lat' dir='ltr'>et</span> <span class='ocrx_word' id='word_1_201' title='bbox 2483 2805 2615 2868; x_wconf 91' lang='lat' dir='ltr'>alia</span> <span class='ocrx_word' id='word_1_202' title='bbox 2652 2807 2874 2870; x_wconf 87' lang='lat' dir='ltr'>dicere</span> 
     </span>
     <span class='ocr_line' id='line_1_24' title="bbox 454 2906 2875 2991; baseline 0.002 -20"><span class='ocrx_word' id='word_1_203' title='bbox 454 2917 779 2991; x_wconf 89' lang='lat' dir='ltr'>usurpant</span> <span class='ocrx_word' id='word_1_204' title='bbox 809 2909 894 2972; x_wconf 90' lang='lat' dir='ltr'>de</span> <span class='ocrx_word' id='word_1_205' title='bbox 926 2906 1053 2970; x_wconf 91' lang='lat' dir='ltr'>illis</span> <span class='ocrx_word' id='word_1_206' title='bbox 1084 2928 1365 2991; x_wconf 89' lang='lat' dir='ltr'>quorum</span> <span class='ocrx_word' id='word_1_207' title='bbox 1408 2907 1516 2971; x_wconf 90' lang='lat' dir='ltr'>uel</span> <span class='ocrx_word' id='word_1_208' title='bbox 1557 2907 1855 2970; x_wconf 85' lang='lat' dir='ltr'>maxime</span> <span class='ocrx_word' id='word_1_209' title='bbox 1895 2926 2053 2970; x_wconf 91' lang='lat' dir='ltr'>usus</span> <span class='ocrx_word' id='word_1_210' title='bbox 2084 2908 2396 2970; x_wconf 89' lang='lat' dir='ltr'>omnibus</span> <span class='ocrx_word' id='word_1_211' title='bbox 2433 2908 2701 2973; x_wconf 88' lang='lat' dir='ltr'>uidetur</span> <span class='ocrx_word' id='word_1_212' title='bbox 2730 2931 2875 2975; x_wconf 91' lang='lat' dir='ltr'>esse</span> 
     </span>
    </p>
   </div>
   <div class='ocr_carea' id='block_1_10' title="bbox 456 3032 2881 3586">
    <p class='ocr_par' dir='ltr' id='par_1_15' title="bbox 456 3032 2881 3586">
     <span class='ocr_line' id='line_1_25' title="bbox 559 3032 2881 3103; baseline 0.002 -18"><span class='ocrx_word' id='word_1_213' title='bbox 559 3051 579 3085; x_wconf 86' lang='lat'>1</span> <span class='ocrx_word' id='word_1_214' title='bbox 619 3050 749 3099; x_wconf 84' lang='lat' dir='ltr'>quae</span> <span class='ocrx_word' id='word_1_215' title='bbox 773 3032 887 3099; x_wconf 83' lang='lat' dir='ltr'>(for</span> <span class='ocrx_word' id='word_1_216' title='bbox 905 3032 1042 3099; x_wconf 86' lang='lat' dir='ltr'>quia)</span> <span class='ocrx_word' id='word_1_217' title='bbox 1073 3034 1156 3084; x_wconf 72' lang='lat' dir='ltr'>C*</span> <span class='ocrx_word' id='word_1_218' title='bbox 1174 3036 1243 3084; x_wconf 81' lang='lat' dir='ltr'><em>H</em></span> <span class='ocrx_word' id='word_1_219' title='bbox 1276 3037 1413 3101; x_wconf 91' lang='lat' dir='ltr'>quod</span> <span class='ocrx_word' id='word_1_220' title='bbox 1441 3037 1485 3085; x_wconf 89' lang='lat' dir='ltr'><em>C</em></span> <span class='ocrx_word' id='word_1_221' title='bbox 1506 3034 1653 3100; x_wconf 85' lang='lat' dir='ltr'>(corr)</span> <span class='ocrx_word' id='word_1_222' title='bbox 1677 3054 1690 3085; x_wconf 71' lang='grc' dir='ltr'><strong><em>ε</em></strong></span> <span class='ocrx_word' id='word_1_223' title='bbox 1724 3051 1802 3084; x_wconf 86' lang='lat' dir='ltr'>om</span> <span class='ocrx_word' id='word_1_224' title='bbox 1827 3050 1860 3084; x_wconf 80' lang='lat' dir='ltr'>r</span> <span class='ocrx_word' id='word_1_225' title='bbox 2229 3052 2255 3085; x_wconf 74' lang='grc' dir='ltr'>α</span> <span class='ocrx_word' id='word_1_226' title='bbox 2292 3051 2394 3100; x_wconf 90' lang='lat' dir='ltr'>quo</span> <span class='ocrx_word' id='word_1_227' title='bbox 2418 3037 2536 3101; x_wconf 86' lang='lat' dir='ltr'>(for</span> <span class='ocrx_word' id='word_1_228' title='bbox 2556 3038 2815 3103; x_wconf 87' lang='lat' dir='ltr'>quoniam)</span> <span class='ocrx_word' id='word_1_229' title='bbox 2847 3055 2881 3088; x_wconf 83' lang='lat' dir='ltr'>r</span> 
     </span>
     <span class='ocr_line' id='line_1_26' title="bbox 458 3113 2881 3183; baseline 0.002 -17"><span class='ocrx_word' id='word_1_230' title='bbox 458 3131 487 3179; x_wconf 82' lang='lat'>3</span> <span class='ocrx_word' id='word_1_231' title='bbox 520 3118 673 3167; x_wconf 83' lang='lat' dir='ltr'>etiam</span> <span class='ocrx_word' id='word_1_232' title='bbox 698 3116 811 3180; x_wconf 85' lang='lat' dir='ltr'>(for</span> <span class='ocrx_word' id='word_1_233' title='bbox 830 3118 960 3174; x_wconf 80' lang='lat' dir='ltr'>earn)</span> <span class='ocrx_word' id='word_1_234' title='bbox 983 3133 1015 3165; x_wconf 88' lang='lat' dir='ltr'>r</span> <span class='ocrx_word' id='word_1_235' title='bbox 1042 3114 1051 3181; x_wconf 87' lang='grc' dir='ltr'>Ι</span> <span class='ocrx_word' id='word_1_236' title='bbox 1080 3117 1271 3167; x_wconf 84' lang='lat' dir='ltr'>incusat</span> <span class='ocrx_word' id='word_1_237' title='bbox 1299 3119 1342 3166; x_wconf 88' lang='lat' dir='ltr'><em>C</em></span> <span class='ocrx_word' id='word_1_238' title='bbox 1375 3116 1521 3181; x_wconf 84' lang='lat' dir='ltr'>(corr)</span> <span class='ocrx_word' id='word_1_239' title='bbox 1877 3113 1912 3166; x_wconf 89' lang='lat'><strong>6</strong></span> <span class='ocrx_word' id='word_1_240' title='bbox 1942 3115 2007 3165; x_wconf 89' lang='lat' dir='ltr'>ad</span> <span class='ocrx_word' id='word_1_241' title='bbox 2030 3116 2407 3182; x_wconf 86' lang='lat' dir='ltr'>percipiendum</span> <span class='ocrx_word' id='word_1_242' title='bbox 2432 3116 2548 3183; x_wconf 73' lang='lat' dir='ltr'>(jbr</span> <span class='ocrx_word' id='word_1_243' title='bbox 2568 3120 2631 3170; x_wconf 82' lang='lat' dir='ltr'>ad</span> <span class='ocrx_word' id='word_1_244' title='bbox 2656 3120 2811 3182; x_wconf 85' lang='lat' dir='ltr'>fruit.)</span> <span class='ocrx_word' id='word_1_245' title='bbox 2848 3136 2881 3170; x_wconf 82' lang='lat' dir='ltr'>r</span> 
     </span>
     <span class='ocr_line' id='line_1_27' title="bbox 456 3196 2878 3264; baseline 0.002 -17"><span class='ocrx_word' id='word_1_246' title='bbox 456 3212 488 3261; x_wconf 93' lang='lat'>9</span> <span class='ocrx_word' id='word_1_247' title='bbox 522 3198 702 3247; x_wconf 88' lang='lat' dir='ltr'>modus</span> <span class='ocrx_word' id='word_1_248' title='bbox 723 3198 947 3247; x_wconf 85' lang='lat' dir='ltr'>adiectus</span> <span class='ocrx_word' id='word_1_249' title='bbox 973 3196 1087 3263; x_wconf 83' lang='lat' dir='ltr'>(sor</span> <span class='ocrx_word' id='word_1_250' title='bbox 1106 3199 1311 3248; x_wconf 86' lang='lat' dir='ltr'>modum</span> <span class='ocrx_word' id='word_1_251' title='bbox 1335 3198 1577 3261; x_wconf 86' lang='lat' dir='ltr'>adiciens)</span> <span class='ocrx_word' id='word_1_252' title='bbox 1601 3214 1636 3247; x_wconf 84' lang='lat' dir='ltr'>r</span> <span class='ocrx_word' id='word_1_253' title='bbox 1865 3214 1925 3248; x_wconf 89' lang='lat'>10</span> <span class='ocrx_word' id='word_1_254' title='bbox 1957 3214 2086 3263; x_wconf 84' lang='lat' dir='ltr'>quae</span> <span class='ocrx_word' id='word_1_255' title='bbox 2112 3198 2227 3263; x_wconf 81' lang='lat' dir='ltr'>(for</span> <span class='ocrx_word' id='word_1_256' title='bbox 2245 3200 2417 3264; x_wconf 87' lang='lat' dir='ltr'>quem)</span> <span class='ocrx_word' id='word_1_257' title='bbox 2441 3217 2475 3248; x_wconf 90' lang='lat' dir='ltr'>r</span> <span class='ocrx_word' id='word_1_258' title='bbox 2708 3218 2728 3252; x_wconf 85' lang='lat'>1</span> <span class='ocrx_word' id='word_1_259' title='bbox 2744 3217 2764 3251; x_wconf 86' lang='lat'>1</span> <span class='ocrx_word' id='word_1_260' title='bbox 2802 3210 2878 3253; x_wconf 90' lang='lat' dir='ltr'>est</span> 
     </span>
     <span class='ocr_line' id='line_1_28' title="bbox 460 3277 2878 3347; baseline 0.002 -21"><span class='ocrx_word' id='word_1_261' title='bbox 460 3277 557 3343; x_wconf 82' lang='lat' dir='ltr'>(ast</span> <span class='ocrx_word' id='word_1_262' title='bbox 575 3278 728 3343; x_wconf 88' lang='lat' dir='ltr'>enim)</span> <span class='ocrx_word' id='word_1_263' title='bbox 752 3277 857 3327; x_wconf 85' lang='lat' dir='ltr'>add</span> <span class='ocrx_word' id='word_1_264' title='bbox 877 3279 922 3327; x_wconf 90' lang='lat' dir='ltr'><em>C</em></span> <span class='ocrx_word' id='word_1_265' title='bbox 1116 3294 1172 3328; x_wconf 83' lang='lat'>12</span> <span class='ocrx_word' id='word_1_266' title='bbox 1208 3286 1283 3328; x_wconf 89' lang='lat' dir='ltr'>est</span> <span class='ocrx_word' id='word_1_267' title='bbox 1304 3295 1381 3328; x_wconf 86' lang='lat' dir='ltr'>om</span> <span class='ocrx_word' id='word_1_268' title='bbox 1405 3280 1450 3328; x_wconf 90' lang='lat' dir='ltr'><em>C</em></span> <span class='ocrx_word' id='word_1_269' title='bbox 1475 3285 1484 3344; x_wconf 87' lang='grc' dir='ltr'>Ι</span> <span class='ocrx_word' id='word_1_270' title='bbox 1511 3278 1767 3329; x_wconf 85' lang='lat' dir='ltr'>incausare</span> <span class='ocrx_word' id='word_1_271' title='bbox 1790 3277 1870 3328; x_wconf 70' lang='lat' dir='ltr'>C·</span> <span class='ocrx_word' id='word_1_272' title='bbox 1910 3277 1918 3342; x_wconf 95' lang='grc' dir='ltr'>Ι</span> <span class='ocrx_word' id='word_1_273' title='bbox 1947 3278 2140 3329; x_wconf 86' lang='lat' dir='ltr'>nullum</span> <span class='ocrx_word' id='word_1_274' title='bbox 2163 3296 2195 3328; x_wconf 88' lang='lat' dir='ltr'>r</span> <span class='ocrx_word' id='word_1_275' title='bbox 2393 3297 2449 3344; x_wconf 84' lang='lat'>13</span> <span class='ocrx_word' id='word_1_276' title='bbox 2484 3281 2878 3347; x_wconf 83' lang='lat' dir='ltr'>subreliquentes</span> 
     </span>
     <span class='ocr_line' id='line_1_29' title="bbox 463 3358 2881 3425; baseline 0.001 -15"><span class='ocrx_word' id='word_1_277' title='bbox 463 3358 534 3410; x_wconf 77' lang='lat' dir='ltr'>C·</span> <span class='ocrx_word' id='word_1_278' title='bbox 753 3358 811 3409; x_wconf 93' lang='lat'>16</span> <span class='ocrx_word' id='word_1_279' title='bbox 845 3358 1037 3409; x_wconf 87' lang='lat' dir='ltr'>arbitrii</span> <span class='ocrx_word' id='word_1_280' title='bbox 1065 3360 1110 3408; x_wconf 90' lang='lat' dir='ltr'><em>C</em></span> <span class='ocrx_word' id='word_1_281' title='bbox 1130 3360 1277 3420; x_wconf 79' lang='lat' dir='ltr'>(corr)</span> <span class='ocrx_word' id='word_1_282' title='bbox 1301 3377 1334 3408; x_wconf 82' lang='lat' dir='ltr'>r</span> <span class='ocrx_word' id='word_1_283' title='bbox 1554 3374 1610 3425; x_wconf 87' lang='lat'>17</span> <span class='ocrx_word' id='word_1_284' title='bbox 1646 3359 1901 3425; x_wconf 86' lang='lat' dir='ltr'>explicans</span> <span class='ocrx_word' id='word_1_285' title='bbox 1923 3377 1956 3409; x_wconf 85' lang='lat' dir='ltr'>r</span> <span class='ocrx_word' id='word_1_286' title='bbox 1980 3359 1988 3424; x_wconf 93' lang='grc' dir='ltr'>Ι</span> <span class='ocrx_word' id='word_1_287' title='bbox 2018 3366 2067 3409; x_wconf 85' lang='lat' dir='ltr'>et</span> <span class='ocrx_word' id='word_1_288' title='bbox 2093 3359 2190 3425; x_wconf 82' lang='lat' dir='ltr'>(ast</span> <span class='ocrx_word' id='word_1_289' title='bbox 2210 3359 2396 3425; x_wconf 89' lang='lat' dir='ltr'>subpl.)</span> <span class='ocrx_word' id='word_1_290' title='bbox 2420 3361 2525 3410; x_wconf 84' lang='lat' dir='ltr'>add</span> <span class='ocrx_word' id='word_1_291' title='bbox 2556 3363 2679 3412; x_wconf 85' lang='lat' dir='ltr'>CH:</span> <span class='ocrx_word' id='word_1_292' title='bbox 2726 3369 2807 3411; x_wconf 78' lang='lat' dir='ltr'>txt</span> <span class='ocrx_word' id='word_1_293' title='bbox 2847 3380 2881 3412; x_wconf 83' lang='lat' dir='ltr'>r</span> 
     </span>
     <span class='ocr_line' id='line_1_30' title="bbox 464 3437 2877 3509; baseline 0.001 -19"><span class='ocrx_word' id='word_1_294' title='bbox 464 3454 523 3509; x_wconf 90' lang='lat'>19</span> <span class='ocrx_word' id='word_1_295' title='bbox 566 3447 616 3490; x_wconf 88' lang='lat' dir='ltr'>et</span> <span class='ocrx_word' id='word_1_296' title='bbox 639 3440 858 3505; x_wconf 87' lang='lat' dir='ltr'>quidem,</span> <span class='ocrx_word' id='word_1_297' title='bbox 885 3440 1174 3490; x_wconf 86' lang='lat' dir='ltr'>hominibus</span> <span class='ocrx_word' id='word_1_298' title='bbox 1198 3437 1287 3504; x_wconf 63' lang='grc' dir='ltr'>(αθ)</span> <span class='ocrx_word' id='word_1_299' title='bbox 1311 3456 1388 3490; x_wconf 87' lang='lat' dir='ltr'>om</span> <span class='ocrx_word' id='word_1_300' title='bbox 1423 3457 1456 3489; x_wconf 83' lang='lat' dir='ltr'>r</span> <span class='ocrx_word' id='word_1_301' title='bbox 1664 3455 1726 3490; x_wconf 65' lang='grc' dir='ltr'>ἰο</span> <span class='ocrx_word' id='word_1_302' title='bbox 1759 3440 1824 3491; x_wconf 91' lang='lat' dir='ltr'>de</span> <span class='ocrx_word' id='word_1_303' title='bbox 1844 3456 1936 3490; x_wconf 86' lang='lat' dir='ltr'>usu</span> <span class='ocrx_word' id='word_1_304' title='bbox 1963 3437 2079 3504; x_wconf 86' lang='lat' dir='ltr'>(sor</span> <span class='ocrx_word' id='word_1_305' title='bbox 2098 3440 2231 3504; x_wconf 86' lang='lat' dir='ltr'>usus)</span> <span class='ocrx_word' id='word_1_306' title='bbox 2257 3457 2289 3489; x_wconf 88' lang='lat' dir='ltr'>r</span> <span class='ocrx_word' id='word_1_307' title='bbox 2312 3439 2320 3505; x_wconf 89' lang='grc' dir='ltr'>Ι</span> <span class='ocrx_word' id='word_1_308' title='bbox 2351 3442 2634 3506; x_wconf 88' lang='lat' dir='ltr'>propositus</span> <span class='ocrx_word' id='word_1_309' title='bbox 2663 3442 2707 3493; x_wconf 89' lang='lat' dir='ltr'><em>C</em></span> <span class='ocrx_word' id='word_1_310' title='bbox 2727 3444 2877 3505; x_wconf 79' lang='lat' dir='ltr'>(corr)</span> 
     </span>
     <span class='ocr_line' id='line_1_31' title="bbox 458 3521 1101 3586; baseline -0.002 -15"><span class='ocrx_word' id='word_1_311' title='bbox 458 3536 522 3586; x_wconf 75' lang='lat'>‘²3</span> <span class='ocrx_word' id='word_1_312' title='bbox 555 3522 620 3571; x_wconf 89' lang='lat' dir='ltr'>de</span> <span class='ocrx_word' id='word_1_313' title='bbox 640 3521 739 3571; x_wconf 88' lang='lat' dir='ltr'>illis</span> <span class='ocrx_word' id='word_1_314' title='bbox 761 3530 999 3586; x_wconf 84' lang='lat' dir='ltr'>usurpant</span> <span class='ocrx_word' id='word_1_315' title='bbox 1031 3521 1101 3570; x_wconf 82' lang='lat' dir='ltr'><em>H</em></span> 
     </span>
    </p>
   </div>
   <div class='ocr_carea' id='block_1_11' title="bbox 460 3633 2878 3865">
    <p class='ocr_par' dir='ltr' id='par_1_16' title="bbox 460 3633 2878 3865">
     <span class='ocr_line' id='line_1_32' title="bbox 460 3633 2878 3701; baseline -0 -15"><span class='ocrx_word' id='word_1_316' title='bbox 460 3635 573 3686; x_wconf 79' lang='lat' dir='ltr'>idea</span> <span class='ocrx_word' id='word_1_317' title='bbox 602 3635 710 3685; x_wconf 89' lang='lat' dir='ltr'>into</span> <span class='ocrx_word' id='word_1_318' title='bbox 737 3635 822 3685; x_wconf 89' lang='lat' dir='ltr'>the</span> <span class='ocrx_word' id='word_1_319' title='bbox 849 3643 967 3684; x_wconf 87' lang='lat' dir='ltr'>next</span> <span class='ocrx_word' id='word_1_320' title='bbox 997 3634 1180 3694; x_wconf 83' lang='lat' dir='ltr'>clause,</span> <span class='ocrx_word' id='word_1_321' title='bbox 1215 3634 1501 3699; x_wconf 87' lang='lat' dir='ltr'>neglecting</span> <span class='ocrx_word' id='word_1_322' title='bbox 1531 3635 1617 3685; x_wconf 87' lang='lat' dir='ltr'>the</span> <span class='ocrx_word' id='word_1_323' title='bbox 1717 3633 1750 3685; x_wconf 88' lang='lat'>1.</span> <span class='ocrx_word' id='word_1_324' title='bbox 1799 3648 1874 3698; x_wconf 87' lang='lat'>15,</span> <span class='ocrx_word' id='word_1_325' title='bbox 1917 3641 2050 3685; x_wconf 87' lang='lat' dir='ltr'>note.</span> <span class='ocrx_word' id='word_1_326' title='bbox 2127 3633 2268 3684; x_wconf 89' lang='lat' dir='ltr'>Here</span> <span class='ocrx_word' id='word_1_327' title='bbox 2309 3633 2335 3682; x_wconf 93' lang='lat'>1</span> <span class='ocrx_word' id='word_1_328' title='bbox 2373 3634 2530 3684; x_wconf 84' lang='lat' dir='ltr'>retain</span> <span class='ocrx_word' id='word_1_329' title='bbox 2570 3633 2657 3685; x_wconf 88' lang='lat' dir='ltr'>the</span> <span class='ocrx_word' id='word_1_330' title='bbox 2692 3636 2878 3701; x_wconf 86' lang='lat' dir='ltr'>irregu-</span> 
     </span>
     <span class='ocr_line' id='line_1_33' title="bbox 460 3715 2878 3782; baseline 0.002 -18"><span class='ocrx_word' id='word_1_331' title='bbox 460 3716 690 3780; x_wconf 83' lang='lat' dir='ltr'>negative</span> <span class='ocrx_word' id='word_1_332' title='bbox 724 3715 853 3765; x_wconf 77' lang='lat' dir='ltr'>form</span> <span class='ocrx_word' id='word_1_333' title='bbox 887 3716 941 3765; x_wconf 89' lang='lat' dir='ltr'>in</span> <span class='ocrx_word' id='word_1_334' title='bbox 971 3715 1137 3765; x_wconf 83' lang='lat' dir='ltr'>which</span> <span class='ocrx_word' id='word_1_335' title='bbox 1167 3715 1206 3765; x_wconf 87' lang='lat' dir='ltr'>it</span> <span class='ocrx_word' id='word_1_336' title='bbox 1240 3716 1339 3765; x_wconf 85' lang='lat' dir='ltr'>had</span> <span class='ocrx_word' id='word_1_337' title='bbox 1371 3716 1499 3764; x_wconf 90' lang='lat' dir='ltr'>been</span> <span class='ocrx_word' id='word_1_338' title='bbox 1530 3732 1615 3765; x_wconf 86' lang='lat' dir='ltr'>ex·</span> <span class='ocrx_word' id='word_1_339' title='bbox 1717 3718 1864 3782; x_wconf 81' lang='lat' dir='ltr'>larity</span> <span class='ocrx_word' id='word_1_340' title='bbox 1897 3718 1952 3767; x_wconf 89' lang='lat' dir='ltr'>in</span> <span class='ocrx_word' id='word_1_341' title='bbox 1991 3718 2077 3767; x_wconf 83' lang='lat' dir='ltr'>the</span> <span class='ocrx_word' id='word_1_342' title='bbox 2116 3726 2239 3776; x_wconf 86' lang='lat' dir='ltr'>text,</span> <span class='ocrx_word' id='word_1_343' title='bbox 2274 3717 2410 3767; x_wconf 85' lang='lat' dir='ltr'>since</span> <span class='ocrx_word' id='word_1_344' title='bbox 2448 3716 2486 3766; x_wconf 88' lang='lat' dir='ltr'>it</span> <span class='ocrx_word' id='word_1_345' title='bbox 2526 3717 2569 3767; x_wconf 88' lang='lat' dir='ltr'>is</span> <span class='ocrx_word' id='word_1_346' title='bbox 2613 3720 2878 3782; x_wconf 86' lang='lat' dir='ltr'>presented</span> 
     </span>
     <span class='ocr_line' id='line_1_34' title="bbox 460 3798 2714 3865; baseline 0.001 -17"><span class='ocrx_word' id='word_1_347' title='bbox 460 3799 680 3865; x_wconf 88' lang='lat' dir='ltr'>pressed.</span> <span class='ocrx_word' id='word_1_348' title='bbox 750 3800 799 3850; x_wconf 90' lang='lat' dir='ltr'>It</span> <span class='ocrx_word' id='word_1_349' title='bbox 820 3798 863 3849; x_wconf 83' lang='lat' dir='ltr'>is</span> <span class='ocrx_word' id='word_1_350' title='bbox 886 3799 1176 3863; x_wconf 81' lang='lat' dir='ltr'>interesting</span> <span class='ocrx_word' id='word_1_351' title='bbox 1198 3805 1251 3849; x_wconf 90' lang='lat' dir='ltr'>to</span> <span class='ocrx_word' id='word_1_352' title='bbox 1272 3816 1508 3865; x_wconf 86' lang='lat' dir='ltr'>compare</span> <span class='ocrx_word' id='word_1_353' title='bbox 1530 3801 1618 3851; x_wconf 86' lang='lat' dir='ltr'>the</span> <span class='ocrx_word' id='word_1_354' title='bbox 1717 3799 1844 3849; x_wconf 87' lang='lat' dir='ltr'>both</span> <span class='ocrx_word' id='word_1_355' title='bbox 1867 3799 1934 3865; x_wconf 83' lang='lat' dir='ltr'>by</span> <span class='ocrx_word' id='word_1_356' title='bbox 1956 3799 2042 3849; x_wconf 88' lang='lat' dir='ltr'>the</span> <span class='ocrx_word' id='word_1_357' title='bbox 2066 3799 2222 3850; x_wconf 88' lang='lat' dir='ltr'><strong>MSS.</strong></span> <span class='ocrx_word' id='word_1_358' title='bbox 2247 3798 2346 3848; x_wconf 84' lang='lat' dir='ltr'>and</span> <span class='ocrx_word' id='word_1_359' title='bbox 2369 3799 2438 3862; x_wconf 86' lang='lat' dir='ltr'>by</span> <span class='ocrx_word' id='word_1_360' title='bbox 2460 3798 2714 3852; x_wconf 80' lang='lat' dir='ltr'>RabanuS.</span> 
     </span>
    </p>
   </div>
   <div class='ocr_carea' id='block_1_12' title="bbox 455 3881 2881 4112">
    <p class='ocr_par' dir='ltr' id='par_1_17' title="bbox 455 3881 2881 4112">
     <span class='ocr_line' id='line_1_35' title="bbox 462 3881 2876 3950; baseline 0.001 -19"><span class='ocrx_word' id='word_1_361' title='bbox 462 3883 659 3932; x_wconf 83' lang='lat' dir='ltr'>remark</span> <span class='ocrx_word' id='word_1_362' title='bbox 698 3882 759 3932; x_wconf 84' lang='lat' dir='ltr'>of</span> <span class='ocrx_word' id='word_1_363' title='bbox 785 3883 939 3934; x_wconf 76' lang='lat' dir='ltr'>Qec-2</span> <span class='ocrx_word' id='word_1_364' title='bbox 976 3881 1060 3932; x_wconf 78' lang='grc' dir='ltr'>οὐκ</span> <span class='ocrx_word' id='word_1_365' title='bbox 1092 3884 1226 3934; x_wconf 73' lang='grc' dir='ltr'>ἔστιν</span> <span class='ocrx_word' id='word_1_366' title='bbox 1233 3922 1352 3934; x_wconf 89' lang='grc'><strong>......</strong></span> <span class='ocrx_word' id='word_1_367' title='bbox 1358 3885 1618 3948; x_wconf 75' lang='grc' dir='ltr'>παρόραμα</span> <span class='ocrx_word' id='word_1_368' title='bbox 1790 3892 1866 3943; x_wconf 81' lang='lat'>17·</span> <span class='ocrx_word' id='word_1_369' title='bbox 1943 3881 2242 3945; x_wconf 81' lang='lat' dir='ltr'>subplicans]</span> <span class='ocrx_word' id='word_1_370' title='bbox 2311 3881 2374 3929; x_wconf 88' lang='lat' dir='ltr'>In</span> <span class='ocrx_word' id='word_1_371' title='bbox 2430 3881 2530 3931; x_wconf 89' lang='lat' dir='ltr'>this</span> <span class='ocrx_word' id='word_1_372' title='bbox 2584 3898 2728 3932; x_wconf 86' lang='lat' dir='ltr'>sense</span> <span class='ocrx_word' id='word_1_373' title='bbox 2783 3901 2876 3950; x_wconf 86' lang='lat' dir='ltr'>ap-</span> 
     </span>
     <span class='ocr_line' id='line_1_36' title="bbox 465 3961 2881 4027; baseline 0.001 -15"><span class='ocrx_word' id='word_1_374' title='bbox 465 3964 805 4026; x_wconf 75' lang='grc' dir='ltr'>ἀποστολικόν,</span> <span class='ocrx_word' id='word_1_375' title='bbox 867 3967 998 4015; x_wconf 75' lang='grc' dir='ltr'>ἀλλὰ</span> <span class='ocrx_word' id='word_1_376' title='bbox 1061 3967 1141 4015; x_wconf 80' lang='grc' dir='ltr'>καὶ</span> <span class='ocrx_word' id='word_1_377' title='bbox 1208 3963 1355 4027; x_wconf 74' lang='grc' dir='ltr'><strong><em>ὀρθῶς</em></strong></span> <span class='ocrx_word' id='word_1_378' title='bbox 1411 3967 1476 4018; x_wconf 77' lang='grc' dir='ltr'>εἰς</span> <span class='ocrx_word' id='word_1_379' title='bbox 1528 3966 1621 4027; x_wconf 74' lang='grc' dir='ltr'>τὴν</span> <span class='ocrx_word' id='word_1_380' title='bbox 1717 3961 1946 4027; x_wconf 82' lang='lat' dir='ltr'>parently</span> <span class='ocrx_word' id='word_1_381' title='bbox 1966 3962 2174 4011; x_wconf 82' lang='lat' dir='ltr'>without</span> <span class='ocrx_word' id='word_1_382' title='bbox 2206 3961 2462 4027; x_wconf 82' lang='lat' dir='ltr'>example;</span> <span class='ocrx_word' id='word_1_383' title='bbox 2498 3963 2585 4013; x_wconf 88' lang='lat' dir='ltr'>the</span> <span class='ocrx_word' id='word_1_384' title='bbox 2615 3965 2881 4015; x_wconf 84' lang='lat' dir='ltr'>translator</span> 
     </span>
     <span class='ocr_line' id='line_1_37' title="bbox 455 4040 2875 4112; baseline 0.002 -23"><span class='ocrx_word' id='word_1_385' title='bbox 455 4040 661 4094; x_wconf 78' lang='grc' dir='ltr'>Ἀτθίδα</span> <span class='ocrx_word' id='word_1_386' title='bbox 684 4045 936 4105; x_wconf 59' lang='grc' dir='ltr'>συνήθειαν</span> <span class='ocrx_word' id='word_1_387' title='bbox 958 4048 1396 4112; x_wconf 65' lang='grc' dir='ltr'>διαπφρασμέγον.</span> <span class='ocrx_word' id='word_1_388' title='bbox 1720 4057 1880 4091; x_wconf 86' lang='lat' dir='ltr'>seems</span> <span class='ocrx_word' id='word_1_389' title='bbox 1915 4049 1967 4090; x_wconf 92' lang='lat' dir='ltr'>to</span> <span class='ocrx_word' id='word_1_390' title='bbox 1995 4041 2124 4090; x_wconf 77' lang='lat' dir='ltr'>have</span> <span class='ocrx_word' id='word_1_391' title='bbox 2155 4042 2275 4090; x_wconf 90' lang='lat' dir='ltr'>used</span> <span class='ocrx_word' id='word_1_392' title='bbox 2311 4042 2347 4090; x_wconf 85' lang='lat' dir='ltr'>it</span> <span class='ocrx_word' id='word_1_393' title='bbox 2389 4051 2442 4091; x_wconf 89' lang='lat' dir='ltr'>to</span> <span class='ocrx_word' id='word_1_394' title='bbox 2477 4052 2728 4109; x_wconf 89' lang='lat' dir='ltr'>represent</span> <span class='ocrx_word' id='word_1_395' title='bbox 2762 4045 2875 4095; x_wconf 75' lang='grc' dir='ltr'>ὑπο-</span> 
     </span>
    </p>
   </div>
   <div class='ocr_carea' id='block_1_13' title="bbox 465 4121 2883 4518">
    <p class='ocr_par' dir='ltr' id='par_1_18' title="bbox 465 4121 2879 4357">
     <span class='ocr_line' id='line_1_38' title="bbox 529 4121 2513 4193; baseline 0.003 -23"><span class='ocrx_word' id='word_1_396' title='bbox 529 4124 579 4176; x_wconf 87' lang='grc'>6.</span> <span class='ocrx_word' id='word_1_397' title='bbox 645 4129 906 4190; x_wconf 78' lang='lat' dir='ltr'>quae‚‚,ad</span> <span class='ocrx_word' id='word_1_398' title='bbox 928 4128 1256 4191; x_wconf 75' lang='lat' dir='ltr'>fruitionem]</span> <span class='ocrx_word' id='word_1_399' title='bbox 1322 4130 1355 4178; x_wconf 68' lang='lat' dir='ltr'>d</span> <span class='ocrx_word' id='word_1_400' title='bbox 1386 4131 1465 4193; x_wconf 83' lang='lat' dir='ltr'>(sc,</span> <span class='ocrx_word' id='word_1_401' title='bbox 1493 4130 1617 4192; x_wconf 76' lang='grc' dir='ltr'>βρώ·</span> <span class='ocrx_word' id='word_1_402' title='bbox 1719 4126 1912 4184; x_wconf 73' lang='grc' dir='ltr'>πλέξας,</span> <span class='ocrx_word' id='word_1_403' title='bbox 1938 4121 2191 4173; x_wconf 73' lang='grc' dir='ltr'>ὖποτείνας</span> <span class='ocrx_word' id='word_1_404' title='bbox 2208 4139 2265 4172; x_wconf 87' lang='lat' dir='ltr'>or</span> <span class='ocrx_word' id='word_1_405' title='bbox 2286 4123 2373 4174; x_wconf 87' lang='lat' dir='ltr'>the</span> <span class='ocrx_word' id='word_1_406' title='bbox 2396 4125 2513 4175; x_wconf 80' lang='lat' dir='ltr'>like.</span> 
     </span>
     <span class='ocr_line' id='line_1_39' title="bbox 465 4205 2879 4275; baseline 0.002 -19"><span class='ocrx_word' id='word_1_407' title='bbox 465 4206 616 4269; x_wconf 77' lang='grc' dir='ltr'>ματα)</span> <span class='ocrx_word' id='word_1_408' title='bbox 652 4208 716 4257; x_wconf 75' lang='grc' dir='ltr'>εἰς</span> <span class='ocrx_word' id='word_1_409' title='bbox 748 4209 1041 4272; x_wconf 78' lang='grc' dir='ltr'>μετάληψιν.</span> <span class='ocrx_word' id='word_1_410' title='bbox 1116 4211 1181 4260; x_wconf 91' lang='grc' dir='ltr'>Ο.</span> <span class='ocrx_word' id='word_1_411' title='bbox 1212 4212 1272 4260; x_wconf 91' lang='lat' dir='ltr'>L.</span> <span class='ocrx_word' id='word_1_412' title='bbox 1309 4210 1410 4260; x_wconf 81' lang='lat' dir='ltr'>and</span> <span class='ocrx_word' id='word_1_413' title='bbox 1441 4210 1612 4275; x_wconf 63' lang='lat' dir='ltr'>vulg„</span> <span class='ocrx_word' id='word_1_414' title='bbox 1791 4208 1867 4257; x_wconf 88' lang='lat'>18.</span> <span class='ocrx_word' id='word_1_415' title='bbox 1932 4206 2104 4271; x_wconf 72' lang='lat' dir='ltr'>etque]</span> <span class='ocrx_word' id='word_1_416' title='bbox 2172 4205 2242 4255; x_wconf 92' lang='lat' dir='ltr'>So</span> <span class='ocrx_word' id='word_1_417' title='bbox 2266 4207 2520 4267; x_wconf 84' lang='lat' dir='ltr'>Clarom.;</span> <span class='ocrx_word' id='word_1_418' title='bbox 2556 4208 2622 4259; x_wconf 93' lang='grc' dir='ltr'>Ο.</span> <span class='ocrx_word' id='word_1_419' title='bbox 2643 4209 2702 4260; x_wconf 90' lang='lat' dir='ltr'>L.</span> <span class='ocrx_word' id='word_1_420' title='bbox 2729 4226 2879 4275; x_wconf 83' lang='lat' dir='ltr'>gene·</span> 
     </span>
     <span class='ocr_line' id='line_1_40' title="bbox 472 4282 2749 4357; baseline 0.004 -26"><span class='ocrx_word' id='word_1_421' title='bbox 472 4284 648 4349; x_wconf 86' lang='lat' dir='ltr'>“quos</span> <span class='ocrx_word' id='word_1_422' title='bbox 672 4282 752 4347; x_wconf 84' lang='lat' dir='ltr'>(sc.</span> <span class='ocrx_word' id='word_1_423' title='bbox 780 4284 1070 4348; x_wconf 86' lang='lat' dir='ltr'>cibos)...ad</span> <span class='ocrx_word' id='word_1_424' title='bbox 1093 4285 1520 4352; x_wconf 87' lang='lat' dir='ltr'>percipiendum.&#39;’</span> <span class='ocrx_word' id='word_1_425' title='bbox 1721 4290 1847 4353; x_wconf 83' lang='lat' dir='ltr'>rally</span> <span class='ocrx_word' id='word_1_426' title='bbox 1868 4290 1967 4338; x_wconf 91' lang='lat' dir='ltr'>and</span> <span class='ocrx_word' id='word_1_427' title='bbox 1991 4287 2163 4352; x_wconf 87' lang='lat' dir='ltr'>Vulg.,</span> <span class='ocrx_word' id='word_1_428' title='bbox 2199 4290 2292 4338; x_wconf 87' lang='lat' dir='ltr'>“et</span> <span class='ocrx_word' id='word_1_429' title='bbox 2316 4289 2394 4339; x_wconf 88' lang='lat' dir='ltr'>his</span> <span class='ocrx_word' id='word_1_430' title='bbox 2417 4291 2476 4353; x_wconf 87' lang='lat' dir='ltr'>[s.</span> <span class='ocrx_word' id='word_1_431' title='bbox 2505 4291 2588 4352; x_wconf 89' lang='lat' dir='ltr'>iis]</span> <span class='ocrx_word' id='word_1_432' title='bbox 2610 4291 2749 4357; x_wconf 87' lang='lat' dir='ltr'>qui.’&#39;</span> 
     </span>
    </p>

    <p class='ocr_par' dir='ltr' id='par_1_19' title="bbox 465 4368 2883 4518">
     <span class='ocr_line' id='line_1_41' title="bbox 534 4368 2883 4436; baseline 0.005 -22"><span class='ocrx_word' id='word_1_433' title='bbox 534 4377 581 4428; x_wconf 81' lang='lat'>7.</span> <span class='ocrx_word' id='word_1_434' title='bbox 646 4368 813 4417; x_wconf 82' lang='lat' dir='ltr'>Deum</span> <span class='ocrx_word' id='word_1_435' title='bbox 834 4368 1180 4433; x_wconf 76' lang='lat' dir='ltr'>...facientemJ</span> <span class='ocrx_word' id='word_1_436' title='bbox 1248 4371 1349 4419; x_wconf 90' lang='lat' dir='ltr'>For</span> <span class='ocrx_word' id='word_1_437' title='bbox 1376 4370 1521 4420; x_wconf 87' lang='lat' dir='ltr'>other</span> <span class='ocrx_word' id='word_1_438' title='bbox 1541 4369 1616 4419; x_wconf 89' lang='lat' dir='ltr'>in·</span> <span class='ocrx_word' id='word_1_439' title='bbox 1786 4387 1866 4421; x_wconf 71' lang='grc' dir='ltr'>αα.</span> <span class='ocrx_word' id='word_1_440' title='bbox 1932 4371 2039 4420; x_wconf 80' lang='lat' dir='ltr'>alia</span> <span class='ocrx_word' id='word_1_441' title='bbox 2070 4371 2241 4432; x_wconf 75' lang='lat' dir='ltr'>dt&#39;cere]</span> <span class='ocrx_word' id='word_1_442' title='bbox 2321 4373 2439 4422; x_wconf 85' lang='lat' dir='ltr'>For.</span> <span class='ocrx_word' id='word_1_443' title='bbox 2480 4374 2577 4436; x_wconf 87' lang='lat' dir='ltr'>leg.</span> <span class='ocrx_word' id='word_1_444' title='bbox 2614 4376 2761 4423; x_wconf 76' lang='lat' dir='ltr'>talia.</span> <span class='ocrx_word' id='word_1_445' title='bbox 2801 4378 2883 4426; x_wconf 89' lang='lat' dir='ltr'>De</span> 
     </span>
     <span class='ocr_line' id='line_1_42' title="bbox 465 4451 2877 4518; baseline 0.003 -17"><span class='ocrx_word' id='word_1_446' title='bbox 465 4457 660 4501; x_wconf 79' lang='lat' dir='ltr'>stances</span> <span class='ocrx_word' id='word_1_447' title='bbox 694 4451 753 4501; x_wconf 80' lang='lat' dir='ltr'>os</span> <span class='ocrx_word' id='word_1_448' title='bbox 789 4451 888 4502; x_wconf 87' lang='lat' dir='ltr'>this</span> <span class='ocrx_word' id='word_1_449' title='bbox 930 4467 1035 4503; x_wconf 82' lang='lat' dir='ltr'>acc.</span> <span class='ocrx_word' id='word_1_450' title='bbox 1069 4455 1176 4503; x_wconf 84' lang='lat' dir='ltr'>abs.</span> <span class='ocrx_word' id='word_1_451' title='bbox 1213 4453 1276 4504; x_wconf 78' lang='lat' dir='ltr'>cs.</span> <span class='ocrx_word' id='word_1_452' title='bbox 1318 4464 1357 4503; x_wconf 91' lang='lat'>1.</span> <span class='ocrx_word' id='word_1_453' title='bbox 1403 4469 1454 4518; x_wconf 89' lang='lat' dir='ltr'>p.</span> <span class='ocrx_word' id='word_1_454' title='bbox 1502 4466 1608 4517; x_wconf 70' lang='lat'>1532</span> <span class='ocrx_word' id='word_1_455' title='bbox 1719 4454 1838 4512; x_wconf 58' lang='lat' dir='ltr'>illac,</span> <span class='ocrx_word' id='word_1_456' title='bbox 1866 4452 1974 4517; x_wconf 65' lang='grc' dir='ltr'>δια,</span> <span class='ocrx_word' id='word_1_457' title='bbox 2011 4453 2100 4503; x_wconf 90' lang='lat' dir='ltr'>i.e.</span> <span class='ocrx_word' id='word_1_458' title='bbox 2131 4454 2491 4515; x_wconf 77' lang='lat' dir='ltr'>de&#39;fidelibus3</span> <span class='ocrx_word' id='word_1_459' title='bbox 2526 4456 2664 4505; x_wconf 86' lang='lat' dir='ltr'>since</span> <span class='ocrx_word' id='word_1_460' title='bbox 2703 4456 2801 4508; x_wconf 83' lang='lat' dir='ltr'>Th.</span> <span class='ocrx_word' id='word_1_461' title='bbox 2834 4459 2877 4508; x_wconf 89' lang='lat' dir='ltr'>is</span> 
     </span>
    </p>
   </div>
  </div>
 </body>
</html>
