3221 5116
473 407 597 489 196
1123 413 1581 470 THEODORUS
1623 414 2214 471 MOPSUESTENUS
2611 405 2691 490 [I.
2726 409 2791 486 6,
2823 422 2885 489 7.

600 611 798 674 quam
827 588 902 657 ob
929 610 1193 655 causam
1224 589 1443 674 mag-is
1466 609 1819 654 commoneo
1849 598 1907 652 te
1934 597 2013 653 ut
2052 588 2381 655 resuscites
2412 588 2714 673 gratiam
2742 590 2892 668 Dei,

469 716 631 778 quae
660 695 732 759 in
760 706 819 760 te
832 706 958 780 per
983 694 1423 780 inpositionem
1456 714 1777 758 manuum
1808 713 2101 758 mearum
2130 703 2240 759 est.

599 825 863 910 ‘itaque
892 826 1073 891 omni
1111 848 1201 891 ex
1242 834 1433 909 parte
1472 823 1799 906 competit
1838 822 2001 887 mihi
2040 844 2261 888 sermo
2301 822 2356 887 is
2396 823 2511 907 qui
2557 821 2643 888 ad
2686 831 2759 888 te
2804 822 2897 900 fit,

473 929 569 993 ita
598 937 674 993 ut
703 929 770 993 in
802 950 1003 1013 opere
1035 932 1251 1015 ipsam
1291 930 1577 1014 gratiam
1620 929 1941 993 ostendas
1985 948 2188 1011 quam
2238 949 2359 1011 per
2401 928 2893 994 ordinationem

412 1050 443 1117 5
476 1052 793 1097 manuum
826 1054 1124 1100 mearum
1156 1034 1432 1118 adsequi
1469 1033 1714 1116 dignus
1760 1040 2060 1115 repertus
2097 1032 2205 1097 es?
2293 1032 2697 1097 sufficienter
2733 1051 2893 1096 uero

476 1140 762 1204 eundem
795 1148 899 1204 est
936 1137 1332 1203 adhortatus
1372 1145 1449 1201 ut
1492 1136 1676 1199 omni
1720 1136 1868 1202 nisu
1911 1135 2058 1199 aliis
2103 1135 2422 1199 adiuuare
2462 1137 2887 1220 deproperet,

464 1244 771 1329 gratiam
817 1262 1064 1308 uocans
1109 1239 1600 1305 ordinationem
1647 1239 1805 1304 eius,
1895 1259 2053 1303 nam
2100 1259 2224 1302 nec
2265 1239 2514 1304 iustum
2561 1249 2705 1304 erat
2742 1261 2895 1305 eum

477 1349 591 1433 qui
636 1347 935 1412 diuinam
979 1345 1414 1410 donationem
1461 1343 1678 1408 fuerat
1722 1343 1850 1409 hac
1895 1341 1980 1407 de
2025 1363 2225 1408 causa
2270 1345 2629 1409 adsecutus
2674 1340 2899 1425 negle-

477 1473 634 1536 gere
678 1450 1105 1515 commissam
1152 1448 1280 1512 sibi
1324 1447 1630 1531 gratiam.
1721 1455 1790 1510 et
1835 1446 1993 1529 quia
2035 1446 2439 1511 sufficienter
2480 1467 2634 1510 eum
2682 1448 2751 1511 in
2794 1447 2899 1511 his

378 1572 455 1619 10
479 1556 789 1620 omnibus
837 1556 924 1620 ad
973 1553 1041 1619 id
1089 1551 1272 1637 quod
1325 1553 1386 1616 ei
1437 1551 1882 1616 conueniebat
1931 1551 2328 1616 exhortatus
2388 1561 2509 1627 est,
2575 1550 2901 1615 memoria

479 1678 756 1723 auorum
789 1668 858 1725 et
886 1667 1236 1742 parentum
1268 1665 1337 1721 et
1368 1656 1615 1738 proprii
1661 1657 1801 1721 eius
1849 1656 2168 1739 propositi
2201 1654 2308 1720 uel
2339 1656 2609 1732 arbitrii,
2640 1675 2900 1719 necnon

480 1770 550 1826 et
571 1761 826 1844 gratiae
857 1760 1030 1824 illius
1059 1779 1263 1843 quam
1294 1759 1360 1821 in
1392 1757 1816 1822 ordinatione
1840 1758 2054 1822 fuerat
2082 1758 2437 1822 adsecutus
2448 1781 2464 1836 3
2495 1749 2899 1823 laboriosum

480 1886 641 1930 uero
692 1863 1036 1947 negotium
1087 1862 1305 1945 ipsum
1359 1880 1507 1925 esse
1553 1861 1927 1935 uidebatur,
1976 1868 2046 1924 et
2099 1861 2400 1924 maxime
2436 1881 2518 1924 ea
2562 1859 2650 1926 de
2696 1881 2902 1925 causa

482 1970 639 2053 quia
691 1967 906 2033 multa
954 1964 1245 2049 pericula
1297 1962 1423 2027 illis
1478 1963 1567 2027 ab
1628 1963 2023 2028 aduersariis
2076 1983 2157 2026 eo
2206 1963 2274 2027 in
2312 1972 2616 2047 tempore
2666 1963 2902 2028 infere-

381 2087 451 2155 15
483 2074 744 2146 bantur,
777 2070 1064 2135 adiecit:

610 2213 737 2257 non
786 2189 1052 2274 (inquit)
1102 2188 1283 2253 dedit
1330 2187 1511 2254 nobis
1562 2188 1744 2252 Deus
1795 2186 2102 2270 spiritum
2153 2186 2425 2264 timoris,
2473 2184 2592 2251 sed
2630 2187 2907 2253 uirtutis

482 2297 546 2361 et
569 2296 876 2362 caritatis
901 2305 965 2360 et
975 2293 1360 2378 pudicitiae.

614 2416 758 2472 est:
787 2403 1000 2489 †‘nec
1030 2406 1207 2470 enim
1233 2403 1592 2468 formidare
1617 2424 1740 2467 nos
1771 2404 2086 2468 conuenit
2117 2403 2203 2467 de
2229 2401 2357 2467 illis
2389 2401 2584 2467 malis
2613 2422 2786 2486 quae
2816 2401 2906 2466 ab

486 2510 735 2575 exteris
779 2508 973 2576 nobis
1012 2507 1392 2573 inferuntur.
1484 2505 1738 2590 quare?
1776 2557 1779 2562 Α
1824 2506 2141 2591 quoniam
2176 2505 2295 2571 illa
2336 2507 2552 2590 gratia
2597 2506 2903 2591 Spiritus,

376 2632 461 2679 20
486 2615 600 2699 qui
652 2622 756 2678 est
806 2613 875 2677 in
926 2612 1137 2689 nobis,
1188 2609 1519 2676 sufficiens
1564 2618 1667 2673 est
1712 2629 1830 2692 per
1873 2607 2101 2674 omnia
2146 2629 2269 2674 nos
2313 2608 2690 2674 confortare
2735 2609 2903 2674 etin

617 2785 693 2854 οὗ
720 2781 936 2855 τοίνυν
965 2781 1110 2850 οὐδὲ
1142 2782 1392 2870 δειλιᾷν
1419 2780 1748 2869 προσήκει
1777 2781 1862 2846 τὰ
1886 2782 2073 2869 παρὰ
2099 2785 2234 2849 τῶν
2264 2782 2500 2868 ἔξωθεν
2530 2781 2909 2868 ἐπωγόμενα

489 2887 682 2957 κακά·
742 2887 851 2956 διὰ
896 2887 1006 2967 τίς
1054 2883 1156 2953 ὅτι
1189 2883 1230 2968 ἦ
1276 2885 1518 2952 ἐνοῦσα
1553 2882 1712 2967 ἡμῖν
1751 2887 1870 2951 τοῦ
1909 2886 2287 2969 πνεύματος
2327 2885 2525 2975 χάρις
2570 2883 2758 2964 ἱκανὴ
2799 2882 2913 2949 καὶ

487 2992 822 3083 ἐνισχύειν
879 2991 1071 3076 ἡμᾶς,
1131 2989 1246 3057 καὶ
1301 2990 1468 3078 πρὸς
1534 2987 1655 3073 τὴν
1723 2986 1992 3073 ἀγάπην
2064 2989 2489 3076 ἐπισφίγγειν
2554 2993 2674 3057 τοῦ
2745 2987 2914 3067 θεοῦ,

588 3167 617 3202 2
652 3167 875 3202 mearum
897 3168 976 3201 om
1000 3151 1068 3200 H
1283 3169 1316 3212 4
1349 3149 1665 3200 ordinatione
1687 3150 1755 3199 H
1960 3164 1988 3213 5
2023 3166 2132 3201 esse
2166 3150 2281 3215 (sor
2310 3153 2383 3214 es)
2412 3152 2576 3203 6⁴1!
2628 3170 2684 3204 es
2721 3170 2832 3206 esse
2871 3155 2918 3205 C'

490 3234 639 3296 (corr)
701 3248 881 3284 essesr
1051 3230 2146 3296 6estomrla1ioerldepropera1-etr
2317 3234 2704 3297 7necnamH
2849 3249 2914 3288 ιο

488 3315 784 3367 memoriam
815 3315 886 3366 H
1075 3329 1129 3364 11
1167 3313 1339 3363 arbitri
1362 3314 1428 3364 H
1634 3327 1692 3376 15
1727 3314 1844 3366 ideo
1869 3315 1976 3381 (bes
1981 3315 2183 3380 adiecit)
2206 3315 2314 3364 add
2328 3331 2362 3365 r
2548 3313 2609 3367 16
2640 3316 2776 3367 enim
2800 3317 2917 3382 (for

489 3400 672 3466 inquit)
693 3416 727 3451 r
962 3408 1020 3460 17
1054 3394 1337 3446 dilectionis
1360 3393 1479 3459 (sor
1496 3395 1736 3456 caritatis)
1759 3412 1793 3445 r
2034 3399 2092 3447 18
2125 3403 2202 3447 est
2221 3412 2301 3445 om
2329 3397 2375 3447 C
2392 3395 2540 3461 (corr)
2565 3414 2597 3447 r
2618 3396 2629 3465 1
2657 3399 2725 3448 ab
2745 3414 2825 3447 om
2849 3398 2904 3448 [ι

493 3499 556 3534 20
587 3497 718 3548 quae
753 3478 868 3546 (for
888 3477 994 3544 qui)
1019 3493 1053 3528 r
1307 3488 1368 3526 αα
1392 3492 1469 3541 sq.
1504 3476 1663 3527 Coisl.
1689 3493 1800 3541 204,
1828 3475 1864 3526 f.
1891 3492 1983 3528 212
2008 3493 2040 3527 a
2059 3478 2169 3541 [Cr.
2193 3477 2279 3528 vii.
2305 3490 2384 3543 57,
2412 3479 2496 3531 Fr.
2531 3479 2644 3542 155]
2667 3478 2914 3544 θεόδωρος·

491 3566 546 3614 οὔ
566 3564 744 3625 τοίνυν,
767 3562 920 3612 κ.τ.λ.

560 3709 603 3743 1.
668 3707 821 3757 quam
870 3689 927 3740 ob
974 3685 1200 3748 causam]
1259 3684 1318 3737 δι’
1360 3685 1417 3746 ᾗ·
1471 3687 1650 3736 αἰτίαν.
1824 3700 1900 3735 11.
1957 3685 2205 3750 propositi
2246 3686 2336 3736 uel
2372 3686 2600 3749 arbitrii]
2656 3688 2735 3738 Cf.
2783 3700 2821 3737 1.
2861 3705 2914 3754 p.

490 3775 663 3839 Vulg„
688 3777 721 3802 ⁸⁴
738 3778 945 3838 propter
964 3784 1118 3836 quam
1141 3784 1187 3818 c.
1202 3767 1250 3827 ;’'
1283 3768 1463 3828 below,
1492 3785 1536 3818 v.
1573 3784 1650 3825 ια,
1751 3767 1916 3816 xxxvi.

496 3858 608 3905 “ob
637 3871 789 3921 quam
812 3852 914 3914 c.‚”
937 3853 1103 3902 where
1133 3867 1226 3900 our
1258 3850 1526 3900 translator
1556 3849 1650 3899 has
1822 3862 1898 3912 17.
1965 3851 2192 3900 caritatis
2250 3857 2296 3901 et
2349 3850 2643 3915 pudicitiae]
2675 3888 2681 3895 .
2711 3851 2910 3912 Ambr.,

487 3935 820 4001 quamobrem.
874 3933 1045 3998 Magis
1069 3947 1230 3982 seems
1263 3939 1318 3981 to
1350 3931 1414 3980 be
1438 3930 1649 3980 without
1752 3931 2023 3989 Ambrstr„
2084 3933 2258 3999 vulg„
2332 3933 2669 3984 “dilectionis
2724 3940 2775 3984 et
2829 3949 2915 3985 so·

489 4015 764 4080 authority3
809 4016 887 4065 sor
920 4029 1187 4065 commoneo
1225 4013 1313 4063 the
1350 4012 1502 4062 Latin
1541 4027 1648 4061 ver·
1751 4013 2030 4066 brietatisss'

489 4101 624 4150 sions
644 4099 760 4164 give
788 4096 1133 4148 “admoneo.”
1821 4097 1895 4146 18.
1967 4111 2052 4145 nec
2070 4112 2107 4145 e.
2120 4094 2422 4159 fhrnu‘dare,
2448 4094 2563 4157 &c.]
2615 4094 2694 4145 Cf.
2718 4093 2819 4143 Th.
2843 4109 2914 4144 on

555 4200 603 4243 4.
668 4181 1110 4244 gratiam...quam
1136 4186 1247 4244 per,
1294 4176 1410 4239 &c.]
1456 4176 1649 4227 Thdt.=
1754 4173 1904 4224 Rom.
1927 4175 2033 4224 viii.
2063 4189 2119 4239 15
2146 4173 2359 4240 (Migne,
2383 4172 2534 4237 820:
2564 4175 2659 4236 οὑχ
2689 4171 2751 4225 ὥς
2779 4174 2917 4224 ὄντος

488 4263 579 4322 τὴν
610 4263 755 4324 χάριν
788 4259 847 4322 ἥν
877 4262 956 4310 διὰ
987 4263 1074 4321 τῆς
1101 4263 1217 4322 ἐμῆς
1249 4261 1460 4320 ἐκομίσω
1492 4277 1648 4322 χειρο-
1753 4257 1930 4306 δειλίας
1952 4257 2277 4319 moue-[rod.
2302 4255 2412 4306 ἀλλ’
2439 4253 2549 4306 ‹in-1
2587 4257 2694 4305 τοῦ·
2734 4253 2918 4304 ’ταῦτα

489 4344 661 4392 tortas.
721 4342 818 4392 See
840 4356 908 4391 on
937 4357 956 4390 1
985 4341 1121 4390 Tim.
1144 4343 1210 4390 iv.
1247 4356 1321 4403 ¹4·
1749 4338 1970 4395 ἐμποιεῖν
1995 4334 2051 4387 τό
2075 4335 2264 4397 πνεῦμα
2286 4336 2435 4400 φύσιν
2456 4340 2540 4387 οὐκ
2563 4333 2701 4399 ἔχει]

553 4422 603 4472 6.
667 4424 788 4473 aliis
826 4423 1091 4484 adz'tmarc]
1138 4422 1241 4472 For
1274 4422 1361 4473 the
1395 4428 1646 4471 construc-
1767 4448 1772 4451 -
1818 4434 1897 4469 20.
1965 4421 2059 4484 qui
2092 4420 2183 4481 est]
2245 4419 2358 4470 The
2398 4419 2503 4470 Gk.
2544 4425 2780 4483 supports
2828 4417 2918 4469 the

486 4506 595 4559 tion
618 4520 701 4555 see
727 4504 947 4562 Ronsch,
970 4505 1121 4563 Itala,
1149 4519 1200 4568 p.
1229 4516 1342 4568 439.
1384 4501 1467 4552 Cf.
1486 4518 1566 4552 vv.
1589 4502 1646 4550 11.
1750 4500 1956 4565 reading
1971 4499 2031 4551 os
2044 4500 2419 4566 Rea-“quae
2432 4498 2561 4550 est.'’
2602 4499 2915 4563 confortare,
