3221 5116
270 394 389 465 IV.
424 413 483 474 2,
519 396 608 482 3]
864 410 951 461 m
1000 409 1104 460 EP.
1149 408 1254 459 An
1299 402 2047 460 THESSALONICENSES
2092 402 2139 453 1.
2608 396 2685 447 21

268 579 747 645 Thessalonica
794 590 1060 644 'reuerso
1107 588 1176 644 et
1229 578 1580 644 nuntiante
1632 577 1756 642 sibi
1805 575 2190 641 firmitatem
2236 572 2390 638 fidei
2443 591 2690 646 eorum,

196 698 203 702 ·
268 700 471 762 quam
526 683 591 745 in
631 681 1104 764 persecutionis
1150 682 1544 745 necessitate
1585 681 1991 744 incurrentes
2038 675 2428 741 inuiolatam
2470 677 2688 737 setua-

272 793 526 863 uerunt,
560 805 819 849 necnon
851 795 920 849 et
950 784 1128 867 quod
1162 785 1295 847 sint
1324 784 1551 867 aliqua
1580 785 1760 867 apud
1806 782 1953 847 illos
1997 801 2168 865 quae
2214 778 2688 843 correctionem

270 888 661 971 indigeant3
721 888 949 952 Scribit
1007 908 1167 971 ergo
1215 887 1369 952 hinc
1418 887 1775 970 epistolam
1823 884 2168 969 apostolus
2220 882 2306 947 ad
2358 882 2470 945 illa
2518 901 2691 964 quae

271 994 396 1056 Sibi
435 993 741 1056 nuntiata
786 992 1049 1056 fuerant
1097 1012 1137 1054 a
1173 989 1551 1066 Timothe0‚
1583 988 1696 1053 illa
1736 1010 1907 1073 quae
1941 987 2431 1053 conueniebant
2472 984 2690 1048 dicere
2762 992 2795 1060 5

272 1094 359 1157 ad
423 1092 691 1157 laudem
742 1114 989 1169 eorum,
1032 1114 1166 1177 .pro
1219 1094 1463 1175 quibus
1518 1093 1585 1155 in
1649 1092 1947 1155 aduersis
2001 1089 2170 1153 firmi
2242 1088 2690 1172 perstiterunt,

273 1197 470 1261 simul
505 1207 571 1261 et
603 1196 969 1261 exhortans
1001 1219 1116 1262 eos
1149 1198 1215 1261 in
1250 1198 1488 1260 eadem
1520 1215 1945 1280 perseuerare
1980 1192 2329 1257 sententia.
2421 1211 2594 1273 quae
2624 1198 2693 1252 et

274 1303 343 1365 in
399 1301 526 1364 illis
588 1322 763 1385 quae
818 1310 979 1364 ante
1037 1301 1217 1365 dicta
1271 1308 1428 1364 sunt
1472 1321 1512 1362 a
1561 1299 1754 1362 nobis
1800 1315 2299 1360 consummasse
2345 1293 2525 1356 uisus
2572 1301 2690 1368 est,

274 1404 589 1466 oratione
631 1423 824 1467 suum
876 1402 1152 1467 cludens
1206 1422 1604 1466 sermonem.
1695 1399 1851 1463 hinc
1917 1418 2075 1461 uero
2127 1397 2360 1479 incipit
2417 1396 2503 1459 de
2565 1392 2694 1457 illis

277 1505 639 1587 disputare,
690 1526 860 1588 quae
897 1505 1441 1569 inconuenienter
1482 1502 1568 1567 ab
1614 1501 1744 1566 illis
1774 1501 1883 1583 agi
1936 1499 2274 1564 didicerat.
2362 1497 2491 1560 hoc
2535 1516 2693 1579 ergo
2725 1506 2805 1554 10

276 1607 481 1671 dixit:
512 1609 968 1672 ‘obsecramus
988 1628 1109 1672 uos
1134 1618 1208 1672 ut
1231 1616 1751 1689 consequentem
1773 1606 1982 1668 uitam
2008 1613 2300 1667 uestram
2320 1601 2695 1666 exhibeatis

278 1708 457 1771 illius
499 1708 841 1772 doctrinae
871 1730 1073 1792 quam
1112 1709 1410 1773 adsecuti
1461 1708 1620 1771 estis
1663 1729 1703 1771 a
1734 1707 1927 1771 nobis
1947 1729 1964 1785 ;
2014 1707 2405 1769 festinantes
2436 1703 2697 1787 placere

281 1810 449 1886 De0,
499 1820 568 1874 et
612 1830 1006 1893 promouere
1054 1812 1140 1875 ad
1188 1810 1354 1894 legis
1406 1811 1547 1875 eius
1595 1810 2067 1876 directionem!
2156 1810 2410 1892 optime
2469 1817 2695 1872 autem

279 1912 620 1976 inchoauit
662 1913 750 1976 ab
803 1913 916 1977 illo
962 1914 1145 1978 dicto
1204 1935 1338 1998 quo
1399 1915 1574 1978 dixit
1631 1915 1711 1978 de
1765 1924 1959 1980 cetero
2001 1914 2281 1996 fratres,
2338 1923 2697 1997 postquam

282 2016 515 2081 laudes
589 2019 1083 2083 consummauit
1156 2038 1322 2100 quas
1397 2039 1596 2101 super
1655 2017 1810 2082 fidei
1881 2038 2110 2082 eorum
2170 2017 2438 2081 dixerat
2497 2016 2698 2080 firmi-
2729 2026 2802 2094 15

280 2129 437 2185 tate.
526 2119 655 2183 hoc
702 2120 847 2185 uult
898 2120 1115 2185 dicere
1167 2121 1484 2204 quoniam
1545 2120 1770 2184 ‘illam
1823 2141 2025 2205 quam
2086 2121 2400 2185 conuenit
2455 2119 2701 2183 habere
2811 2129 2817 2135 ’

283 2223 687 2285 sententiam
733 2223 1299 2304 contemplatione
1340 2224 1605 2304 pietatis
1649 2223 1807 2306 ipsis
1849 2223 2133 2303 negotiis
2173 2220 2702 2285 demonstrastis.

281 2325 461 2407 agite
499 2325 698 2407 igitur
733 2334 802 2388 et
841 2325 926 2388 de
964 2334 1184 2388 cetero
1225 2326 1404 2389 uitae
1441 2335 1702 2390 uestrae
1743 2326 2161 2409 diligentiam
2205 2324 2595 2397 adhibeatis,
2628 2330 2702 2387 ut

284 2427 448 2491 nihil
480 2427 670 2490 uobis
700 2426 931 2490 deesse
973 2427 1279 2491 uideatur
1318 2448 1406 2491 ex
1439 2428 1582 2506 illis,
1614 2450 1787 2513 quae
1828 2430 1914 2493 ad
1957 2429 2429 2512 perfectionem
2472 2428 2705 2492 uiden-

285 2539 391 2594 tur
439 2529 629 2594 uobis
678 2548 822 2593 esse
867 2527 1090 2594 utilia.’
1180 2532 1550 2595 necessaria
1609 2552 1769 2595 uero
1829 2542 1898 2597 et
1954 2530 2082 2597 hoc
2142 2533 2209 2596 in
2260 2530 2408 2595 loco
2460 2528 2704 2593 adiecit
2730 2537 2816 2586 20

282 2632 452 2695 sicut
493 2631 817 2714 accepistis·
860 2653 905 2696 a
954 2632 1136 2696 nobis
1150 2656 1182 2708 ,·
1236 2634 1721 2699 demonstrauit
1766 2636 1944 2699 enim
1991 2657 2071 2699 eo
2116 2636 2297 2720 quod
2344 2656 2477 2700 non
2530 2656 2707 2700 nunc

288 2736 588 2817 inprimis
627 2735 794 2800 haec
836 2736 1066 2800 audire
1097 2755 1138 2799 a
1169 2757 1242 2800 se
1273 2737 1644 2817 uideantur,
1678 2738 1796 2801 sed
1828 2748 1897 2802 et
1927 2738 2181 2803 dudum
2214 2739 2299 2803 de
2328 2738 2432 2801 his
2463 2738 2709 2802 suerint

288 2838 608 2903 instructi.
698 2839 875 2903 unde
906 2849 975 2903 et
1006 2859 1258 2923 augens
1288 2839 1451 2903 illud
1480 2864 1496 2905 z

400 2997 582 3063 scitis
611 2996 881 3083 (inquit)
912 3020 1073 3082 quae
1103 2998 1418 3063 mandata
1441 2985 1732 3064 dederim
1769 3000 1950 3067 uobis
1963 3014 2089 3085 per
2106 3001 2443 3066 dominum
2472 3000 2707 3066 Iesum.

417 3122 603 3186 omni
634 3123 702 3186 in
734 3121 882 3185 loco
912 3121 1292 3198 ostendenS,
1326 3121 1645 3204 quoniam
1678 3121 1841 3186 nihil
1873 3121 2031 3188 nbui
2077 3122 2204 3187 illis
2235 3123 2436 3188 hodie
2465 3122 2708 3188 scribit.
2733 3126 2813 3194 25

417 3281 569 3345 haec
591 3290 689 3347 est
712 3279 885 3346 enim
918 3281 1218 3344 uoluntas
1246 3279 1390 3356 Dei,
1421 3280 1844 3363 sanctzficatz'o
1874 3292 2109 3347 uestra.

422 3406 788 3471 necessarie
846 3390 1029 3470 dixit'
1081 3407 1234 3471 haec
1287 3416 1383 3471 est
1437 3407 1610 3471 enim
1671 3408 1972 3471 uoluntas
2027 3408 2162 3472 Dei
2173 3431 2206 3484 ,·
2280 3427 2478 3490 agere
2530 3407 2711 3471 enim

294 3509 609 3573 conuenit
667 3507 780 3572 illa
839 3528 1013 3591 quae
1074 3509 1262 3573 Deus
1320 3508 1462 3572 fieri
1523 3509 1685 3587 uult,
1748 3531 1830 3573 eo
1889 3509 2069 3594 quod
2140 3509 2566 3593 sanctzficatio
2623 3510 2712 3573 ad

392 3703 421 3753 3
454 3688 759 3740 correctione
787 3688 831 3740 C
851 3690 999 3751 (corr)
1024 3706 1057 3738 r
1184 3704 1216 3755 9
1247 3688 1552 3740 concludens
1580 3689 1625 3739 C
1646 3687 1792 3754 (corr)
1814 3706 1847 3738 r
1978 3706 2037 3754 14
2071 3706 2190 3754 ergo
2214 3689 2309 3753 (ιφ
2328 3689 2395 3739 de
2417 3689 2535 3752 cet.)
2557 3690 2663 3739 add
2674 3689 2718 3739 C

302 3783 359 3832 17
392 3770 742 3821 demonstratis
763 3787 798 3820 r
990 3772 1048 3819 18
1081 3770 1407 3821 adhibeamus
1434 3771 1511 3820 C*
1531 3788 1564 3820 r
1615 3772 1908 3821 adhibentes
1931 3769 2034 3836 (sic)
2064 3772 2107 3820 C
2129 3771 2276 3833 (corr)
2478 3784 2537 3834 19
2572 3769 2716 3819 uobis

296 3852 528 3902 uidentur
555 3868 590 3903 r
773 3867 834 3926 ²?
869 3867 930 3902 ea
951 3868 1006 3902 se
1033 3851 1110 3902 C*
1177 3868 1238 3902 ea
1260 3868 1292 3902 a
1312 3869 1366 3903 se
1389 3869 1422 3901 r
1599 3869 1664 3917 23
1696 3869 1850 3917 agens
1871 3854 1940 3902 H
2095 3866 2159 3914 24
2192 3849 2452 3900 Christum
2475 3848 2573 3916 (aft
2591 3849 2712 3914 Ias.)

297 3934 450 3983 addr
640 3948 703 3998 27
738 3934 1019 3985 necessario
1041 3950 1074 3982 r
1265 3935 1330 3982 28
1362 3934 1470 3983 uult
1492 3933 1526 3983 f.
1550 3950 1583 3982 r

364 4109 410 4160 9.
465 4094 686 4160 cludens]
723 4095 818 4147 See
841 4084 920 4145 vvss
936 4095 1011 4155 11.,
1029 4096 1131 4145 and
1149 4095 1213 4145 cf.
1232 4095 1453 4155 Ronsch,
1559 4112 1589 4146 a
1610 4095 1880 4146 shortened
1902 4095 2029 4144 form
2051 4094 2120 4158 by
2143 4094 2409 4144 Lanfranc.

299 4175 450 4236 Itala,
478 4193 531 4242 p.
555 4176 678 4240 4653
714 4178 797 4227 De
818 4177 925 4236 Vit,
952 4193 1058 4227 s-v.
1081 4178 1263 4227 claudo
1287 4175 1365 4242 (c).
1627 4192 1706 4239 24.
1776 4175 2013 4236 dederim]
2103 4175 2173 4226 So
2227 4175 2476 4224 Ambmtr.
2491 4190 2509 4235 ς
2573 4175 2716 4232 Am„

371 4267 442 4316 13.
504 4255 815 4319 promouere]
882 4255 962 4305 Of
1007 4256 1108 4305 this
1152 4255 1461 4305 intransitive
1560 4257 1731 4318 Fuld„
1754 4254 2133 4307 “dederimus”
2168 4249 2345 4320 Chrys.
2361 4253 2716 4320 (withThdt.?)

300 4333 386 4384 the
426 4335 555 4387 lexx.
599 4337 714 4402 give
752 4352 819 4387 an
863 4337 1090 4388 instance
1129 4337 1259 4387 from
1299 4336 1461 4388 Aulus
1561 4337 1655 4387 has
1677 4332 1936 4396 ἐδώκαμεν.

302 4416 494 4469 Gellius
518 4421 584 4479 (v,
620 4421 720 4481 10).
1629 4414 1706 4468 26.
1777 4416 2111 4481 sancttficatim
2135 4416 2253 4479 &c.]
2308 4417 2454 4466 With
2475 4417 2576 4467 this
2597 4415 2719 4467 defi·

374 4514 446 4562 ¹4·
506 4501 1125 4567 postquam...adhibeatis]
1208 4500 1359 4553 Cited
1408 4500 1462 4552 in
1560 4497 1724 4550 nition
1745 4513 1913 4562 comp.
1937 4496 2022 4548 the
2043 4512 2226 4548 comm.
2252 4511 2320 4548 on
2341 4512 2383 4548 c.
2412 4495 2590 4547 iii.12.
