3221 5116
367 375 818 428 FRAGMENTS
865 374 959 426 OF
1005 375 1160 427 THE
1203 374 1596 427 DOGMATIC
1643 374 1905 426 W'ORKS
1953 375 2048 426 OF
2091 371 2522 425 THEODORE.
2602 373 2728 439 319

306 544 486 620 plena
526 545 843 621 loquentes
882 554 941 604 et
979 563 1119 603 curn
1161 544 1350 603 multa
1391 541 1775 603 irreuerentia
1815 542 1976 620 leges
2017 541 2466 603 constituentes.
2552 559 2730 619 quae·

305 659 564 717 cumque
592 640 752 700 enim
791 642 1124 701 secundum
1164 639 1393 717 aliquid
1429 638 1703 713 discreta,
1735 641 2069 699 secundum
2108 637 2334 716 aliquid
2368 650 2731 716 acceperunt

304 735 614 803 unitatem,
672 747 912 798 seruant
975 757 1142 798 suam
1203 757 1325 815 qua
1381 737 1639 798 discreta
1701 746 1843 797 sunt
1904 734 2266 796 incolumem
2321 734 2615 796 rationem
2671 748 2730 798 et

303 835 594 896 unitatem
647 834 938 914 integram
992 838 1265 897 habent..
1324 855 1513 895 unum
1565 844 1656 895 est
1703 834 1933 911 aliquid
1989 844 2217 903 natura,
2267 830 2419 893 sicut
2468 832 2621 892 filius
2670 844 2730 894 et

304 944 475 1008 pater
492 954 510 1005 3
565 944 770 992 manet
809 945 1012 993 autern
1055 951 1442 1009 personarum
1486 927 1785 1002 discretio,
1832 929 2094 990 essentia
2141 927 2388 1005 quidem
2436 927 2731 1004 insepara·
2799 939 2830 999 5

306 1029 502 1089 biliter
539 1030 829 1091 existente
867 1051 1005 1103 una,
1036 1050 1330 1108 personae
1368 1030 1670 1107 propriam
1710 1029 1935 1089 habent
1971 1027 2409 1098 discretionem,
2439 1036 2506 1085 ut
2533 1045 2731 1102 neque

306 1138 477 1202 pater
516 1127 746 1187 dicatur
786 1127 939 1188 filius
982 1147 1178 1205 neque
1218 1126 1374 1187 filius
1421 1138 1605 1204 pater.
1693 1124 1963 1185 similiter
2011 1123 2122 1186 etsi
2172 1135 2384 1183 natura
2430 1123 2728 1200 quaedam

306 1221 542 1283 diuersa
582 1235 739 1293 sunt,
781 1226 1113 1285 secundum
1155 1223 1322 1285 aliud
1362 1243 1508 1284 uero
1548 1222 1799 1283 adunari
1839 1220 2154 1300 contigerit
2196 1241 2286 1293 ea,
2329 1240 2525 1297 neque
2565 1231 2732 1280 natu-

306 1321 490 1380 ralem
531 1322 792 1398 perdunt
840 1321 1195 1383 divisionem
1241 1331 1304 1382 et
1346 1321 1638 1381 unitatem
1683 1319 1983 1397 propriam
2029 1320 2273 1393 habent,
2324 1317 2478 1378 sicut
2530 1316 2731 1377 anima

309 1416 574 1476 adunata
593 1428 685 1477 est
702 1417 953 1495 corpori,
973 1430 1032 1479 et
1062 1438 1217 1478 unus
1248 1438 1320 1478 ex
1349 1418 1645 1478 ambobus
1673 1418 1919 1477 effectus
1948 1429 2038 1476 est
2067 1417 2289 1488 homo5
2323 1425 2530 1474 manet
2557 1426 2728 1474 natu·
2764 1436 2834 1474 10

296 1536 503 1577 ,rarum
545 1517 779 1591 diuisio‚
822 1517 939 1576 alia
979 1516 1223 1593 quidem
1266 1516 1471 1576 anima
1511 1524 1619 1587 est,
1651 1514 1768 1573 alia
1808 1532 1953 1573 uero
1994 1531 2152 1586 car0,
2198 1522 2258 1572 et
2299 1511 2445 1571 illud
2485 1510 2731 1588 quidem

309 1614 626 1677 inmortale
667 1629 776 1689 est,
805 1616 952 1676 illud
994 1633 1141 1675 uero
1183 1615 1432 1674 mortale
1449 1636 1467 1689 3
1515 1623 1574 1672 et
1614 1612 1763 1672 illud
1806 1612 2051 1689 quidem
2100 1610 2387 1671 rationale
2432 1623 2540 1685 est,
2583 1610 2732 1670 illud

307 1722 511 1771 autem
567 1712 935 1773 inrationale.
1020 1730 1177 1770 unus
1225 1721 1426 1770 autem
1475 1709 1662 1769 homo
1714 1720 2051 1785 utrumque,
2095 1709 2440 1768 alterutrum
2482 1726 2626 1767 uero
2669 1706 2732 1767 in

309 1809 507 1886 seipso
537 1810 720 1871 homo
747 1828 1075 1886 numquam
1105 1806 1321 1868 dicitur
1356 1808 1632 1867 absolute
1660 1816 1722 1865 et
1750 1805 2010 1884 proprie,
2041 1804 2154 1865 nisi
2183 1807 2333 1865 forte
2361 1824 2499 1865 cum
2528 1804 2733 1881 aliquo

308 1906 738 1976 additamentO,
768 1907 919 1967 sicut
946 1907 1194 1966 interior
1224 1906 1390 1964 homo
1429 1915 1490 1964 et
1523 1905 1778 1964 αἰσίαν
1809 1904 2040 1976 homst,
2068 1923 2195 1963 non
2222 1905 2498 1965 absolute
2524 1906 2730 1980 hom0,
2766 1925 2834 1985 15

309 2005 417 2065 sed
447 2003 689 2065 interior
714 2015 776 2064 et
805 2003 1056 2065 exterior
1064 2025 1083 2078 3
1120 2014 1187 2063 ut
1213 2004 1499 2079 adpareat
1527 2001 1691 2062 aliud
1719 2000 1963 2078 quidem
1992 2000 2238 2062 interius
2265 2000 2543 2075 horniniS,
2567 2003 2733 2064 aliud

308 2119 452 2161 uero
487 2101 759 2162 exterius,
846 2101 928 2162 ita
963 2112 1023 2162 et
1058 2101 1121 2162 in
1157 2100 1408 2162 domino
1448 2099 1689 2161 Christo
1731 2098 2006 2174 dicimus,
2038 2119 2076 2160 0
2104 2098 2407 2175 mirabilis,
2444 2101 2730 2178 quoniam

308 2194 371 2256 in
401 2199 592 2258 forma
620 2197 738 2258 Dei
764 2210 973 2259 extans
1002 2200 1192 2259 forma
1221 2195 1393 2272 serui,
1428 2216 1629 2274 neque
1657 2197 1981 2258 adsumens
2009 2197 2178 2274 quod
2204 2197 2590 2275 adsumptum
2620 2208 2728 2272 est,

309 2317 509 2374 neque
553 2300 721 2376 quod
767 2299 1155 2374 adsumptum
1199 2307 1289 2356 est
1328 2297 1655 2356 adsumens
1673 2315 1691 2370 ;
1747 2294 1944 2354 unitas
1985 2306 2190 2354 autem
2229 2293 2534 2372 adsumpti
2574 2294 2733 2356 circa

311 2395 724 2454 adsumentem
754 2391 1163 2470 inseparabilis
1191 2402 1301 2466 est,
1328 2391 1659 2452 secundum
1687 2391 1918 2450 nullum
1946 2391 2195 2451 modum
2222 2389 2408 2451 incidi
2434 2392 2658 2452 ualenS.
2759 2412 2838 2452 20

315 2544 367 2586 2.
454 2521 693 2606 [Justin.
737 2533 816 2601 φ.
860 2524 995 2585 adu.
1047 2523 1153 2583 Th.
1195 2522 1285 2602 (ἐκ
1312 2523 1424 2582 τῶν
1453 2518 1596 2580 κατὰ
1623 2517 2033 2598 Ἀπολιναρίου
2061 2522 2123 2580 ε’ν
2147 2521 2226 2600 τῷ
2250 2516 2499 2600 τετάρτῳ
2524 2517 2726 2603 λόγῳ).

1322 2621 1537 2680 Leont.
1566 2620 1605 2677 l.
1637 2615 1732 2699 c.].

431 2741 747 2802 Δεδωκέναι
779 2741 884 2802 σοί
912 2766 1066 2805 τινας
1103 2744 1213 2801 τῶν
1242 2738 1528 2819 ἡμετέρων
1565 2738 1729 2804 εἴπας
1763 2739 1837 2800 vd.
1876 2738 1978 2799 οὔκ
2015 2737 2087 2800 ἂν
2122 2740 2360 2802 δοθέντα
2395 2738 2551 2818 παρά
2581 2765 2732 2806 τινος

309 2843 420 2900 τῶν
446 2843 547 2915 τῆς
573 2843 1049 2915 ἐκκλησιαστικῆς
1075 2837 1412 2918 ἀντέχεσθαι
1438 2836 1604 2913 δόξης
1632 2834 2072 2899 ἐσπουδακότων.
2170 2836 2594 2916 ἐπυνθανόμεθα
2619 2837 2730 2921 γὰρ

313 2940 361 2996 εἶ
412 2935 512 2995 τόν
561 2935 690 2998 θεόν
737 2936 918 3017 λόγον
964 2934 1353 3017 ὁμολογοῦσιν
1406 2932 1701 3013 ἄνθρωπον
1751 2934 2118 3016 γεγενῆσθαι·
2178 2935 2230 2994 εἴ
2277 2960 2399 2998 πως
2453 2933 2732 3018 ἔπ’-ἤγαγες

312 3042 329 3069 ‘
346 3032 637 3094 ἐδίδοσαν]
731 3034 824 3093 καὶ
849 3034 934 3097 τίς
960 3031 1029 3094 ἂν
1058 3034 1195 3113 ἔχων
1220 3035 1352 3093 νοῦν
1378 3031 1676 3110 ἄνθρωπον
1705 3031 1852 3091 εἴποι
1875 3031 1978 3092 τόν
2003 3031 2132 3092 θεὰν
2156 3032 2501 3115 γεγενῆσθαι
2532 3033 2728 3116 λόγον,

309 3130 380 3196 ὥς
405 3130 562 3207 ὖμεῖς
590 3137 752 3209 φατε,
783 3134 832 3192 εἰ
855 3127 937 3209 μή
963 3128 1071 3209 ἄρα
1097 3131 1202 3207 τήν
1228 3129 1403 3207 αὐτὴν
1428 3128 1559 3206 ὑμῖν
1584 3129 1863 3206 πρότερον
1887 3128 2133 3207 νοσήσει
2157 3128 2387 3205 ἅνοιανς
2426 3129 2588 3207 ἤιιεῖς
2617 3131 2728 3213 γὰρ
2759 3157 2790 3195 2
2799 3156 2832 3213 5

313 3232 605 3309 εἰληφέναι
637 3233 743 3310 μὲν
774 3231 875 3290 τὸν
904 3228 1037 3289 θεόν
1071 3228 1249 3309 λόγον
1284 3227 1377 3287 καὶ
1413 3225 1644 3305 σφόδρα
1680 3227 1884 3305 φαμέν.
1969 3225 2315 3310 γεγενῆσθαι
2340 3227 2400 3287 δὲ
2435 3225 2730 3307 ἄνθρωπον

309 3327 435 3393 καθ’
458 3328 603 3407 ὑμᾶς
630 3327 731 3389 οὔκ
757 3325 826 3387 ἄν
851 3351 993 3386 ποτε
1019 3329 1192 3386 εἰπεῖν
1217 3324 1618 3405 α’νασχοίμεθα.

378 3481 434 3538 3.
523 3456 759 3542 [Justin.
792 3459 831 3518 l.
855 3478 895 3519 C.
932 3457 1017 3538 (ἐν
1042 3460 1119 3536 τῷ
1148 3454 1291 3516 κατὰ
1315 3453 1717 3534 Ἀπολιναρίου
1743 3453 1991 3536 τετάρτῳ
2018 3453 2215 3538 λόγῳ).
2304 3459 2515 3518 Leont.
2549 3459 2588 3519 l.
2614 3479 2657 3518 c.

943 3559 1074 3616 Act.
1108 3557 1295 3618 Cone.
1329 3556 1449 3616 CP.
1482 3553 1539 3613 ii.
1573 3572 1653 3613 ιν.
1689 3556 1741 3613 8.
1829 3553 1961 3632 Vig.
1998 3552 2079 3635 8].

394 3678 409 3706 ‘
426 3669 495 3730 ‘O
528 3670 640 3750 πρὸ
669 3669 882 3731 αἰώνων
908 3669 1145 3753 γέγονεν
1174 3667 1262 3729 ἐπ’
1295 3667 1467 3748 ἔσχά-
1649 3670 1793 3729 Hoc
1822 3670 1989 3745 quod
2016 3679 2157 3728 ante
2178 3670 2418 3729 saecula
2436 3678 2561 3728 erat
2582 3666 2727 3729 dicit

306 3773 469 3831 των’·
511 3768 691 3829 πάλιν
722 3768 795 3833 ὥς
830 3773 996 3830 τινῶν
1024 3764 1347 3829 δεδωκότων
1375 3768 1470 3827 καὶ
1565 3766 1629 3827 in
1663 3766 1888 3827 ultimis
1925 3769 2148 3827 factum
2176 3786 2309 3842 esse
2335 3766 2725 3843 temporibuS,

307 3868 478 3926 τοῦτο
519 3864 720 3946 λέγων,
770 3863 997 3927 οὖδένος
1048 3867 1161 3925 τῶν
1202 3862 1470 3941 εὐσεβεῖν
1566 3874 1780 3939 utpote
1828 3861 2186 3938 quibusdam
2235 3863 2354 3922 hoc
2396 3857 2727 3924 confitenti·
2755 3883 2833 3940 30

308 3960 741 4021 ἐσπουδακότων
793 3958 1002 4036 ταύτην
1049 3958 1332 4038 ἑλομένων
1378 3983 1469 4020 νο·
1567 3961 1718 4034 bus;
1759 3979 1898 4019 cum
1935 3979 2117 4020 nemo
2154 3980 2226 4019 ex
2268 3959 2359 4021 his
2401 3958 2504 4037 qui
2544 3960 2727 4037 pieta-

307 4062 496 4136 σῆσαι
550 4056 656 4134 τὴν
714 4056 928 4130 ἄνοιαν,
991 4058 1142 4119 ὥστε
1200 4059 1302 4120 τόν
1356 4058 1469 4137 πρό
1569 4057 1643 4118 tis
1705 4077 1909 4118 curam
1973 4057 2196 4118 habent
2257 4056 2436 4117 istum
2504 4057 2727 4136 patitur

307 4155 527 4217 αἰώνων
582 4156 760 4216 εἰπεῖν
805 4154 894 4216 ἐπ’
936 4154 1197 4235 ἐσχάτων
1242 4160 1472 4239 γεγενῆ-
1566 4157 1845 4216 morbum
1888 4156 2107 4217 habere
2147 4156 2503 4228 dementiae,
2532 4168 2600 4217 ut
2640 4157 2725 4218 di-

308 4256 465 4316 σθαι.
1565 4267 1663 4314 cat
1714 4274 1848 4314 eum
1906 4254 2008 4330 qui
2063 4265 2204 4315 ante
2252 4256 2489 4316 saecula
2530 4267 2620 4316 est
2660 4255 2723 4316 in

1565 4351 1788 4412 ultimis
1827 4354 2046 4412 factum
2089 4374 2231 4414 esse.

902 4489 958 4534 2⁴
995 4473 1226 4523 ἐδίδωσαν
1253 4474 1371 4523 Mai
1608 4489 1668 4537 27
1705 4475 2020 4535 ἀνασχόμεθα
2044 4476 2162 4525 Mai

1303 4556 1327 4579 ⁴*
1368 4573 1392 4605 2
1422 4555 1538 4605 Cor.
1565 4556 1629 4606 iv.
1668 4554 1738 4606 16.
