3221 5116
336 426 790 485 FRAGMENTS
836 430 931 486 oF
976 430 1132 486 THE
1177 430 1571 487 DOGMATIC
1616 428 1883 487 WORKS
1930 433 2026 488 01⁴*
2069 431 2497 491 THEODORE.
2569 437 2697 511 327

263 603 558 689 ‘Chn'stus
597 607 899 668 secundum
947 627 1194 684 carnem,
1239 608 1352 685 qui
1381 617 1469 669 est
1501 618 1673 686 super
1704 610 1902 669 omnia
1936 608 2152 669 Deus*
2166 632 2193 680 ,·
2244 627 2371 671 non
2412 609 2582 686 quod
2624 626 2698 671 ex

277 702 521 764 Iudaeis
561 714 621 764 et
662 707 994 766 secundum
1037 725 1279 767 carnem
1320 715 1428 779 est,
1464 705 1569 782 qui
1610 724 1791 784 super
1830 706 2034 767 omnia
2075 707 2244 768 Deus
2285 716 2393 782 est,
2429 707 2538 767 sed
2579 706 2698 768 hoc

277 801 521 878 quidem
560 806 638 865 ad
677 805 1131 883 significandam
1171 806 1497 865 humanam
1541 815 1814 865 naturam
1852 804 2017 878 dixit,
2048 824 2232 883 quam
2259 805 2336 865 ab
2367 803 2697 865 Israelitico

274 917 493 976 genere
514 921 644 963 esse
667 902 918 980 sciebat;
952 903 1096 966 illud
1121 914 1319 964 autem
1343 903 1422 963 ad
1440 904 1881 964 ostendendam
1904 902 2173 965 diuinam
2193 914 2482 981 naturam,
2511 923 2696 982 quam

275 1016 453 1076 supra
479 999 684 1061 omnia
710 1011 773 1062 et
800 1001 1079 1062 omnibus
1113 1000 1524 1062 dominantem
1554 1000 1796 1062 sciebat.

276 1189 431 1275 [Act.
481 1194 668 1256 Cone.
714 1196 836 1257 CP.
884 1194 939 1255 ii.
990 1213 1065 1255 ιν.
1107 1215 1178 1273 31
1234 1195 1299 1276 (“
1315 1196 1584 1258 eiusdem
1630 1197 1710 1257 de
1753 1194 2243 1275 interpretatione
2285 1195 2544 1274 symboli
2583 1206 2695 1258 tre-

437 1303 749 1354 centorum
811 1294 1027 1356 decem
1084 1305 1147 1356 et
1210 1306 1352 1357 octo
1413 1307 1759 1356 sanctorum
1820 1294 2142 1375 patrum'').
2184 1343 2190 1349 .
2244 1294 2375 1374 Vig.
2425 1314 2496 1372 31
2547 1294 2692 1376 (“in

434 1389 809 1468 expositione
836 1411 993 1469 quae
1020 1394 1099 1453 de
1127 1393 1403 1472 symbolo
1431 1409 1710 1455 cccxvm
1739 1404 1982 1472 patrum
2007 1393 2168 1454 facta
2193 1390 2537 1474 uidetur’')].

393 1538 514 1599 Sed
565 1544 581 1572 ‘
600 1539 905 1602 Christum
926 1543 940 1570 '
985 1541 1233 1620 quidem
1286 1544 1621 1603 secundum
1670 1561 1913 1603 carnem
1979 1552 2041 1603 et
2092 1541 2478 1619 adsumptam
2535 1540 2694 1602 serui

2749 1024 2794 1113 25

271 1636 540 1712 formam,
597 1658 737 1699 eum
806 1650 1007 1699 autem
1075 1640 1179 1718 qui
1234 1660 1369 1701 eam
1423 1639 1758 1718 adsumpsit
1818 1644 1833 1672 ‘
1851 1659 2030 1719 super
2083 1638 2317 1701 omnia'
2373 1637 2693 1700 nominans
2781 1681 2792 1685 -

273 1739 288 1768 ‘
309 1736 546 1811 Deum,'
581 1736 783 1799 intulit
818 1749 1019 1800 tamen
1053 1740 1173 1800 hoe
1210 1739 1541 1800 secundum
1581 1737 2071 1800 coniunctionem
2089 1758 2108 1812 3
2153 1748 2219 1798 ut
2250 1757 2360 1815 per
2399 1735 2692 1816 significa-

267 1832 496 1896 tionem
523 1835 837 1896 nominum
867 1848 1207 1897 naturarum
1235 1836 1612 1897 manifestam
1640 1835 2000 1897 diuisionem
2029 1833 2222 1895 faciat.
2309 1854 2489 1897 nemo
2516 1834 2694 1913 igitur

269 1951 466 2010 neque
523 1951 663 1993 eum
717 1934 820 2012 qui
876 1937 1208 1996 secundum
1264 1954 1506 1995 carnem
1549 1954 1626 1995 ex
1679 1933 1924 1995 Iudaeis
1965 1944 2057 1995 est
2099 1934 2261 1994 dicat
2305 1934 2527 2009 Deum,
2574 1952 2692 1995 nec
2718 1977 2793 2020 10

267 2028 480 2090 iterum
511 2037 527 2065 ⁴
550 2034 749 2092 Deum
779 2031 885 2110 qui
911 2043 1002 2094 est
1030 2052 1209 2110 super
1235 2032 1472 2093 omnia'
1500 2032 1833 2094 secundum
1862 2050 2106 2092 carnem
2133 2050 2208 2092 ex
2236 2029 2497 2093 Iudaeis,

741 2161 1298 2227 Sutpersign.omC

1560 2177 1622 2212 ro
1653 2178 1747 2213 nec
1769 2162 1825 2212 it.
1850 2163 2020 2213 Deum
2042 2178 2122 2214 om
2155 2162 2208 2212 V

271 2338 435 2424 [Gr.,
464 2354 552 2421 ap.
586 2345 718 2406 Act.
753 2345 940 2406 Conc-
978 2347 1131 2423 Eph.
1167 2363 1245 2405 vl.
1281 2345 1412 2406 ἴσον
1438 2351 1541 2423 τῆς
1568 2345 1845 2409 ἐκθέσεως
1869 2349 1971 2406 τοῦ
1998 2346 2514 2424 παραπλασθέντος
2547 2373 2690 2428 συμ-

430 2440 632 2518 βόλου.
714 2445 845 2503 Lat.
855 2488 872 2517 ,
900 2454 990 2521 ap.
1029 2445 1178 2503 Mar.
1215 2446 1399 2504 Merc.
1436 2443 1807 2523 (“expositio
1844 2463 2063 2521 prauae
2106 2444 2246 2505 fidei
2281 2446 2688 2528 Theodori”);

431 2544 500 2602 cf.
529 2545 661 2603 Act.
690 2543 877 2603 Cone.
905 2542 1190 2605 Chalced.
1216 2561 1255 2604 1.
1271 2565 1291 2619 3
1332 2545 1465 2603 Act.
1501 2542 1689 2603 Cone.
1726 2543 1845 2606 CP.
1878 2541 1935 2602 ii.
1969 2561 2048 2602 lv·
2084 2542 2507 2625 (“sceleratum
2535 2566 2691 2625 sym-

430 2641 637 2701 bolum
665 2640 834 2718 impii
860 2642 1169 2702 Theodori
1183 2640 1258 2721 ’').
1347 2644 1435 2705 Cf.
1472 2641 1759 2721 Lagarde,
1788 2661 1845 2719 p.
1885 2644 1997 2702 106
2028 2661 2140 2720 sq„
2168 2644 2421 2719 Sachau,
2450 2663 2508 2721 p.
2544 2643 2665 2727 60].

348 2786 491 2852 Τοῧς
529 2787 566 2866 ἢ
608 2792 706 2850 νῦν
741 2792 966 2868 ’πρῶτον
997 2790 1425 2870 παιδευομένους

263 2898 374 2955 τῶν
441 2898 923 2972 ἔκκλησιαστικῶν
975 2897 1267 2979 δογμάτων
1319 2897 1426 2975 τήν

265 2999 577 3079 ἀκρίβειαν,
595 2999 633 3078 ἢ
657 3003 716 3061 ἔκ
736 3026 885 3065 τινος
905 3004 1183 3081 αἱρετικῆς
1201 3002 1426 3080 πλάνης

262 3107 650 3185 μεθίστασθαι
716 3107 1100 3185 βουλομένους
1169 3110 1261 3168 ἐπὶ
1319 3107 1426 3186 τήν

200 3227 235 3288 5
264 3212 551 3292 α’λήθειαν,
615 3214 985 3276 διδάσκεσθαι
1052 3214 1276 3292 ὀφείλει
1331 3218 1425 3277 καὶ

262 3321 563 3403 ὁμολογεῖν
579 3320 667 3382 ὅτι
692 3322 1034 3400 πιστεύομεν
1055 3327 1129 3388 εἷς
1157 3323 1252 3384 ἕνα
1275 3322 1419 3399 θεόν,

261 3431 478 3507 πατέρα
495 3428 689 3505 ἀΐδιον,
715 3427 833 3491 οὔθ’
853 3428 1091 3508 ὕστερον
1110 3429 1421 3508 ἀρξάμενον

260 3540 361 3597 τοῦ
415 3536 554 3598 εἶναι
605 3535 740 3597 ἀλλ’
793 3536 1006 3597 ἄνωθεν
1056 3536 1194 3598 ὄντα
1239 3537 1421 3599 ἀΐδιον

262 3641 407 3720 θεόν,
469 3642 596 3704 οὔτε
662 3644 778 3722 μὴν
842 3641 1082 3722 ὕστερον
1147 3645 1422 3725 γεγονότα

160 3787 235 3828 10
258 3759 491 3837 πατέρα,
530 3759 826 3837 ἐπειδήπερ
863 3757 953 3818 αἐὶ
992 3758 1117 3823 θεός
1140 3785 1203 3820 τε
1230 3757 1301 3836 ἦν
1328 3761 1421 3822 καὶ

259 3871 461 3949 πατήρ.
545 3873 887 3952 πιστεύομεν
940 3872 1002 3934 δὲ
1058 3872 1152 3935 καὶ
1200 3877 1276 3938 εἷς
1324 3874 1421 3935 ἕνα

262 3991 398 4052 θεοῦ
443 3988 565 4053 υἷόν
614 3994 896 4073 μονογενῆ
951 3996 1013 4052 ἐκ
1067 3994 1168 4068 τῆς
1222 3990 1421 4056 οὖσίας

259 4104 396 4168 ὄντα
429 4110 532 4183 τῆς
556 4106 828 4186 πατρῴας,
858 4105 1026 4170 ὄντως
1051 4106 1174 4167 υἱὸν
1202 4108 1295 4168 καὶ
1318 4112 1420 4185 τῆς

258 4221 429 4298 αὐτῆς
482 4221 678 4287 οὐσίας
724 4221 859 4283 ὄντα
903 4220 1075 4302 οὗπέρ
1120 4228 1275 4284 ἐστιν
1323 4225 1419 4285 καὶ

156 4355 228 4418 15
257 4334 583 4398 πιστεύεται
626 4333 755 4399 υἱός.
841 4334 935 4395 καὶ
976 4336 1053 4399 εἰς
1088 4331 1158 4396 τί
1197 4338 1419 4413 πνεῦμα

389 4483 417 4533 5
451 4470 684 4534 προσήκει
707 4467 826 4532 (sor
841 4468 1047 4530 ὀφείλει)
1068 4468 1170 4517 cod.
1193 4469 1316 4518 Par.

1606 2772 1730 2849 Qui
1775 2792 1940 2834 nunc
1980 2773 2239 2852 primum
2280 2774 2343 2835 in
2384 2774 2690 2837 ecelesias·

1522 2873 1657 2934 ticis
1686 2872 2038 2934 erudiuntur
2056 2873 2437 2950 dogmatibus
2457 2872 2688 2950 liquido

1522 2970 1977 3048 cognoscendis»,
2052 2980 2159 3030 aut
2226 2972 2305 3031 ab
2387 2968 2687 3031 haeretico

1523 3086 1718 3129 errore
1747 3067 2019 3130 conuerti
2040 3067 2414 3129 decreuerint
2442 3069 2522 3128 ad
2539 3068 2688 3130 ueri-

1522 3176 1726 3241 tatem,
1757 3165 1961 3227 doceri
1995 3186 2100 3227 eos
2133 3178 2370 3244 oportet
2398 3166 2685 3244 quoniam

1520 3261 1821 3323 credimus
1861 3260 1925 3322 in
1962 3282 2151 3322 unum
2189 3264 2406 3336 Deum,
2445 3263 2684 3324 Patrem

1521 3360 1969 3438 sempiternum,
1999 3379 2128 3421 non
2160 3360 2264 3438 qui
2291 3360 2685 3437 postmodum

1520 3454 1787 3532 coeperit
1803 3465 1871 3515 ut
1891 3465 2066 3529 esset,
2091 3454 2198 3515 sed
2217 3453 2322 3531 qui
2340 3454 2417 3513 ab
2436 3464 2684 3514 aeterno

1519 3550 1595 3611 sit
1664 3550 2064 3629 sempiternus
2133 3551 2321 3624 Deus,
2391 3568 2508 3611 nec
2575 3548 2684 3627 qui

1517 3660 1732 3727 postea
1784 3651 1977 3710 factus
2025 3649 2103 3709 sit
2158 3649 2352 3720 Pater,
2396 3645 2686 3725 quoniam

1518 3767 1758 3825 semper
1812 3758 1940 3808 erat
2000 3747 2188 3820 Deus,
2261 3764 2499 3824 semper
2558 3756 2685 3807 erat

1519 3847 1710 3907 Pater.
1757 3843 2052 3906 credimus
2074 3855 2135 3905 et
2154 3843 2217 3904 in
2245 3864 2435 3904 unum
2464 3842 2683 3905 Filium

1518 3942 1640 4005 Dei
1686 3943 2075 4022 unigenitum,
2124 3944 2228 4022 qui
2277 3954 2368 4004 est
2418 3943 2497 4003 de
2545 3945 2684 4005 sub—

1517 4044 1737 4105 stantia
1753 4045 1853 4104 uel
1871 4042 2130 4105 essentia
2148 4043 2357 4117 Patris,
2369 4053 2678 4120 tamquam

1512 4160 1655 4202 uere
1684 4141 1839 4201 filius
1856 4152 1915 4201 et
1938 4140 2207 4202 eiusdem
2229 4138 2524 4201 essentiae
2540 4159 2679 4202 cum

1516 4240 1622 4301 illo
1649 4241 1817 4301 cuius
1846 4251 1938 4302 est
1965 4251 2027 4302 et
2053 4239 2311 4302 creditur
2338 4259 2471 4302 esse
2504 4241 2675 4304 filius.

1516 4349 1578 4400 et
1618 4337 1682 4399 in
1714 4336 1996 4417 Spiritum
2034 4349 2327 4414 sanctum,
2359 4338 2464 4417 qui
2495 4339 2573 4402 sit
2597 4340 2679 4401 de

2714 3124 2784 3187 15

2707 3617 2786 3658 20

2704 4101 2778 4162 25

1605 4467 1668 4521 26
1701 4467 1829 4520 inid
1851 4470 1988 4536 quod
2011 4479 2086 4522 at
2112 4468 2225 4535 (sor
2242 4486 2357 4521 cum
2380 4469 2470 4522 illo
2486 4486 2533 4523 c.
2554 4470 2623 4537 e.)
2646 4471 2676 4522 b

1274 4548 1303 4575 ⁹
1338 4548 1491 4602 Rom.
1513 4548 1579 4599 ix.
1610 4563 1657 4614 5.
