3221 5116
330 403 458 469 ΙΙΙ.
502 422 594 485 14,
636 402 756 488 15.]
1043 415 1127 467 IN
1177 415 1281 467 ΕΡ.
1329 414 1432 465 AD
1477 414 1944 467 τῙΜοΤΗΕυΜ
1991 415 2033 465 1.
2629 413 2738 477 131

461 588 588 653 ‘de
638 587 741 651 his
783 586 1048 671 (inquit)
1080 585 1313 670 scripsi
1358 586 1502 667 tibi,
1541 606 1818 669 sperans
1858 585 1966 649 uel
2009 584 2308 648 maxime
2346 583 2482 647 cito
2522 582 2747 645 uenire

331 693 418 756 ad
470 700 579 772 te3
641 692 696 755 si
752 713 910 756 uero
970 692 1267 756 euenerit
1309 712 1418 756 me
1470 691 1823 767 retardare,
1869 699 1945 755 ut
1994 692 2167 755 scias
2212 709 2386 774 quae
2435 697 2505 753 te
2549 708 2747 771 agere

330 795 732 858 conueniant
780 804 847 858 et
893 794 1234 878 quomodo
1278 793 1527 858 debeas
1573 794 1923 857 ecclesiam
1967 793 2095 856 Dei
2142 790 2404 876 regere.'
2492 791 2747 875 optime

329 906 557 963 autem
599 899 843 962 adiecit
872 898 1008 961 Dei
1048 897 1211 972 uiui,
1256 898 1349 961 ita
1395 905 1469 961 ut
1516 895 1832 961 ostendat
1873 918 1961 961 ex
2002 895 2131 959 hoc
2175 894 2493 960 ecclesiae
2533 893 2749 976 digni-

331 1007 560 1065 tatem.
672 998 836 1066 illud
909 1021 1069 1065 uero
1136 1008 1238 1063 est
1308 999 1853 1083 cognoscendum
1913 999 2231 1082 quoniam
2298 996 2562 1060 domum
2620 994 2754 1059 Dei
2823 1004 2853 1070 5

330 1098 757 1180 †ecclesiam,
810 1123 946 1167 non
1001 1103 1240 1167 domos
1298 1104 1619 1167 orationis
1676 1102 1837 1166 dicit
1887 1101 2255 1166 secundum
2314 1101 2747 1185 plurimorum

332 1206 736 1289 opinionem,
760 1209 876 1271 sed
910 1206 1207 1271 fidelium
1240 1208 1860 1290 congregationem;
1903 1208 2098 1270 sicuti
2131 1215 2198 1270 et
2234 1205 2563 1269 Hebraeis
2593 1203 2750 1267 scri-

331 1310 498 1374 bens
529 1310 689 1375 dicit
716 1332 729 1374 :
767 1332 935 1393 quae
960 1310 1192 1375 domus
1217 1331 1448 1373 sumus
1476 1332 1606 1375 nos,
1679 1311 1858 1374 unde
1891 1319 1957 1374 et
1992 1308 2427 1374 ‘columnam'
2461 1308 2645 1372 illam
2679 1316 2748 1371 et

313 1411 820 1497 firmamentum
869 1414 1172 1478 ueritatis
1215 1415 1499 1489 uocauit,
1545 1435 1627 1477 eo
1672 1415 1854 1497 quod
1904 1415 1967 1477 in
2005 1435 2085 1478 ea
2131 1414 2429 1477 ueritatis
2471 1412 2749 1476 firmitas

334 1514 717 1580 habeatur!
784 1537 865 1580 eo
895 1515 1077 1599 quod
1110 1514 1385 1580 ecclesia
1418 1514 1717 1579 fidelium
1750 1524 1852 1579 est
1882 1514 2325 1599 congregati0‚
2360 1514 2424 1577 in
2456 1512 2582 1576 hac
2614 1515 2751 1597 pie·
2789 1528 2866 1574 10

336 1617 493 1681 tatis
525 1624 627 1680 est
657 1636 924 1682 necesse
955 1617 1204 1702 dogma
1234 1617 1499 1681 saluari.
1590 1617 1705 1701 qui
1748 1620 1802 1681 si
1842 1617 2207 1682 secundum
2247 1625 2321 1680 ut
2352 1617 2752 1680 conueniens

336 1728 440 1782 est
502 1719 568 1782 in
628 1719 761 1783 fide
821 1723 1320 1803 permanserint,
1382 1720 1735 1785 inlibatum
1797 1721 2028 1804 utique
2097 1729 2444 1804 permanet
2504 1719 2753 1801 dogma

336 1821 605 1902 pietatis
629 1842 646 1900 3
702 1822 758 1884 si
797 1831 1024 1886 autern
1072 1823 1115 1885 ii
1165 1824 1280 1905 qui
1331 1824 1650 1888 ecclesiae
1697 1833 1854 1888 sunt
1897 1845 1939 1887 a
1984 1844 2106 1887 suo
2150 1823 2495 1906 proposito
2539 1821 2753 1885 auersi

337 1922 596 2000 suerint,
644 1927 1009 1989 necessarie
1040 1925 1381 1990 uacillabit
1423 1936 1490 1991 et
1532 1929 1870 2011 dogmatis
1912 1927 2404 2011 scrupulositas,
2445 1946 2527 1989 eo
2569 1924 2752 2009 quod

336 2028 702 2091 secundum
765 2038 1186 2111 praesentem
1247 2031 1457 2095 uitam
1519 2033 1820 2097 ueritatis
1880 2032 2174 2115 cognitio
2221 2030 2402 2114 apud
2449 2028 2755 2094 homines
2791 2041 2860 2108 15

338 2151 482 2194 esse
513 2134 922 2216 perspicitur.

469 2256 677 2341 [οἶκον
721 2257 898 2343 θεοῦ]
947 2260 1313 2340 ἐκκλησίαν
1351 2259 1427 2326 οὗ
1475 2260 1627 2331 τοὺς
1675 2262 1892 2332 οἴκους
1941 2260 2124 2345 λέγει
2175 2259 2324 2331 τοὺς
2378 2258 2752 2350 εὖκτηρίους

336 2360 508 2427 κατὰ
549 2359 673 2442 τὴν
702 2364 835 2428 τῶν
865 2365 1144 2428 πολλῶν
1173 2360 1547 2443 συνήθειαν,
1577 2361 1763 2429 ἀλλὰ
1795 2365 1924 2430 τῶν
1955 2365 2217 2430 πιστῶν
2247 2361 2363 2429 τὸν
2393 2362 2750 2446 σύλλογον.

336 2461 492 2530 ὅθεν
535 2462 649 2530 καὶ
690 2470 705 2498 ‘
725 2462 1001 2531 στύλον’
1043 2463 1250 2547 αὐτὴν
1294 2464 1408 2533 καὶ
1447 2471 1464 2501 ‘
1484 2465 1816 2555 ἑδραίωμα
1855 2469 1975 2549 τῆς·
2018 2465 2360 2549 ἅληθείας’
2413 2466 2751 2547 ἐκάλεσεν,

335 2567 423 2638 ὥς
467 2567 551 2634 ἂν
593 2569 662 2634 ἐν
706 2567 873 2654 αὐτῇ
920 2570 1037 2650 τῆς·
1079 2568 1395 2651 ἀληθείας
1438 2568 1561 2651 τὴν
1605 2569 1941 2637 σύστασιν
1986 2571 2285 2661 ἐχούσης.

438 2716 466 2748 2
514 2705 764 2755 retardere
792 2704 869 2755 C*
889 2706 958 2755 H
1013 2707 1208 2757 tardare
1231 2723 1264 2757 r
1461 2729 1493 2773 4
1527 2708 1747 2758 ostendit
1774 2707 1851 2758 C*
2050 2724 2078 2771 5
2112 2709 2301 2758 donum
2329 2709 2373 2758 C
2379 2705 2408 2731 ⁴*

338 2797 477 2833 mum
501 2783 618 2847 (ἡν
636 2785 834 2846 domos)
863 2786 907 2835 C
924 2802 957 2834 r
1173 2803 1231 2837 ro
1264 2795 1338 2837 est
1364 2787 1450 2837 fid.
1475 2804 1645 2853 congr.
1682 2788 1725 2839 C
1745 2805 1776 2837 r
1978 2804 2029 2838 ιι
2069 2795 2144 2837 est
2165 2804 2242 2836 om
2268 2788 2334 2837 H

338 2861 392 2911 hi
416 2863 479 2911 H
495 2879 528 2911 r
726 2855 783 2928 ιζ
819 2864 1097 2915 necessario
1119 2882 1152 2914 r
1179 2864 1187 2929 Ι
1214 2866 1515 2916 uacillabitis
1544 2870 1587 2917 C
1604 2869 1672 2917 H
1692 2867 1701 2933 1
1727 2867 2120 2934 scrupulositatis
2144 2869 2210 2917 H
2368 2881 2423 2931 15
2459 2867 2692 2932 cognatio
2720 2867 2765 2916 C

345 2958 403 3009 17
427 2961 500 3012 sq.
531 2947 685 2998 Coisl.
716 2963 829 3012 204,
858 2949 891 3000 f.
929 2963 1017 2999 σοι
1046 2966 1078 2999 a
1101 2951 1208 3012 [Cr.
1235 2951 1319 3001 vii.
1352 2968 1429 3015 31,
1462 2953 1544 3002 Fr.
1576 2953 1690 3016 153]
1723 2954 1966 3015 θεόδωρος.
2039 2950 2193 3003 ἄλλος
2214 2952 2269 3002 δέ
2291 2959 2455 3014 φησιν·
2480 2952 2753 3012 ἐκκλησίας,

338 3031 487 3078 κ.τ.λ.

2615 2705 2647 2757 6
2669 2708 2759 2757 do·

2526 2801 2582 2849 ¹3
2614 2787 2688 2836 hii
2716 2788 2760 2837 C

401 3126 452 3178 6.
522 3128 780 3189 ecclesiam,
808 3146 910 3179 non
942 3131 994 3179 d.
1026 3131 1124 3192 on]
1172 3131 1200 3181 1
1236 3132 1365 3181 have
1395 3148 1500 3182 cor·
1603 3129 1673 3184 οὗ.
1761 3134 1846 3184 On
1902 3135 1997 3185 Th.
2009 3133 2048 3185 's
2101 3133 2261 3185 belief
2299 3135 2352 3183 in
2408 3134 2493 3184 the
2550 3134 2760 3185 Pauline

340 3210 509 3260 rected
546 3212 631 3260 the
678 3211 847 3262 Greek
890 3212 950 3262 of
973 3213 1057 3264 the
1098 3221 1276 3265 catena
1316 3215 1384 3279 by
1412 3216 1499 3266 the
1601 3215 1894 3281 authorship
1916 3216 1976 3266 os
2009 3215 2092 3265 the
2114 3215 2291 3280 epistle
2316 3224 2368 3265 to
2398 3216 2483 3266 the
2515 3216 2762 3267 Hebrews

341 3291 508 3352 Latin,
537 3292 704 3343 which
726 3293 768 3343 is
790 3294 963 3344 shewn
999 3295 1068 3360 by
1090 3297 1179 3346 the
1208 3305 1412 3346 context
1446 3302 1500 3347 to

341 3374 404 3423 be
427 3374 575 3438 right.
631 3374 713 3424 Cf.
739 3375 930 3426 Thdt.:
972 3375 1162 3426 ‘otton’
1200 3379 1301 3440 γὰρ
1336 3379 1500 3427 ’θεοῦ’

341 3456 419 3505 καὶ
466 3460 480 3482 ‘
499 3454 787 3515 ἐκκλησίαν’
831 3456 924 3505 r&
977 3457 1372 3508 πεπιστευκότων
1418 3461 1502 3509 τὸν

341 3532 588 3598 σύλλογον
614 3535 1019 3602 προσηγόρευσα.
1087 3541 1366 3592 Ambrstr.:
1395 3543 1431 3567 “
1448 3550 1504 3592 ut

342 3632 457 3675 cum
481 3624 614 3668 totus
637 3619 854 3669 mundus
877 3619 976 3669 Dei
999 3620 1078 3681 sit,
1108 3623 1319 3674 ecclesia
1336 3632 1504 3674 tamen

350 3699 364 3723 ⁴
380 3698 561 3749 domus
578 3697 591 3719 '
613 3699 719 3750 eius
742 3699 992 3751 dicatur.”
1031 3702 1196 3753 There
1221 3704 1263 3753 is
1285 3720 1352 3754 no
1369 3712 1505 3755 trace

342 3780 396 3828 in
431 3780 516 3830 the
558 3782 810 3847 principal
854 3784 1078 3848 patristic
1124 3786 1504 3835 commentaries

342 3859 402 3910 of
427 3861 512 3910 the
544 3862 924 3927 interpretation
964 3863 1130 3914 which
1167 3865 1266 3915 Th.
1314 3865 1502 3930 rightly

343 3942 534 4007 rejects.
608 3944 693 3995 On
747 3946 909 3995 domos
951 3954 1078 3997 orat.
1128 3947 1192 3997 cs.
1236 3960 1299 3996 ιι.
1331 3964 1382 4012 p.
1422 3962 1504 4009 5²·

343 4024 378 4073 1.
410 4042 453 4083 ι,
476 4034 626 4086 note;
660 4029 762 4078 and
792 4028 871 4079 for
904 4029 1048 4080 Th.’s
1076 4031 1301 4081 doctrine
1334 4030 1394 4080 os
1419 4029 1507 4079 the

344 4106 566 4165 Church‚
599 4124 683 4158 see
717 4109 796 4159 his
826 4111 1051 4161 remarks
1083 4128 1151 4161 on
1186 4112 1320 4177 Eph.
1367 4112 1398 4162 i.
1445 4127 1505 4174 23

345 4190 407 4248 (ι.
443 4205 494 4253 p.
542 4205 648 4256 139,
686 4191 720 4241 1.
765 4208 837 4258 19,
879 4191 1036 4258 note),
1064 4193 1272 4243 Philem.
1315 4210 1361 4254 2,
1405 4193 1508 4243 and

340 4286 511 4336 comp.
538 4271 633 4336 Bp.
660 4273 908 4325 Ellicott’s
927 4281 1044 4325 note
1066 4276 1139 4324 ad
1154 4275 1205 4324 Ιι.
1223 4275 1260 4324 l.

420 4364 466 4415 7.
534 4354 775 4404 Hebraeis
826 4355 1056 4418 scribens]
1152 4357 1205 4404 H
1210 4356 1290 4405 eb.
1348 4356 1416 4405 iii.
1474 4354 1507 4405 6

346 4434 558 4499 (Vulg.).
640 4436 883 4487 Wbether
938 4438 1036 4489 Th.
1097 4439 1215 4489 read
1271 4440 1329 4488 ὃς
1382 4439 1507 4488 οἶκος

347 4530 461 4579 may
483 4516 546 4566 be
570 4517 822 4580 doubted3
868 4519 1048 4582 Chrys.
1072 4520 1174 4570 and
1196 4520 1353 4570 Thdt.
1376 4520 1505 4571 have

1600 3314 1685 3349 see
1720 3310 1761 3348 1.
1797 3315 1847 3364 p.
1890 3313 1998 3365 129,
2024 3298 2058 3348 1.
2089 3313 2165 3355 ια,
2189 3305 2324 3348 note.

1667 3394 1716 3446 9.
1785 3396 1836 3429 eo
1862 3380 1996 3445 quod
2024 3380 2083 3430 in
2112 3397 2169 3431 ea
2193 3380 2431 3440 ueritatis,
2459 3379 2575 3442 δια]
2609 3379 2760 3430 Simi-

1603 3461 1730 3526 larly
1747 3462 1934 3512 Thdt.:
1968 3465 2164 3513 τούτους
2194 3462 2325 3523 [τοὺς
2357 3459 2761 3522 πεπιστευκότας]

1604 3544 1704 3605 ἔφη
1727 3548 1740 3571 ‘
1757 3542 1973 3605 στύλον,’
2013 3547 2181 3604 κ.τ.λ.,
2210 3545 2294 3593 ἐπὶ
2321 3544 2421 3606 ’γὰρ
2446 3543 2626 3605 πέτρας
2654 3542 2760 3604 ἐρη·

1604 3624 1843 3686 ρεισμένοι
1889 3625 1970 3674 καὶ
2016 3625 2273 3684 ἀκλόνητοι
2319 3624 2635 3680 διαμένουσιν,
2681 3624 2764 3671 καὶ

1606 3705 1688 3753 διὰ
1715 3707 1813 3753 τῶν
1846 3705 2152 3768 πραγμάτων
2187 3707 2504 3766 κηρύττοντες
2536 3704 2627 3762 τὴν
2663 3705 2762 3750 τῶν

1606 3789 1863 3850 δογμάτων
1887 3790 2136 3847 ἀλήθειαν.
2204 3788 2382 3851 Chrys,
2406 3787 2496 3836 has
2512 3787 2765 3851 strangely

1606 3870 1833 3919 inverted
1873 3869 1958 3919 the
2003 3866 2297 3932 metaphor=
2355 3867 2388 3925 ἡ
2427 3867 2528 3928 γὰρ
2560 3867 2766 3925 ἀλήθειά

1605 3953 1742 4000 ἐστιν
1759 3953 1844 4011 τῆς
1858 3951 2115 4010 ἐκκλησίας
2130 3950 2211 3998 καὶ
2224 3949 2397 3997 στόλος
2410 3949 2488 3996 καὶ
2501 3948 2763 4010 ἑδραίωμα.

1608 4034 1693 4083 On
1716 4032 1802 4082 the
1819 4031 2039 4097 patristic
2073 4029 2453 4094 interpretation
2478 4031 2528 4078 in
2562 4030 2764 4093 general

1606 4130 1691 4164 see
1729 4113 1815 4164 the
1850 4111 2050 4177 profuse
2086 4111 2307 4161 remarks
2340 4110 2399 4160 of
2428 4110 2617 4171 Suicer,
2656 4127 2694 4161 s.
2710 4127 2761 4160 v.

1608 4195 1801 4243 στύλος.

1681 4287 1757 4323 10.
1811 4271 2052 4338 fidelium
2085 4277 2157 4320 est
2183 4270 2511 4335 congregatio]
2557 4269 2640 4319 Cs.
2679 4269 2764 4319 the

1608 4353 1860 4419 Anglican
1884 4353 2075 4403 Article
2098 4352 2197 4402 xix.
2219 4371 2233 4403 ε
2295 4351 2556 4402 “ecclesia
2578 4351 2765 4401 Christi

1606 4436 1818 4486 uisibilis
1840 4445 1914 4486 est
1936 4442 2107 4499 coetus
2131 4433 2404 4485 fidelium.’'

1678 4533 1756 4579 14.
1826 4516 2083 4565 necessarie
2106 4514 2385 4575 uacrllabit]
2419 4514 2481 4562 In
2515 4512 2595 4561 his
2633 4529 2766 4564 reso·

2418 4628 2588 4693 9—:2
