<?xml version="1.0" encoding="UTF-8"?>
<!DOCTYPE html PUBLIC "-//W3C//DTD XHTML 1.0 Transitional//EN"
    "http://www.w3.org/TR/xhtml1/DTD/xhtml1-transitional.dtd">
<html xmlns="http://www.w3.org/1999/xhtml" xml:lang="en" lang="en">
 <head>
  <title>
</title>
<meta http-equiv="Content-Type" content="text/html;charset=utf-8" />
  <meta name='ocr-system' content='tesseract 3.04.00' />
  <meta name='ocr-capabilities' content='ocr_page ocr_carea ocr_par ocr_line ocrx_word'/>
</head>
<body>
  <div class='ocr_page' id='page_1' title='image "./theodoriepiscop02swetgoog_0041.png"; bbox 0 0 3221 5116; ppageno 0'>
   <div class='ocr_carea' id='block_1_1' title="bbox 517 397 2270 479">
    <p class='ocr_par' dir='ltr' id='par_1_1' title="bbox 517 397 2270 479">
     <span class='ocr_line' id='line_1_1' title="bbox 517 397 2270 479; baseline -0.002 -24"><span class='ocrx_word' id='word_1_1' title='bbox 517 407 600 471; x_wconf 84' lang='lat'>30</span> <span class='ocrx_word' id='word_1_2' title='bbox 1179 398 1636 457; x_wconf 84' lang='lat' dir='ltr'>THEODORUS</span> <span class='ocrx_word' id='word_1_3' title='bbox 1685 397 2171 451; x_wconf 87' lang='lat' dir='ltr'><strong>MOPSUESTEN</strong></span> <span class='ocrx_word' id='word_1_4' title='bbox 2180 398 2270 479; x_wconf 55' lang='lat' dir='ltr'>U·S</span> 
     </span>
    </p>
   </div>
   <div class='ocr_carea' id='block_1_2' title="bbox 2516 386 2929 470">
    <p class='ocr_par' dir='ltr' id='par_1_2' title="bbox 2516 386 2929 470">
     <span class='ocr_line' id='line_1_2' title="bbox 2516 386 2929 470; baseline -0.005 -19"><span class='ocrx_word' id='word_1_5' title='bbox 2516 386 2660 470; x_wconf 91' lang='lat' dir='ltr'><strong>[IV.</strong></span> <span class='ocrx_word' id='word_1_6' title='bbox 2702 389 2795 463; x_wconf 88' lang='lat'>16,</span> <span class='ocrx_word' id='word_1_7' title='bbox 2833 400 2929 466; x_wconf 88' lang='lat'>17.</span> 
     </span>
    </p>
   </div>
   <div class='ocr_carea' id='block_1_3' title="bbox 503 580 2934 769">
    <p class='ocr_par' dir='ltr' id='par_1_3' title="bbox 503 580 2934 769">
     <span class='ocr_line' id='line_1_3' title="bbox 503 580 2934 667; baseline 0 -22"><span class='ocrx_word' id='word_1_8' title='bbox 503 582 820 667; x_wconf 84' lang='lat' dir='ltr'>primum,</span> <span class='ocrx_word' id='word_1_9' title='bbox 851 580 1077 647; x_wconf 86' lang='lat' dir='ltr'>deinde</span> <span class='ocrx_word' id='word_1_10' title='bbox 1118 603 1233 646; x_wconf 86' lang='lat' dir='ltr'>nos</span> <span class='ocrx_word' id='word_1_11' title='bbox 1274 581 1391 665; x_wconf 85' lang='lat' dir='ltr'>qui</span> <span class='ocrx_word' id='word_1_12' title='bbox 1430 580 1740 659; x_wconf 86' lang='lat' dir='ltr'>uiuimus,</span> <span class='ocrx_word' id='word_1_13' title='bbox 1786 582 1903 664; x_wconf 86' lang='lat' dir='ltr'>qui</span> <span class='ocrx_word' id='word_1_14' title='bbox 1941 581 2513 665; x_wconf 83' lang='lat' dir='ltr'>subrelinquimur,</span> <span class='ocrx_word' id='word_1_15' title='bbox 2542 581 2753 646; x_wconf 81' lang='lat' dir='ltr'>simul</span> <span class='ocrx_word' id='word_1_16' title='bbox 2785 603 2934 646; x_wconf 86' lang='lat' dir='ltr'>cum</span> 
     </span>
     <span class='ocr_line' id='line_1_4' title="bbox 517 683 2932 769; baseline 0 -20"><span class='ocrx_word' id='word_1_17' title='bbox 517 686 656 749; x_wconf 86' lang='lat' dir='ltr'><em>illis</em></span> <span class='ocrx_word' id='word_1_18' title='bbox 697 685 1035 768; x_wconf 86' lang='lat' dir='ltr'>rapiemur</span> <span class='ocrx_word' id='word_1_19' title='bbox 1075 685 1148 750; x_wconf 83' lang='lat' dir='ltr'>in</span> <span class='ocrx_word' id='word_1_20' title='bbox 1191 684 1467 750; x_wconf 85' lang='lat' dir='ltr'>nubibus</span> <span class='ocrx_word' id='word_1_21' title='bbox 1507 684 1581 750; x_wconf 83' lang='lat' dir='ltr'>in</span> <span class='ocrx_word' id='word_1_22' title='bbox 1615 683 1876 749; x_wconf 84' lang='lat' dir='ltr'><em>obuiam</em></span> <span class='ocrx_word' id='word_1_23' title='bbox 1922 685 1995 749; x_wconf 83' lang='lat' dir='ltr'>in</span> <span class='ocrx_word' id='word_1_24' title='bbox 2037 706 2267 763; x_wconf 86' lang='lat' dir='ltr'>aerem,</span> <span class='ocrx_word' id='word_1_25' title='bbox 2296 696 2363 750; x_wconf 89' lang='lat' dir='ltr'>et</span> <span class='ocrx_word' id='word_1_26' title='bbox 2395 685 2492 750; x_wconf 82' lang='lat' dir='ltr'>sic</span> <span class='ocrx_word' id='word_1_27' title='bbox 2514 697 2760 769; x_wconf 85' lang='lat' dir='ltr'><em>semper</em></span> <span class='ocrx_word' id='word_1_28' title='bbox 2784 707 2932 750; x_wconf 86' lang='lat' dir='ltr'>cum</span> 
     </span>
    </p>
   </div>
   <div class='ocr_carea' id='block_1_4' title="bbox 517 787 1088 864">
    <p class='ocr_par' dir='ltr' id='par_1_4' title="bbox 517 787 1088 864">
     <span class='ocr_line' id='line_1_5' title="bbox 517 787 1088 864; baseline 0.005 -13"><span class='ocrx_word' id='word_1_29' title='bbox 517 787 801 852; x_wconf 84' lang='lat' dir='ltr'>Domino</span> <span class='ocrx_word' id='word_1_30' title='bbox 827 787 1088 864; x_wconf 80' lang='lat' dir='ltr'>erimus.</span> 
     </span>
    </p>
   </div>
   <div class='ocr_carea' id='block_1_5' title="bbox 416 913 3016 1815">
    <p class='ocr_par' dir='ltr' id='par_1_5' title="bbox 416 913 3016 1815">
     <span class='ocr_line' id='line_1_6' title="bbox 648 913 2928 998; baseline 0.001 -19"><span class='ocrx_word' id='word_1_31' title='bbox 648 920 978 979; x_wconf 87' lang='lat' dir='ltr'>‘mortuos</span> <span class='ocrx_word' id='word_1_32' title='bbox 1009 914 1076 979; x_wconf 91' lang='lat' dir='ltr'>in</span> <span class='ocrx_word' id='word_1_33' title='bbox 1110 913 1409 980; x_wconf 88' lang='lat' dir='ltr'>Christo&#39;</span> <span class='ocrx_word' id='word_1_34' title='bbox 1441 913 1589 979; x_wconf 91' lang='lat' dir='ltr'>illos</span> <span class='ocrx_word' id='word_1_35' title='bbox 1609 914 1773 981; x_wconf 92' lang='lat' dir='ltr'>dicit</span> <span class='ocrx_word' id='word_1_36' title='bbox 1801 915 1913 998; x_wconf 90' lang='lat' dir='ltr'>qui</span> <span class='ocrx_word' id='word_1_37' title='bbox 1944 924 2015 980; x_wconf 90' lang='lat' dir='ltr'>et</span> <span class='ocrx_word' id='word_1_38' title='bbox 2042 915 2465 980; x_wconf 89' lang='lat' dir='ltr'>crediderunt</span> <span class='ocrx_word' id='word_1_39' title='bbox 2486 915 2554 980; x_wconf 91' lang='lat' dir='ltr'>in</span> <span class='ocrx_word' id='word_1_40' title='bbox 2588 915 2928 981; x_wconf 88' lang='lat' dir='ltr'><strong>Christum</strong></span> 
     </span>
     <span class='ocr_line' id='line_1_7' title="bbox 455 1015 2929 1101; baseline 0.002 -21"><span class='ocrx_word' id='word_1_41' title='bbox 455 1028 485 1096; x_wconf 83' lang='lat'>5</span> <span class='ocrx_word' id='word_1_42' title='bbox 521 1025 590 1083; x_wconf 92' lang='lat' dir='ltr'>et</span> <span class='ocrx_word' id='word_1_43' title='bbox 629 1037 750 1099; x_wconf 92' lang='lat' dir='ltr'>pro</span> <span class='ocrx_word' id='word_1_44' title='bbox 796 1015 1065 1082; x_wconf 91' lang='lat' dir='ltr'>Christo</span> <span class='ocrx_word' id='word_1_45' title='bbox 1106 1016 1349 1080; x_wconf 89' lang='lat' dir='ltr'>mortui</span> <span class='ocrx_word' id='word_1_46' title='bbox 1383 1026 1576 1096; x_wconf 84' lang='lat' dir='ltr'>sunt3</span> <span class='ocrx_word' id='word_1_47' title='bbox 1619 1036 1788 1100; x_wconf 90' lang='lat' dir='ltr'>quos</span> <span class='ocrx_word' id='word_1_48' title='bbox 1825 1037 2167 1100; x_wconf 85' lang='lat' dir='ltr'>resurgere</span> <span class='ocrx_word' id='word_1_49' title='bbox 2209 1016 2390 1083; x_wconf 85' lang='lat' dir='ltr'>dixit</span> <span class='ocrx_word' id='word_1_50' title='bbox 2434 1020 2701 1101; x_wconf 79' lang='lat' dir='ltr'>prim05,</span> <span class='ocrx_word' id='word_1_51' title='bbox 2734 1021 2929 1084; x_wconf 90' lang='lat' dir='ltr'>sicuti</span> 
     </span>
     <span class='ocr_line' id='line_1_8' title="bbox 521 1118 2937 1207; baseline 0.002 -23"><span class='ocrx_word' id='word_1_52' title='bbox 521 1128 591 1184; x_wconf 90' lang='lat' dir='ltr'>et</span> <span class='ocrx_word' id='word_1_53' title='bbox 643 1119 1003 1186; x_wconf 89' lang='lat' dir='ltr'>Corinthiis</span> <span class='ocrx_word' id='word_1_54' title='bbox 1054 1118 1348 1184; x_wconf 91' lang='lat' dir='ltr'>scribens</span> <span class='ocrx_word' id='word_1_55' title='bbox 1398 1119 1612 1184; x_wconf 84' lang='lat' dir='ltr'><strong>dixit:</strong></span> <span class='ocrx_word' id='word_1_56' title='bbox 1658 1120 2005 1202; x_wconf 83' lang='lat' dir='ltr'><em>primitiae</em></span> <span class='ocrx_word' id='word_1_57' title='bbox 2056 1119 2372 1198; x_wconf 69' lang='lat' dir='ltr'>Christus,</span> <span class='ocrx_word' id='word_1_58' title='bbox 2423 1121 2651 1186; x_wconf 84' lang='lat' dir='ltr'>deinde</span> <span class='ocrx_word' id='word_1_59' title='bbox 2697 1123 2775 1188; x_wconf 77' lang='lat' dir='ltr'>Iti</span> <span class='ocrx_word' id='word_1_60' title='bbox 2816 1125 2937 1207; x_wconf 82' lang='lat' dir='ltr'>qui</span> 
     </span>
     <span class='ocr_line' id='line_1_9' title="bbox 518 1219 2933 1306; baseline 0.001 -21"><span class='ocrx_word' id='word_1_61' title='bbox 518 1232 676 1285; x_wconf 87' lang='lat' dir='ltr'>sunt</span> <span class='ocrx_word' id='word_1_62' title='bbox 706 1219 971 1298; x_wconf 65' lang='lat' dir='ltr'>Chris-ti,</span> <span class='ocrx_word' id='word_1_63' title='bbox 999 1221 1118 1304; x_wconf 84' lang='lat' dir='ltr'>qui</span> <span class='ocrx_word' id='word_1_64' title='bbox 1140 1220 1492 1286; x_wconf 86' lang='lat' dir='ltr'>aduentum</span> <span class='ocrx_word' id='word_1_65' title='bbox 1519 1222 1662 1286; x_wconf 86' lang='lat' dir='ltr'>eius</span> <span class='ocrx_word' id='word_1_66' title='bbox 1687 1221 2101 1286; x_wconf 84' lang='lat' dir='ltr'>crediderunt</span> <span class='ocrx_word' id='word_1_67' title='bbox 2112 1246 2146 1299; x_wconf 86' lang='lat'>‚·</span> <span class='ocrx_word' id='word_1_68' title='bbox 2175 1222 2404 1287; x_wconf 84' lang='lat' dir='ltr'>deinde</span> <span class='ocrx_word' id='word_1_69' title='bbox 2413 1223 2601 1306; x_wconf 85' lang='lat' dir='ltr'>finis.</span> <span class='ocrx_word' id='word_1_70' title='bbox 2690 1224 2933 1288; x_wconf 90' lang='lat' dir='ltr'>ueloci-</span> 
     </span>
     <span class='ocr_line' id='line_1_10' title="bbox 518 1325 2931 1409; baseline 0.002 -21"><span class='ocrx_word' id='word_1_71' title='bbox 518 1332 731 1389; x_wconf 85' lang='lat' dir='ltr'>tatem</span> <span class='ocrx_word' id='word_1_72' title='bbox 790 1345 949 1390; x_wconf 90' lang='lat' dir='ltr'>uero</span> <span class='ocrx_word' id='word_1_73' title='bbox 1007 1325 1498 1390; x_wconf 89' lang='lat' dir='ltr'>resurrectionis</span> <span class='ocrx_word' id='word_1_74' title='bbox 1556 1325 1855 1390; x_wconf 87' lang='lat' dir='ltr'>ostendit</span> <span class='ocrx_word' id='word_1_75' title='bbox 1912 1325 2258 1391; x_wconf 89' lang='lat' dir='ltr'>euidenter</span> <span class='ocrx_word' id='word_1_76' title='bbox 2330 1326 2397 1390; x_wconf 90' lang='lat' dir='ltr'>in</span> <span class='ocrx_word' id='word_1_77' title='bbox 2468 1326 2582 1390; x_wconf 91' lang='lat' dir='ltr'>illa</span> <span class='ocrx_word' id='word_1_78' title='bbox 2639 1327 2931 1409; x_wconf 88' lang='lat' dir='ltr'>epistola</span> 
     </span>
     <span class='ocr_line' id='line_1_11' title="bbox 519 1426 2937 1504; baseline 0.001 -14"><span class='ocrx_word' id='word_1_79' title='bbox 519 1427 748 1490; x_wconf 90' lang='lat' dir='ltr'>dicens</span> <span class='ocrx_word' id='word_1_80' title='bbox 775 1451 789 1491; x_wconf 89' lang='lat'><strong>:</strong></span> <span class='ocrx_word' id='word_1_81' title='bbox 833 1426 905 1491; x_wconf 85' lang='lat' dir='ltr'>in</span> <span class='ocrx_word' id='word_1_82' title='bbox 941 1437 1266 1501; x_wconf 75' lang='lat' dir='ltr'>momente,</span> <span class='ocrx_word' id='word_1_83' title='bbox 1298 1427 1371 1492; x_wconf 83' lang='lat' dir='ltr'>in</span> <span class='ocrx_word' id='word_1_84' title='bbox 1416 1426 1546 1491; x_wconf 86' lang='lat' dir='ltr'>ictu</span> <span class='ocrx_word' id='word_1_85' title='bbox 1583 1427 1765 1504; x_wconf 82' lang='lat' dir='ltr'>oculi,</span> <span class='ocrx_word' id='word_1_86' title='bbox 1803 1426 1876 1490; x_wconf 87' lang='lat' dir='ltr'>in</span> <span class='ocrx_word' id='word_1_87' title='bbox 1906 1426 2264 1491; x_wconf 85' lang='lat' dir='ltr'>nouissima</span> <span class='ocrx_word' id='word_1_88' title='bbox 2301 1427 2454 1492; x_wconf 85' lang='lat' dir='ltr'>tuba</span> <span class='ocrx_word' id='word_1_89' title='bbox 2471 1450 2505 1504; x_wconf 78' lang='lat'>‚⁰</span> <span class='ocrx_word' id='word_1_90' title='bbox 2551 1427 2937 1493; x_wconf 82' lang='lat' dir='ltr'>tubicinabit</span> 
     </span>
     <span class='ocr_line' id='line_1_12' title="bbox 416 1529 3016 1613; baseline -0.001 -16"><span class='ocrx_word' id='word_1_91' title='bbox 416 1548 495 1597; x_wconf 93' lang='lat'>10</span> <span class='ocrx_word' id='word_1_92' title='bbox 518 1529 706 1606; x_wconf 87' lang='lat' dir='ltr'>enim,</span> <span class='ocrx_word' id='word_1_93' title='bbox 754 1539 817 1593; x_wconf 86' lang='lat' dir='ltr'>et</span> <span class='ocrx_word' id='word_1_94' title='bbox 861 1529 1107 1593; x_wconf 84' lang='lat' dir='ltr'>mortui</span> <span class='ocrx_word' id='word_1_95' title='bbox 1149 1539 1485 1613; x_wconf 83' lang='lat' dir='ltr'>resurgent</span> <span class='ocrx_word' id='word_1_96' title='bbox 1529 1529 1890 1612; x_wconf 78' lang='lat' dir='ltr'>incorrupti</span> <span class='ocrx_word' id='word_1_97' title='bbox 1927 1540 1991 1594; x_wconf 87' lang='lat' dir='ltr'>et</span> <span class='ocrx_word' id='word_1_98' title='bbox 2033 1551 2147 1594; x_wconf 86' lang='lat' dir='ltr'>nos</span> <span class='ocrx_word' id='word_1_99' title='bbox 2189 1530 2706 1596; x_wconf 84' lang='lat' dir='ltr'><em>immutabimur.</em></span> <span class='ocrx_word' id='word_1_100' title='bbox 2802 1531 2931 1595; x_wconf 90' lang='lat' dir='ltr'>hoc</span> <span class='ocrx_word' id='word_1_101' title='bbox 3005 1535 3016 1543; x_wconf 80' lang='grc'>’</span> 
     </span>
     <span class='ocr_line' id='line_1_13' title="bbox 520 1626 2933 1714; baseline 0.002 -22"><span class='ocrx_word' id='word_1_102' title='bbox 520 1648 681 1710; x_wconf 90' lang='lat' dir='ltr'>ergo</span> <span class='ocrx_word' id='word_1_103' title='bbox 732 1637 800 1692; x_wconf 91' lang='lat' dir='ltr'>et</span> <span class='ocrx_word' id='word_1_104' title='bbox 843 1626 971 1691; x_wconf 89' lang='lat' dir='ltr'>hoc</span> <span class='ocrx_word' id='word_1_105' title='bbox 1016 1629 1083 1692; x_wconf 92' lang='lat' dir='ltr'>in</span> <span class='ocrx_word' id='word_1_106' title='bbox 1129 1628 1277 1692; x_wconf 92' lang='lat' dir='ltr'>loco</span> <span class='ocrx_word' id='word_1_107' title='bbox 1308 1630 1488 1706; x_wconf 92' lang='lat' dir='ltr'>dicit,</span> <span class='ocrx_word' id='word_1_108' title='bbox 1534 1631 1854 1712; x_wconf 89' lang='lat' dir='ltr'>quoniam</span> <span class='ocrx_word' id='word_1_109' title='bbox 1885 1631 2250 1696; x_wconf 89' lang='lat' dir='ltr'>descendet</span> <span class='ocrx_word' id='word_1_110' title='bbox 2293 1633 2567 1714; x_wconf 89' lang='lat' dir='ltr'>quidem</span> <span class='ocrx_word' id='word_1_111' title='bbox 2612 1633 2699 1696; x_wconf 94' lang='lat' dir='ltr'>de</span> <span class='ocrx_word' id='word_1_112' title='bbox 2745 1633 2933 1697; x_wconf 92' lang='lat' dir='ltr'>caelo</span> 
     </span>
     <span class='ocr_line' id='line_1_14' title="bbox 523 1726 2934 1815; baseline 0.002 -23"><span class='ocrx_word' id='word_1_113' title='bbox 523 1726 826 1792; x_wconf 89' lang='lat' dir='ltr'>Christus</span> <span class='ocrx_word' id='word_1_114' title='bbox 895 1749 1046 1792; x_wconf 91' lang='lat' dir='ltr'>cum</span> <span class='ocrx_word' id='word_1_115' title='bbox 1107 1730 1270 1793; x_wconf 89' lang='lat' dir='ltr'>tuba</span> <span class='ocrx_word' id='word_1_116' title='bbox 1339 1730 1631 1807; x_wconf 86' lang='lat' dir='ltr'>terribili,</span> <span class='ocrx_word' id='word_1_117' title='bbox 1700 1738 1770 1794; x_wconf 93' lang='lat' dir='ltr'>et</span> <span class='ocrx_word' id='word_1_118' title='bbox 1842 1752 2008 1795; x_wconf 94' lang='lat' dir='ltr'>uoce</span> <span class='ocrx_word' id='word_1_119' title='bbox 2081 1734 2375 1814; x_wconf 87' lang='lat' dir='ltr'>quadam</span> <span class='ocrx_word' id='word_1_120' title='bbox 2450 1753 2699 1815; x_wconf 90' lang='lat' dir='ltr'>magna</span> <span class='ocrx_word' id='word_1_121' title='bbox 2772 1737 2934 1797; x_wconf 85' lang='lat' dir='ltr'>tunc</span> 
     </span>
    </p>
   </div>
   <div class='ocr_carea' id='block_1_6' title="bbox 419 1840 992 2123">
    <p class='ocr_par' dir='ltr' id='par_1_6' title="bbox 419 1840 992 2123">
     <span class='ocr_line' id='line_1_15' title="bbox 521 1840 992 1914; baseline 0 -20"><span class='ocrx_word' id='word_1_122' title='bbox 521 1840 992 1914; x_wconf 80' lang='lat' dir='ltr'>perstrepente,</span> 
     </span>
     <span class='ocr_line' id='line_1_16' title="bbox 522 1946 647 2000; baseline -0.008 0"><span class='ocrx_word' id='word_1_123' title='bbox 522 1946 647 2000; x_wconf 89' lang='lat' dir='ltr'>est.</span> 
     </span>
     <span class='ocr_line' id='line_1_17' title="bbox 419 2038 841 2123; baseline 0.002 -20"><span class='ocrx_word' id='word_1_124' title='bbox 419 2052 490 2119; x_wconf 84' lang='lat'>15</span> <span class='ocrx_word' id='word_1_125' title='bbox 522 2047 539 2074; x_wconf 89' lang='lat'>‘</span> <span class='ocrx_word' id='word_1_126' title='bbox 558 2038 841 2123; x_wconf 65' lang='lat' dir='ltr'>surgite!</span> 
     </span>
    </p>
   </div>
   <div class='ocr_carea' id='block_1_7' title="bbox 751 1833 2934 2124">
    <p class='ocr_par' dir='ltr' id='par_1_7' title="bbox 751 1833 2934 2124">
     <span class='ocr_line' id='line_1_18' title="bbox 1086 1833 2934 1917; baseline 0.002 -23"><span class='ocrx_word' id='word_1_127' title='bbox 1086 1833 1450 1896; x_wconf 89' lang='lat' dir='ltr'>secundum</span> <span class='ocrx_word' id='word_1_128' title='bbox 1546 1833 1847 1897; x_wconf 90' lang='lat' dir='ltr'>diuinam</span> <span class='ocrx_word' id='word_1_129' title='bbox 1944 1834 2490 1917; x_wconf 86' lang='lat' dir='ltr'>inoperationem,</span> <span class='ocrx_word' id='word_1_130' title='bbox 2562 1844 2639 1900; x_wconf 91' lang='lat' dir='ltr'>ut</span> <span class='ocrx_word' id='word_1_131' title='bbox 2729 1835 2934 1898; x_wconf 91' lang='lat' dir='ltr'>moris</span> 
     </span>
     <span class='ocr_line' id='line_1_19' title="bbox 751 1935 2933 2021; baseline 0.001 -22"><span class='ocrx_word' id='word_1_132' title='bbox 751 1935 1059 1999; x_wconf 85' lang='lat' dir='ltr'>‘tubam’</span> <span class='ocrx_word' id='word_1_133' title='bbox 1104 1946 1447 2019; x_wconf 88' lang='lat' dir='ltr'>nuncupat</span> <span class='ocrx_word' id='word_1_134' title='bbox 1497 1936 1968 2020; x_wconf 86' lang='lat' dir='ltr'>archangelum</span> <span class='ocrx_word' id='word_1_135' title='bbox 2030 1938 2551 2021; x_wconf 88' lang='lat' dir='ltr'>praecipientem</span> <span class='ocrx_word' id='word_1_136' title='bbox 2600 1938 2933 2015; x_wconf 78' lang='lat' dir='ltr'>omnibuS,</span> 
     </span>
     <span class='ocr_line' id='line_1_20' title="bbox 933 2040 2930 2124; baseline 0.002 -22"><span class='ocrx_word' id='word_1_137' title='bbox 933 2041 1220 2103; x_wconf 85' lang='lat' dir='ltr'>‘iussum</span> <span class='ocrx_word' id='word_1_138' title='bbox 1243 2040 1258 2067; x_wconf 90' lang='lat'>’</span> <span class='ocrx_word' id='word_1_139' title='bbox 1320 2060 1479 2105; x_wconf 92' lang='lat' dir='ltr'>uero</span> <span class='ocrx_word' id='word_1_140' title='bbox 1554 2050 1754 2105; x_wconf 90' lang='lat' dir='ltr'>uocat</span> <span class='ocrx_word' id='word_1_141' title='bbox 1830 2060 2064 2104; x_wconf 91' lang='lat' dir='ltr'>uocem</span> <span class='ocrx_word' id='word_1_142' title='bbox 2146 2040 2445 2105; x_wconf 91' lang='lat' dir='ltr'>eiusdem</span> <span class='ocrx_word' id='word_1_143' title='bbox 2524 2041 2930 2124; x_wconf 87' lang='lat' dir='ltr'>archangeli,</span> 
     </span>
    </p>
   </div>
   <div class='ocr_carea' id='block_1_8' title="bbox 521 2134 2934 2537">
    <p class='ocr_par' dir='ltr' id='par_1_8' title="bbox 521 2134 2934 2537">
     <span class='ocr_line' id='line_1_21' title="bbox 522 2134 2931 2229; baseline 0.002 -23"><span class='ocrx_word' id='word_1_144' title='bbox 522 2144 679 2226; x_wconf 94' lang='lat' dir='ltr'>quia</span> <span class='ocrx_word' id='word_1_145' title='bbox 726 2134 905 2206; x_wconf 87' lang='lat' dir='ltr'>dicet</span> <span class='ocrx_word' id='word_1_146' title='bbox 949 2139 1268 2229; x_wconf 86' lang='lat' dir='ltr'>‘surgite.&#39;</span> <span class='ocrx_word' id='word_1_147' title='bbox 1359 2141 1463 2206; x_wconf 90' lang='lat' dir='ltr'>his</span> <span class='ocrx_word' id='word_1_148' title='bbox 1511 2152 1738 2206; x_wconf 89' lang='lat' dir='ltr'>autem</span> <span class='ocrx_word' id='word_1_149' title='bbox 1785 2144 1879 2207; x_wconf 90' lang='lat' dir='ltr'>ita</span> <span class='ocrx_word' id='word_1_150' title='bbox 1931 2143 2183 2209; x_wconf 84' lang='lat' dir='ltr'>effectis</span> <span class='ocrx_word' id='word_1_151' title='bbox 2230 2144 2457 2209; x_wconf 90' lang='lat' dir='ltr'>omnia</span> <span class='ocrx_word' id='word_1_152' title='bbox 2510 2153 2704 2208; x_wconf 90' lang='lat' dir='ltr'>erunt</span> <span class='ocrx_word' id='word_1_153' title='bbox 2749 2165 2931 2210; x_wconf 90' lang='lat' dir='ltr'>com-</span> 
     </span>
     <span class='ocr_line' id='line_1_22' title="bbox 521 2246 2932 2331; baseline -0 -19"><span class='ocrx_word' id='word_1_154' title='bbox 521 2248 860 2331; x_wconf 89' lang='lat' dir='ltr'>pendiosa,</span> <span class='ocrx_word' id='word_1_155' title='bbox 915 2247 1010 2310; x_wconf 90' lang='lat' dir='ltr'>ita</span> <span class='ocrx_word' id='word_1_156' title='bbox 1066 2256 1143 2311; x_wconf 90' lang='lat' dir='ltr'>ut</span> <span class='ocrx_word' id='word_1_157' title='bbox 1206 2246 1299 2310; x_wconf 90' lang='lat' dir='ltr'>illi</span> <span class='ocrx_word' id='word_1_158' title='bbox 1361 2247 1476 2329; x_wconf 91' lang='lat' dir='ltr'>qui</span> <span class='ocrx_word' id='word_1_159' title='bbox 1532 2268 1655 2330; x_wconf 92' lang='lat' dir='ltr'>pro</span> <span class='ocrx_word' id='word_1_160' title='bbox 1715 2246 1848 2311; x_wconf 88' lang='lat' dir='ltr'>fide</span> <span class='ocrx_word' id='word_1_161' title='bbox 1897 2248 2140 2311; x_wconf 89' lang='lat' dir='ltr'>mortui</span> <span class='ocrx_word' id='word_1_162' title='bbox 2187 2257 2343 2311; x_wconf 89' lang='lat' dir='ltr'>sunt</span> <span class='ocrx_word' id='word_1_163' title='bbox 2393 2249 2646 2330; x_wconf 87' lang='lat' dir='ltr'>priores</span> <span class='ocrx_word' id='word_1_164' title='bbox 2692 2249 2932 2312; x_wconf 88' lang='lat' dir='ltr'>ceteris</span> 
     </span>
     <span class='ocr_line' id='line_1_23' title="bbox 521 2348 2932 2433; baseline 0 -21"><span class='ocrx_word' id='word_1_165' title='bbox 521 2359 885 2433; x_wconf 88' lang='lat' dir='ltr'>resurgant,</span> <span class='ocrx_word' id='word_1_166' title='bbox 915 2356 984 2412; x_wconf 90' lang='lat' dir='ltr'>et</span> <span class='ocrx_word' id='word_1_167' title='bbox 1013 2368 1166 2413; x_wconf 89' lang='lat' dir='ltr'>cum</span> <span class='ocrx_word' id='word_1_168' title='bbox 1198 2349 1326 2413; x_wconf 88' lang='lat' dir='ltr'>illis</span> <span class='ocrx_word' id='word_1_169' title='bbox 1358 2348 1663 2415; x_wconf 90' lang='lat' dir='ltr'>fidelibus</span> <span class='ocrx_word' id='word_1_170' title='bbox 1694 2351 1807 2433; x_wconf 89' lang='lat' dir='ltr'>qui</span> <span class='ocrx_word' id='word_1_171' title='bbox 1839 2360 1999 2414; x_wconf 88' lang='lat' dir='ltr'>tunc</span> <span class='ocrx_word' id='word_1_172' title='bbox 2044 2351 2111 2414; x_wconf 92' lang='lat' dir='ltr'>in</span> <span class='ocrx_word' id='word_1_173' title='bbox 2152 2350 2293 2415; x_wconf 91' lang='lat' dir='ltr'>uita</span> <span class='ocrx_word' id='word_1_174' title='bbox 2331 2349 2458 2414; x_wconf 89' lang='lat' dir='ltr'>hac</span> <span class='ocrx_word' id='word_1_175' title='bbox 2504 2350 2932 2414; x_wconf 88' lang='lat' dir='ltr'>inueniuntur</span> 
     </span>
     <span class='ocr_line' id='line_1_24' title="bbox 523 2452 2934 2537; baseline -0 -19"><span class='ocrx_word' id='word_1_176' title='bbox 523 2474 722 2537; x_wconf 91' lang='lat' dir='ltr'>super</span> <span class='ocrx_word' id='word_1_177' title='bbox 749 2454 958 2517; x_wconf 87' lang='lat' dir='ltr'>nubes</span> <span class='ocrx_word' id='word_1_178' title='bbox 988 2452 1179 2536; x_wconf 87' lang='lat' dir='ltr'>quasi</span> <span class='ocrx_word' id='word_1_179' title='bbox 1210 2453 1615 2536; x_wconf 89' lang='lat' dir='ltr'>quibusdam</span> <span class='ocrx_word' id='word_1_180' title='bbox 1657 2453 1975 2518; x_wconf 88' lang='lat' dir='ltr'>uehiculis</span> <span class='ocrx_word' id='word_1_181' title='bbox 2007 2454 2179 2536; x_wconf 87' lang='lat' dir='ltr'>rapti</span> <span class='ocrx_word' id='word_1_182' title='bbox 2224 2454 2554 2518; x_wconf 90' lang='lat' dir='ltr'>ducantur</span> <span class='ocrx_word' id='word_1_183' title='bbox 2601 2454 2670 2517; x_wconf 92' lang='lat' dir='ltr'>in</span> <span class='ocrx_word' id='word_1_184' title='bbox 2713 2460 2934 2517; x_wconf 70' lang='lat' dir='ltr'>aerem</span> 
     </span>
    </p>
   </div>
   <div class='ocr_carea' id='block_1_9' title="bbox 524 2710 1413 3023">
    <p class='ocr_par' dir='ltr' id='par_1_9' title="bbox 524 2710 1413 3023">
     <span class='ocr_line' id='line_1_25' title="bbox 622 2710 1413 2777; baseline -0.003 -13"><span class='ocrx_word' id='word_1_185' title='bbox 622 2729 651 2764; x_wconf 73' lang='grc' dir='ltr'>ο</span> <span class='ocrx_word' id='word_1_186' title='bbox 686 2712 739 2763; x_wconf 88' lang='lat' dir='ltr'>in</span> <span class='ocrx_word' id='word_1_187' title='bbox 761 2710 1015 2777; x_wconf 68' lang='lat' dir='ltr'>(befobu.)</span> <span class='ocrx_word' id='word_1_188' title='bbox 1038 2727 1117 2761; x_wconf 85' lang='lat' dir='ltr'>om</span> <span class='ocrx_word' id='word_1_189' title='bbox 1143 2711 1188 2763; x_wconf 83' lang='lat' dir='ltr'>C</span> <span class='ocrx_word' id='word_1_190' title='bbox 1207 2710 1357 2775; x_wconf 81' lang='lat' dir='ltr'>(corr)</span> <span class='ocrx_word' id='word_1_191' title='bbox 1378 2729 1413 2762; x_wconf 86' lang='lat' dir='ltr'>r</span> 
     </span>
     <span class='ocr_line' id='line_1_26' title="bbox 527 2795 1127 2863; baseline -0.007 -15"><span class='ocrx_word' id='word_1_192' title='bbox 527 2806 555 2863; x_wconf 76' lang='lat'>7</span> <span class='ocrx_word' id='word_1_193' title='bbox 588 2798 642 2848; x_wconf 88' lang='lat' dir='ltr'>in</span> <span class='ocrx_word' id='word_1_194' title='bbox 666 2798 773 2863; x_wconf 83' lang='lat' dir='ltr'>(bes</span> <span class='ocrx_word' id='word_1_195' title='bbox 777 2797 916 2857; x_wconf 86' lang='lat' dir='ltr'>adu.)</span> <span class='ocrx_word' id='word_1_196' title='bbox 938 2795 1045 2845; x_wconf 83' lang='lat' dir='ltr'>add</span> <span class='ocrx_word' id='word_1_197' title='bbox 1058 2795 1127 2844; x_wconf 76' lang='lat' dir='ltr'><em>H</em></span> 
     </span>
     <span class='ocr_line' id='line_1_27' title="bbox 524 2879 706 2929; baseline -0.005 0"><span class='ocrx_word' id='word_1_198' title='bbox 524 2879 646 2929; x_wconf 86' lang='lat' dir='ltr'>tuba</span> <span class='ocrx_word' id='word_1_199' title='bbox 671 2895 706 2928; x_wconf 82' lang='lat' dir='ltr'>r</span> 
     </span>
     <span class='ocr_line' id='line_1_28' title="bbox 528 2956 1147 3023; baseline -0.01 -11"><span class='ocrx_word' id='word_1_200' title='bbox 528 2959 572 3012; x_wconf 90' lang='lat' dir='ltr'><em>C</em></span> <span class='ocrx_word' id='word_1_201' title='bbox 584 2958 653 3009; x_wconf 79' lang='lat' dir='ltr'><em>H</em></span> <span class='ocrx_word' id='word_1_202' title='bbox 691 2956 1020 3023; x_wconf 77' lang='lat' dir='ltr'>percipientes</span> <span class='ocrx_word' id='word_1_203' title='bbox 1041 2961 1091 3006; x_wconf 89' lang='lat' dir='ltr'>et</span> <span class='ocrx_word' id='word_1_204' title='bbox 1112 2971 1147 3006; x_wconf 83' lang='lat' dir='ltr'>r</span> 
     </span>
    </p>
   </div>
   <div class='ocr_carea' id='block_1_10' title="bbox 519 3092 1686 4543">
    <p class='ocr_par' dir='ltr' id='par_1_10' title="bbox 522 3092 1686 3562">
     <span class='ocr_line' id='line_1_29' title="bbox 585 3092 1674 3162; baseline -0.006 -15"><span class='ocrx_word' id='word_1_205' title='bbox 585 3096 635 3148; x_wconf 89' lang='lat'>6.</span> <span class='ocrx_word' id='word_1_206' title='bbox 690 3092 1166 3162; x_wconf 75' lang='lat' dir='ltr'>primitiae..finis]</span> <span class='ocrx_word' id='word_1_207' title='bbox 1227 3108 1248 3143; x_wconf 90' lang='lat'>1</span> <span class='ocrx_word' id='word_1_208' title='bbox 1294 3093 1412 3144; x_wconf 92' lang='lat' dir='ltr'>Cor.</span> <span class='ocrx_word' id='word_1_209' title='bbox 1457 3109 1540 3142; x_wconf 82' lang='lat' dir='ltr'>xv.</span> <span class='ocrx_word' id='word_1_210' title='bbox 1590 3107 1674 3158; x_wconf 75' lang='lat'>²3»</span> 
     </span>
     <span class='ocr_line' id='line_1_30' title="bbox 522 3173 1681 3240; baseline -0.004 -12"><span class='ocrx_word' id='word_1_211' title='bbox 522 3178 646 3228; x_wconf 78' lang='lat' dir='ltr'>with</span> <span class='ocrx_word' id='word_1_212' title='bbox 682 3177 768 3227; x_wconf 86' lang='lat' dir='ltr'>the</span> <span class='ocrx_word' id='word_1_213' title='bbox 807 3176 1118 3226; x_wconf 75' lang='lat' dir='ltr'>remarkable</span> <span class='ocrx_word' id='word_1_214' title='bbox 1149 3174 1286 3240; x_wconf 77' lang='lat' dir='ltr'>gloss</span> <span class='ocrx_word' id='word_1_215' title='bbox 1319 3173 1473 3224; x_wconf 81' lang='lat' dir='ltr'>found</span> <span class='ocrx_word' id='word_1_216' title='bbox 1503 3174 1556 3223; x_wconf 90' lang='lat' dir='ltr'>in</span> <span class='ocrx_word' id='word_1_217' title='bbox 1594 3181 1681 3232; x_wconf 74' lang='lat' dir='ltr'>the</span> 
     </span>
     <span class='ocr_line' id='line_1_31' title="bbox 524 3251 1678 3319; baseline -0.004 -10"><span class='ocrx_word' id='word_1_218' title='bbox 524 3260 629 3310; x_wconf 84' lang='lat' dir='ltr'>Gk.</span> <span class='ocrx_word' id='word_1_219' title='bbox 653 3259 711 3308; x_wconf 86' lang='lat' dir='ltr'>os</span> <span class='ocrx_word' id='word_1_220' title='bbox 726 3259 786 3317; x_wconf 82' lang='lat' dir='ltr'>F,</span> <span class='ocrx_word' id='word_1_221' title='bbox 815 3260 862 3309; x_wconf 88' lang='lat' dir='ltr'><em>G</em></span> <span class='ocrx_word' id='word_1_222' title='bbox 883 3259 947 3319; x_wconf 78' lang='lat' dir='ltr'>(ol</span> <span class='ocrx_word' id='word_1_223' title='bbox 972 3260 1027 3306; x_wconf 71' lang='grc' dir='ltr'>ἐν</span> <span class='ocrx_word' id='word_1_224' title='bbox 1060 3256 1126 3319; x_wconf 78' lang='grc' dir='ltr'>τῇ</span> <span class='ocrx_word' id='word_1_225' title='bbox 1157 3258 1396 3319; x_wconf 74' lang='grc' dir='ltr'>παρουσίᾳ</span> <span class='ocrx_word' id='word_1_226' title='bbox 1419 3257 1566 3306; x_wconf 79' lang='grc' dir='ltr'>αὐτοῦ</span> <span class='ocrx_word' id='word_1_227' title='bbox 1597 3251 1678 3299; x_wconf 74' lang='grc' dir='ltr'>ἐλ-</span> 
     </span>
     <span class='ocr_line' id='line_1_32' title="bbox 525 3334 1686 3402; baseline -0.003 -13"><span class='ocrx_word' id='word_1_228' title='bbox 525 3338 772 3402; x_wconf 73' lang='grc' dir='ltr'>πίσαντες)</span> <span class='ocrx_word' id='word_1_229' title='bbox 804 3339 904 3388; x_wconf 87' lang='lat' dir='ltr'>and</span> <span class='ocrx_word' id='word_1_230' title='bbox 940 3337 1169 3387; x_wconf 87' lang='lat' dir='ltr'>reflected</span> <span class='ocrx_word' id='word_1_231' title='bbox 1205 3337 1259 3386; x_wconf 86' lang='lat' dir='ltr'>in</span> <span class='ocrx_word' id='word_1_232' title='bbox 1302 3335 1388 3386; x_wconf 88' lang='lat' dir='ltr'>the</span> <span class='ocrx_word' id='word_1_233' title='bbox 1432 3335 1581 3386; x_wconf 85' lang='lat' dir='ltr'>Latin</span> <span class='ocrx_word' id='word_1_234' title='bbox 1625 3334 1686 3385; x_wconf 85' lang='lat' dir='ltr'>of</span> 
     </span>
     <span class='ocr_line' id='line_1_33' title="bbox 527 3416 1678 3482; baseline -0.005 -11"><span class='ocrx_word' id='word_1_235' title='bbox 527 3420 658 3480; x_wconf 72' lang='lat' dir='ltr'>Hil„</span> <span class='ocrx_word' id='word_1_236' title='bbox 684 3419 863 3476; x_wconf 72' lang='lat' dir='ltr'>Amb„</span> <span class='ocrx_word' id='word_1_237' title='bbox 893 3418 1162 3476; x_wconf 71' lang='lat' dir='ltr'>Ambrstr„</span> <span class='ocrx_word' id='word_1_238' title='bbox 1189 3417 1430 3482; x_wconf 76' lang='lat' dir='ltr'>Pelagius,</span> <span class='ocrx_word' id='word_1_239' title='bbox 1470 3416 1572 3466; x_wconf 84' lang='lat' dir='ltr'>and</span> <span class='ocrx_word' id='word_1_240' title='bbox 1606 3416 1678 3478; x_wconf 81' lang='lat' dir='ltr'>by</span> 
     </span>
     <span class='ocr_line' id='line_1_34' title="bbox 525 3497 1675 3562; baseline -0.005 -10"><span class='ocrx_word' id='word_1_241' title='bbox 525 3503 656 3553; x_wconf 90' lang='lat' dir='ltr'>Cod.</span> <span class='ocrx_word' id='word_1_242' title='bbox 681 3499 827 3550; x_wconf 80' lang='lat' dir='ltr'>Fuld.</span> <span class='ocrx_word' id='word_1_243' title='bbox 851 3500 952 3549; x_wconf 86' lang='lat' dir='ltr'>and</span> <span class='ocrx_word' id='word_1_244' title='bbox 982 3499 1067 3548; x_wconf 89' lang='lat' dir='ltr'>the</span> <span class='ocrx_word' id='word_1_245' title='bbox 1098 3498 1411 3548; x_wconf 77' lang='lat' dir='ltr'>Clementiae</span> <span class='ocrx_word' id='word_1_246' title='bbox 1439 3497 1675 3562; x_wconf 82' lang='lat' dir='ltr'>Vulgate.</span> 
     </span>
    </p>

    <p class='ocr_par' dir='ltr' id='par_1_11' title="bbox 519 3577 1679 4052">
     <span class='ocr_line' id='line_1_35' title="bbox 588 3577 1669 3649; baseline -0.003 -18"><span class='ocrx_word' id='word_1_247' title='bbox 588 3598 636 3649; x_wconf 88' lang='lat'>9.</span> <span class='ocrx_word' id='word_1_248' title='bbox 707 3582 765 3631; x_wconf 79' lang='lat' dir='ltr'>in</span> <span class='ocrx_word' id='word_1_249' title='bbox 782 3577 1484 3640; x_wconf 77' lang='lat' dir='ltr'>momento...immutabimur]</span> <span class='ocrx_word' id='word_1_250' title='bbox 1512 3592 1532 3627; x_wconf 90' lang='lat'>1</span> <span class='ocrx_word' id='word_1_251' title='bbox 1553 3578 1669 3628; x_wconf 85' lang='lat' dir='ltr'>Cor.</span> 
     </span>
     <span class='ocr_line' id='line_1_36' title="bbox 522 3659 1674 3727; baseline -0.005 -13"><span class='ocrx_word' id='word_1_252' title='bbox 522 3681 604 3715; x_wconf 82' lang='lat' dir='ltr'>xv.</span> <span class='ocrx_word' id='word_1_253' title='bbox 631 3676 709 3727; x_wconf 78' lang='lat'>52,</span> <span class='ocrx_word' id='word_1_254' title='bbox 752 3664 806 3712; x_wconf 79' lang='lat' dir='ltr'>in</span> <span class='ocrx_word' id='word_1_255' title='bbox 845 3661 933 3712; x_wconf 88' lang='lat' dir='ltr'>the</span> <span class='ocrx_word' id='word_1_256' title='bbox 964 3660 1093 3710; x_wconf 85' lang='lat' dir='ltr'>form</span> <span class='ocrx_word' id='word_1_257' title='bbox 1122 3659 1383 3724; x_wconf 82' lang='lat' dir='ltr'>presented</span> <span class='ocrx_word' id='word_1_258' title='bbox 1420 3660 1488 3724; x_wconf 83' lang='lat' dir='ltr'>by</span> <span class='ocrx_word' id='word_1_259' title='bbox 1524 3659 1591 3709; x_wconf 90' lang='grc' dir='ltr'>Ο.</span> <span class='ocrx_word' id='word_1_260' title='bbox 1612 3660 1674 3708; x_wconf 91' lang='lat' dir='ltr'>L.</span> 
     </span>
     <span class='ocr_line' id='line_1_37' title="bbox 523 3737 1675 3811; baseline -0.008 -14"><span class='ocrx_word' id='word_1_261' title='bbox 523 3748 624 3797; x_wconf 86' lang='lat' dir='ltr'>and</span> <span class='ocrx_word' id='word_1_262' title='bbox 648 3745 823 3811; x_wconf 69' lang='lat' dir='ltr'>Vulg„</span> <span class='ocrx_word' id='word_1_263' title='bbox 845 3748 1022 3807; x_wconf 89' lang='lat' dir='ltr'>except</span> <span class='ocrx_word' id='word_1_264' title='bbox 1046 3741 1153 3791; x_wconf 85' lang='lat' dir='ltr'>that</span> <span class='ocrx_word' id='word_1_265' title='bbox 1175 3740 1253 3790; x_wconf 86' lang='lat' dir='ltr'>sor</span> <span class='ocrx_word' id='word_1_266' title='bbox 1285 3741 1322 3766; x_wconf 80' lang='lat'>‘⁶</span> <span class='ocrx_word' id='word_1_267' title='bbox 1337 3746 1481 3790; x_wconf 86' lang='lat' dir='ltr'>canet</span> <span class='ocrx_word' id='word_1_268' title='bbox 1508 3740 1632 3789; x_wconf 78' lang='lat' dir='ltr'>tuba</span> <span class='ocrx_word' id='word_1_269' title='bbox 1645 3737 1675 3763; x_wconf 88' lang='grc'>”</span> 
     </span>
     <span class='ocr_line' id='line_1_38' title="bbox 525 3821 1679 3878; baseline -0.006 0"><span class='ocrx_word' id='word_1_270' title='bbox 525 3843 617 3878; x_wconf 85' lang='lat' dir='ltr'>our</span> <span class='ocrx_word' id='word_1_271' title='bbox 637 3826 904 3877; x_wconf 85' lang='lat' dir='ltr'>translator</span> <span class='ocrx_word' id='word_1_272' title='bbox 923 3823 1016 3874; x_wconf 86' lang='lat' dir='ltr'>has</span> <span class='ocrx_word' id='word_1_273' title='bbox 1036 3822 1161 3873; x_wconf 86' lang='lat' dir='ltr'>used</span> <span class='ocrx_word' id='word_1_274' title='bbox 1194 3822 1280 3871; x_wconf 80' lang='lat' dir='ltr'>the</span> <span class='ocrx_word' id='word_1_275' title='bbox 1311 3836 1419 3871; x_wconf 89' lang='lat' dir='ltr'>rare</span> <span class='ocrx_word' id='word_1_276' title='bbox 1444 3821 1545 3870; x_wconf 90' lang='lat' dir='ltr'>and</span> <span class='ocrx_word' id='word_1_277' title='bbox 1575 3821 1679 3872; x_wconf 87' lang='lat' dir='ltr'>late</span> 
     </span>
     <span class='ocr_line' id='line_1_39' title="bbox 523 3901 1677 3973; baseline -0.008 -14"><span class='ocrx_word' id='word_1_278' title='bbox 523 3907 809 3973; x_wconf 87' lang='lat' dir='ltr'>compound</span> <span class='ocrx_word' id='word_1_279' title='bbox 832 3904 1141 3956; x_wconf 80' lang='lat' dir='ltr'>tubicinabit.</span> <span class='ocrx_word' id='word_1_280' title='bbox 1194 3901 1277 3953; x_wconf 83' lang='lat' dir='ltr'>Cf.</span> <span class='ocrx_word' id='word_1_281' title='bbox 1296 3902 1507 3966; x_wconf 80' lang='lat' dir='ltr'>Dionys.</span> <span class='ocrx_word' id='word_1_282' title='bbox 1529 3901 1677 3967; x_wconf 81' lang='lat' dir='ltr'>Exig.</span> 
     </span>
     <span class='ocr_line' id='line_1_40' title="bbox 519 3994 743 4052; baseline -0.004 -12"><span class='ocrx_word' id='word_1_283' title='bbox 519 3994 667 4040; x_wconf 74' lang='lat' dir='ltr'>creat.</span> <span class='ocrx_word' id='word_1_284' title='bbox 695 4001 743 4052; x_wconf 86' lang='lat'>9.</span> 
     </span>
    </p>

    <p class='ocr_par' dir='ltr' id='par_1_12' title="bbox 520 4062 1678 4543">
     <span class='ocr_line' id='line_1_41' title="bbox 593 4062 1677 4133; baseline -0.009 -12"><span class='ocrx_word' id='word_1_285' title='bbox 593 4087 671 4133; x_wconf 82' lang='lat'>¹4·</span> <span class='ocrx_word' id='word_1_286' title='bbox 758 4066 1139 4133; x_wconf 79' lang='lat' dir='ltr'>praecipientem</span> <span class='ocrx_word' id='word_1_287' title='bbox 1191 4080 1343 4125; x_wconf 67' lang='lat' dir='ltr'>omn„</span> <span class='ocrx_word' id='word_1_288' title='bbox 1405 4062 1624 4128; x_wconf 73' lang='lat' dir='ltr'>‘surgite</span> <span class='ocrx_word' id='word_1_289' title='bbox 1641 4062 1677 4125; x_wconf 81' lang='lat'>⁹]</span> 
     </span>
     <span class='ocr_line' id='line_1_42' title="bbox 526 4142 1676 4216; baseline -0.01 -13"><span class='ocrx_word' id='word_1_290' title='bbox 526 4151 734 4216; x_wconf 50' lang='lat' dir='ltr'>Chrys:</span> <span class='ocrx_word' id='word_1_291' title='bbox 767 4150 815 4198; x_wconf 76' lang='grc' dir='ltr'>τὶ</span> <span class='ocrx_word' id='word_1_292' title='bbox 839 4149 891 4197; x_wconf 77' lang='grc' dir='ltr'>δὲ</span> <span class='ocrx_word' id='word_1_293' title='bbox 910 4146 1141 4210; x_wconf 73' lang='grc' dir='ltr'>βούλεται</span> <span class='ocrx_word' id='word_1_294' title='bbox 1163 4142 1195 4207; x_wconf 80' lang='grc' dir='ltr'><strong><em>ἡ</em></strong></span> <span class='ocrx_word' id='word_1_295' title='bbox 1217 4148 1355 4208; x_wconf 73' lang='grc' dir='ltr'>φωνὴ</span> <span class='ocrx_word' id='word_1_296' title='bbox 1376 4146 1465 4195; x_wconf 73' lang='grc' dir='ltr'>τοῦ</span> <span class='ocrx_word' id='word_1_297' title='bbox 1484 4142 1676 4207; x_wconf 67' lang='grc' dir='ltr'>ἀρχαγ-</span> 
     </span>
     <span class='ocr_line' id='line_1_43' title="bbox 523 4226 1674 4297; baseline -0.009 -11"><span class='ocrx_word' id='word_1_298' title='bbox 523 4238 702 4297; x_wconf 69' lang='grc' dir='ltr'>γέλουῖ</span> <span class='ocrx_word' id='word_1_299' title='bbox 737 4232 956 4294; x_wconf 78' lang='grc' dir='ltr'>καθάπερ</span> <span class='ocrx_word' id='word_1_300' title='bbox 977 4232 1062 4280; x_wconf 72' lang='grc' dir='ltr'>ἐπὶ</span> <span class='ocrx_word' id='word_1_301' title='bbox 1088 4226 1185 4278; x_wconf 68' lang='grc' dir='ltr'>τῶν</span> <span class='ocrx_word' id='word_1_302' title='bbox 1212 4229 1460 4292; x_wconf 70' lang='grc' dir='ltr'>παρθένων</span> <span class='ocrx_word' id='word_1_303' title='bbox 1487 4229 1674 4287; x_wconf 63' lang='grc' dir='ltr'>ἔλεγεν·</span> 
     </span>
     <span class='ocr_line' id='line_1_44' title="bbox 521 4308 1677 4379; baseline -0.006 -14"><span class='ocrx_word' id='word_1_304' title='bbox 521 4316 783 4379; x_wconf 74' lang='grc' dir='ltr'>ἐγείρεσθε,</span> <span class='ocrx_word' id='word_1_305' title='bbox 811 4311 961 4373; x_wconf 66' lang='grc' dir='ltr'>ἦλθεν</span> <span class='ocrx_word' id='word_1_306' title='bbox 979 4312 1005 4362; x_wconf 81' lang='grc' dir='ltr'><strong>ὀ</strong></span> <span class='ocrx_word' id='word_1_307' title='bbox 1029 4310 1241 4372; x_wconf 68' lang='grc' dir='ltr'>νυμφίος.</span> <span class='ocrx_word' id='word_1_308' title='bbox 1296 4310 1396 4359; x_wconf 81' lang='lat' dir='ltr'>Th.</span> <span class='ocrx_word' id='word_1_309' title='bbox 1427 4308 1677 4360; x_wconf 76' lang='lat' dir='ltr'>identifies</span> 
     </span>
     <span class='ocr_line' id='line_1_45' title="bbox 522 4390 1678 4458; baseline -0.009 -10"><span class='ocrx_word' id='word_1_310' title='bbox 522 4398 608 4448; x_wconf 83' lang='lat' dir='ltr'>the</span> <span class='ocrx_word' id='word_1_311' title='bbox 632 4392 959 4458; x_wconf 78' lang='lat' dir='ltr'>Archangel&#39;s</span> <span class='ocrx_word' id='word_1_312' title='bbox 980 4392 1122 4444; x_wconf 84' lang='lat' dir='ltr'>voice</span> <span class='ocrx_word' id='word_1_313' title='bbox 1158 4390 1279 4442; x_wconf 82' lang='lat' dir='ltr'>with</span> <span class='ocrx_word' id='word_1_314' title='bbox 1313 4390 1399 4441; x_wconf 88' lang='lat' dir='ltr'>the</span> <span class='ocrx_word' id='word_1_315' title='bbox 1432 4391 1678 4449; x_wconf 76' lang='grc' dir='ltr'>κέλευσμα</span> 
     </span>
     <span class='ocr_line' id='line_1_46' title="bbox 520 4473 1678 4543; baseline -0.005 -12"><span class='ocrx_word' id='word_1_316' title='bbox 520 4477 763 4543; x_wconf 60' lang='lat' dir='ltr'>(iussush</span> <span class='ocrx_word' id='word_1_317' title='bbox 829 4477 1010 4542; x_wconf 81' lang='lat' dir='ltr'>Chrys.</span> <span class='ocrx_word' id='word_1_318' title='bbox 1065 4476 1398 4526; x_wconf 83' lang='lat' dir='ltr'>understands</span> <span class='ocrx_word' id='word_1_319' title='bbox 1468 4474 1537 4538; x_wconf 82' lang='lat' dir='ltr'>by</span> <span class='ocrx_word' id='word_1_320' title='bbox 1590 4473 1678 4525; x_wconf 88' lang='lat' dir='ltr'>the</span> 
     </span>
    </p>
   </div>
   <div class='ocr_carea' id='block_1_11' title="bbox 1432 2711 2935 2863">
    <p class='ocr_par' dir='ltr' id='par_1_13' title="bbox 1432 2711 2935 2863">
     <span class='ocr_line' id='line_1_47' title="bbox 1572 2711 2404 2777; baseline -0.002 -15"><span class='ocrx_word' id='word_1_321' title='bbox 1572 2731 1603 2775; x_wconf 86' lang='lat'>4</span> <span class='ocrx_word' id='word_1_322' title='bbox 1639 2711 1841 2763; x_wconf 85' lang='lat' dir='ltr'>Christo</span> <span class='ocrx_word' id='word_1_323' title='bbox 1864 2711 1980 2777; x_wconf 78' lang='lat' dir='ltr'>(fhr</span> <span class='ocrx_word' id='word_1_324' title='bbox 1999 2711 2275 2771; x_wconf 86' lang='lat' dir='ltr'>Christum)</span> <span class='ocrx_word' id='word_1_325' title='bbox 2300 2712 2369 2761; x_wconf 75' lang='lat' dir='ltr'><em>H</em></span> <span class='ocrx_word' id='word_1_326' title='bbox 2372 2727 2404 2759; x_wconf 88' lang='lat' dir='ltr'>r</span> 
     </span>
     <span class='ocr_line' id='line_1_48' title="bbox 1432 2788 2935 2863; baseline -0.001 -22"><span class='ocrx_word' id='word_1_327' title='bbox 1432 2809 1465 2863; x_wconf 87' lang='lat'>9</span> <span class='ocrx_word' id='word_1_328' title='bbox 1512 2800 1768 2843; x_wconf 89' lang='lat' dir='ltr'>memento</span> <span class='ocrx_word' id='word_1_329' title='bbox 1797 2790 1900 2856; x_wconf 85' lang='lat' dir='ltr'><em>(sic)</em></span> <span class='ocrx_word' id='word_1_330' title='bbox 1925 2792 1993 2842; x_wconf 82' lang='lat' dir='ltr'><em>H</em></span> <span class='ocrx_word' id='word_1_331' title='bbox 2013 2788 2022 2857; x_wconf 91' lang='grc' dir='ltr'>Ι</span> <span class='ocrx_word' id='word_1_332' title='bbox 2048 2792 2171 2841; x_wconf 88' lang='lat' dir='ltr'>tuba</span> <span class='ocrx_word' id='word_1_333' title='bbox 2200 2800 2347 2841; x_wconf 88' lang='lat' dir='ltr'>canet</span> <span class='ocrx_word' id='word_1_334' title='bbox 2367 2807 2413 2841; x_wconf 90' lang='lat' dir='ltr'>e.</span> <span class='ocrx_word' id='word_1_335' title='bbox 2442 2792 2486 2841; x_wconf 90' lang='lat' dir='ltr'>C</span> <span class='ocrx_word' id='word_1_336' title='bbox 2507 2789 2654 2854; x_wconf 81' lang='lat' dir='ltr'>(corr)</span> <span class='ocrx_word' id='word_1_337' title='bbox 2720 2791 2853 2842; x_wconf 90' lang='lat' dir='ltr'>canit</span> <span class='ocrx_word' id='word_1_338' title='bbox 2889 2807 2935 2842; x_wconf 90' lang='lat' dir='ltr'>e.</span> 
     </span>
    </p>
   </div>
   <div class='ocr_carea' id='block_1_12' title="bbox 902 2872 1866 3006">
    <p class='ocr_par' dir='ltr' id='par_1_14' title="bbox 902 2872 1866 3006">
     <span class='ocr_line' id='line_1_49' title="bbox 902 2872 1763 2939; baseline -0.002 -12"><span class='ocrx_word' id='word_1_339' title='bbox 902 2892 955 2928; x_wconf 84' lang='lat'>11</span> <span class='ocrx_word' id='word_1_340' title='bbox 993 2883 1044 2926; x_wconf 87' lang='lat' dir='ltr'>et</span> <span class='ocrx_word' id='word_1_341' title='bbox 1064 2891 1143 2926; x_wconf 81' lang='lat' dir='ltr'>om</span> <span class='ocrx_word' id='word_1_342' title='bbox 1170 2876 1216 2926; x_wconf 91' lang='lat' dir='ltr'><em>C</em></span> <span class='ocrx_word' id='word_1_343' title='bbox 1236 2872 1382 2939; x_wconf 79' lang='lat' dir='ltr'>(corr)</span> <span class='ocrx_word' id='word_1_344' title='bbox 1410 2873 1419 2939; x_wconf 89' lang='grc' dir='ltr'>Ι</span> <span class='ocrx_word' id='word_1_345' title='bbox 1448 2875 1706 2924; x_wconf 68' lang='lat' dir='ltr'>descendit</span> <span class='ocrx_word' id='word_1_346' title='bbox 1728 2890 1763 2925; x_wconf 83' lang='lat' dir='ltr'>r</span> 
     </span>
     <span class='ocr_line' id='line_1_50' title="bbox 1342 2953 1866 3006; baseline -0.002 -1"><span class='ocrx_word' id='word_1_347' title='bbox 1342 2953 1403 3005; x_wconf 84' lang='lat'>16</span> <span class='ocrx_word' id='word_1_348' title='bbox 1433 2954 1626 3006; x_wconf 84' lang='lat' dir='ltr'>affectis</span> <span class='ocrx_word' id='word_1_349' title='bbox 1653 2954 1730 3005; x_wconf 73' lang='lat' dir='ltr'>C*</span> <span class='ocrx_word' id='word_1_350' title='bbox 1753 2956 1822 3005; x_wconf 76' lang='lat' dir='ltr'><em>H</em></span> <span class='ocrx_word' id='word_1_351' title='bbox 1833 2972 1866 3004; x_wconf 87' lang='lat' dir='ltr'>r</span> 
     </span>
    </p>
   </div>
   <div class='ocr_carea' id='block_1_13' title="bbox 412 2554 2933 2640">
    <p class='ocr_par' dir='ltr' id='par_1_15' title="bbox 412 2554 2933 2640">
     <span class='ocr_line' id='line_1_51' title="bbox 412 2554 2933 2640; baseline 0 -20"><span class='ocrx_word' id='word_1_352' title='bbox 412 2573 499 2622; x_wconf 89' lang='lat'>20</span> <span class='ocrx_word' id='word_1_353' title='bbox 523 2556 792 2622; x_wconf 89' lang='lat' dir='ltr'>obuiam</span> <span class='ocrx_word' id='word_1_354' title='bbox 854 2555 1149 2632; x_wconf 90' lang='lat' dir='ltr'>Domini,</span> <span class='ocrx_word' id='word_1_355' title='bbox 1208 2554 1304 2620; x_wconf 90' lang='lat' dir='ltr'>ita</span> <span class='ocrx_word' id='word_1_356' title='bbox 1361 2566 1437 2621; x_wconf 92' lang='lat' dir='ltr'>ut</span> <span class='ocrx_word' id='word_1_357' title='bbox 1493 2555 1630 2621; x_wconf 91' lang='lat' dir='ltr'>sint</span> <span class='ocrx_word' id='word_1_358' title='bbox 1686 2576 1950 2640; x_wconf 89' lang='lat' dir='ltr'>semper</span> <span class='ocrx_word' id='word_1_359' title='bbox 2021 2576 2174 2621; x_wconf 88' lang='lat' dir='ltr'>curn</span> <span class='ocrx_word' id='word_1_360' title='bbox 2235 2555 2550 2622; x_wconf 78' lang='lat' dir='ltr'>Domino,</span> <span class='ocrx_word' id='word_1_361' title='bbox 2638 2555 2933 2621; x_wconf 86' lang='lat' dir='ltr'>ualidam</span> 
     </span>
    </p>
   </div>
   <div class='ocr_carea' id='block_1_14' title="bbox 2566 2710 2946 2773">
    <p class='ocr_par' dir='ltr' id='par_1_16' title="bbox 2566 2710 2946 2773">
     <span class='ocr_line' id='line_1_52' title="bbox 2566 2710 2946 2773; baseline 0.003 -14"><span class='ocrx_word' id='word_1_362' title='bbox 2566 2721 2595 2773; x_wconf 79' lang='lat'>5</span> <span class='ocrx_word' id='word_1_363' title='bbox 2629 2710 2946 2761; x_wconf 78' lang='lat' dir='ltr'>dixitomH</span> 
     </span>
    </p>
   </div>
   <div class='ocr_carea' id='block_1_15' title="bbox 1959 2875 2941 3020">
    <p class='ocr_par' dir='ltr' id='par_1_17' title="bbox 1959 2875 2941 3020">
     <span class='ocr_line' id='line_1_53' title="bbox 1959 2875 2941 2940; baseline -0.002 -14"><span class='ocrx_word' id='word_1_364' title='bbox 1959 2891 2018 2938; x_wconf 83' lang='lat'>14</span> <span class='ocrx_word' id='word_1_365' title='bbox 2051 2875 2411 2940; x_wconf 85' lang='lat' dir='ltr'>percipientem</span> <span class='ocrx_word' id='word_1_366' title='bbox 2431 2882 2483 2925; x_wconf 91' lang='lat' dir='ltr'>et</span> <span class='ocrx_word' id='word_1_367' title='bbox 2506 2875 2810 2939; x_wconf 85' lang='lat' dir='ltr'>(bespraec.)</span> <span class='ocrx_word' id='word_1_368' title='bbox 2832 2875 2941 2924; x_wconf 85' lang='lat' dir='ltr'>add</span> 
     </span>
     <span class='ocr_line' id='line_1_54' title="bbox 2059 2955 2830 3020; baseline -0.001 -15"><span class='ocrx_word' id='word_1_369' title='bbox 2059 2968 2124 3004; x_wconf 63' lang='grc' dir='ltr'>σο</span> <span class='ocrx_word' id='word_1_370' title='bbox 2157 2955 2382 3005; x_wconf 87' lang='lat' dir='ltr'>Domino</span> <span class='ocrx_word' id='word_1_371' title='bbox 2405 2955 2522 3020; x_wconf 86' lang='lat' dir='ltr'>(sor</span> <span class='ocrx_word' id='word_1_372' title='bbox 2541 2955 2771 3015; x_wconf 87' lang='lat' dir='ltr'>Domini)</span> <span class='ocrx_word' id='word_1_373' title='bbox 2795 2971 2830 3004; x_wconf 86' lang='lat' dir='ltr'>r</span> 
     </span>
    </p>
   </div>
   <div class='ocr_carea' id='block_1_16' title="bbox 1780 3091 2942 4535">
    <p class='ocr_par' dir='ltr' id='par_1_18' title="bbox 1780 3091 2939 3394">
     <span class='ocr_line' id='line_1_55' title="bbox 1780 3091 2939 3144; baseline 0.001 -1"><span class='ocrx_word' id='word_1_374' title='bbox 1780 3092 1930 3144; x_wconf 87' lang='lat' dir='ltr'>latter</span> <span class='ocrx_word' id='word_1_375' title='bbox 1966 3092 2053 3143; x_wconf 91' lang='lat' dir='ltr'>the</span> <span class='ocrx_word' id='word_1_376' title='bbox 2084 3093 2353 3142; x_wconf 84' lang='lat' dir='ltr'>command</span> <span class='ocrx_word' id='word_1_377' title='bbox 2385 3091 2445 3142; x_wconf 84' lang='lat' dir='ltr'>os</span> <span class='ocrx_word' id='word_1_378' title='bbox 2477 3093 2646 3144; x_wconf 83' lang='lat' dir='ltr'>Christ</span> <span class='ocrx_word' id='word_1_379' title='bbox 2683 3098 2735 3143; x_wconf 89' lang='lat' dir='ltr'>at</span> <span class='ocrx_word' id='word_1_380' title='bbox 2770 3092 2939 3144; x_wconf 79' lang='lat' dir='ltr'>which</span> 
     </span>
     <span class='ocr_line' id='line_1_56' title="bbox 1783 3171 2939 3235; baseline 0.003 -14"><span class='ocrx_word' id='word_1_381' title='bbox 1783 3173 1870 3221; x_wconf 88' lang='lat' dir='ltr'>the</span> <span class='ocrx_word' id='word_1_382' title='bbox 1894 3172 2048 3222; x_wconf 88' lang='lat' dir='ltr'>Arch.</span> <span class='ocrx_word' id='word_1_383' title='bbox 2077 3172 2182 3221; x_wconf 80' lang='lat' dir='ltr'>will</span> <span class='ocrx_word' id='word_1_384' title='bbox 2214 3172 2390 3235; x_wconf 85' lang='lat' dir='ltr'>speak.</span> <span class='ocrx_word' id='word_1_385' title='bbox 2445 3171 2601 3221; x_wconf 90' lang='lat' dir='ltr'>Thdt.</span> <span class='ocrx_word' id='word_1_386' title='bbox 2630 3172 2939 3225; x_wconf 79' lang='lat' dir='ltr'>endeavours</span> 
     </span>
     <span class='ocr_line' id='line_1_57' title="bbox 1783 3251 2932 3313; baseline 0.002 -11"><span class='ocrx_word' id='word_1_387' title='bbox 1783 3260 1837 3302; x_wconf 90' lang='lat' dir='ltr'>to</span> <span class='ocrx_word' id='word_1_388' title='bbox 1871 3253 2104 3302; x_wconf 85' lang='lat' dir='ltr'>combine</span> <span class='ocrx_word' id='word_1_389' title='bbox 2147 3252 2288 3302; x_wconf 86' lang='lat' dir='ltr'>these</span> <span class='ocrx_word' id='word_1_390' title='bbox 2331 3251 2517 3303; x_wconf 74' lang='lat' dir='ltr'>viewsz</span> <span class='ocrx_word' id='word_1_391' title='bbox 2569 3251 2932 3313; x_wconf 64' lang='grc' dir='ltr'>κελευόμενοςζ..</span> 
     </span>
     <span class='ocr_line' id='line_1_58' title="bbox 1783 3328 2806 3394; baseline 0 -14"><span class='ocrx_word' id='word_1_392' title='bbox 1783 3328 2197 3394; x_wconf 62' lang='grc' dir='ltr'>παρακελεύηται</span> <span class='ocrx_word' id='word_1_393' title='bbox 2216 3333 2317 3382; x_wconf 73' lang='grc' dir='ltr'>τοῖς</span> <span class='ocrx_word' id='word_1_394' title='bbox 2338 3332 2512 3394; x_wconf 72' lang='grc' dir='ltr'>νεκροῖς</span> <span class='ocrx_word' id='word_1_395' title='bbox 2527 3329 2806 3392; x_wconf 71' lang='grc' dir='ltr'>ἀναστῆναι.</span> 
     </span>
    </p>

    <p class='ocr_par' dir='ltr' id='par_1_19' title="bbox 1781 3413 2941 3964">
     <span class='ocr_line' id='line_1_59' title="bbox 1846 3413 2936 3479; baseline 0.001 -16"><span class='ocrx_word' id='word_1_396' title='bbox 1846 3414 1875 3463; x_wconf 92' lang='grc' dir='ltr'><strong>Ῑ</strong></span> <span class='ocrx_word' id='word_1_397' title='bbox 1897 3414 2025 3464; x_wconf 82' lang='lat' dir='ltr'>have</span> <span class='ocrx_word' id='word_1_398' title='bbox 2048 3414 2288 3464; x_wconf 83' lang='lat' dir='ltr'>ventured</span> <span class='ocrx_word' id='word_1_399' title='bbox 2311 3422 2364 3463; x_wconf 89' lang='lat' dir='ltr'>to</span> <span class='ocrx_word' id='word_1_400' title='bbox 2385 3413 2510 3464; x_wconf 89' lang='lat' dir='ltr'>omit</span> <span class='ocrx_word' id='word_1_401' title='bbox 2534 3413 2621 3463; x_wconf 89' lang='lat' dir='ltr'>the</span> <span class='ocrx_word' id='word_1_402' title='bbox 2640 3414 2806 3464; x_wconf 83' lang='lat' dir='ltr'>words</span> <span class='ocrx_word' id='word_1_403' title='bbox 2823 3422 2936 3479; x_wconf 78' lang='lat' dir='ltr'>per-</span> 
     </span>
     <span class='ocr_line' id='line_1_60' title="bbox 1781 3493 2938 3559; baseline 0.002 -16"><span class='ocrx_word' id='word_1_404' title='bbox 1781 3493 2030 3559; x_wconf 80' lang='lat' dir='ltr'>cipientem</span> <span class='ocrx_word' id='word_1_405' title='bbox 2051 3501 2097 3544; x_wconf 81' lang='lat' dir='ltr'>et</span> <span class='ocrx_word' id='word_1_406' title='bbox 2117 3496 2219 3556; x_wconf 87' lang='lat' dir='ltr'>(see</span> <span class='ocrx_word' id='word_1_407' title='bbox 2239 3510 2320 3545; x_wconf 83' lang='lat' dir='ltr'>vv.</span> <span class='ocrx_word' id='word_1_408' title='bbox 2349 3493 2440 3558; x_wconf 88' lang='grc'><strong>11.).</strong></span> <span class='ocrx_word' id='word_1_409' title='bbox 2485 3494 2674 3559; x_wconf 66' lang='grc' dir='ltr'>Ρενιὴθ.</span> <span class='ocrx_word' id='word_1_410' title='bbox 2698 3493 2788 3544; x_wconf 87' lang='lat' dir='ltr'>has</span> <span class='ocrx_word' id='word_1_411' title='bbox 2809 3495 2938 3545; x_wconf 87' lang='lat' dir='ltr'>been</span> 
     </span>
     <span class='ocr_line' id='line_1_61' title="bbox 1782 3574 2938 3640; baseline 0 -16"><span class='ocrx_word' id='word_1_412' title='bbox 1782 3574 1886 3625; x_wconf 86' lang='lat' dir='ltr'>first</span> <span class='ocrx_word' id='word_1_413' title='bbox 1909 3575 2107 3625; x_wconf 79' lang='lat' dir='ltr'>written</span> <span class='ocrx_word' id='word_1_414' title='bbox 2129 3575 2602 3640; x_wconf 62' lang='lat' dir='ltr'>{orpraatffkmm‚</span> <span class='ocrx_word' id='word_1_415' title='bbox 2618 3574 2738 3624; x_wconf 88' lang='lat' dir='ltr'>then</span> <span class='ocrx_word' id='word_1_416' title='bbox 2758 3575 2938 3639; x_wconf 84' lang='lat' dir='ltr'>placed</span> 
     </span>
     <span class='ocr_line' id='line_1_62' title="bbox 1781 3654 2939 3719; baseline -0.002 -12"><span class='ocrx_word' id='word_1_417' title='bbox 1781 3656 1836 3707; x_wconf 87' lang='lat' dir='ltr'>in</span> <span class='ocrx_word' id='word_1_418' title='bbox 1879 3655 1965 3707; x_wconf 86' lang='lat' dir='ltr'>the</span> <span class='ocrx_word' id='word_1_419' title='bbox 2008 3663 2115 3706; x_wconf 80' lang='lat' dir='ltr'>text</span> <span class='ocrx_word' id='word_1_420' title='bbox 2155 3655 2264 3706; x_wconf 84' lang='lat' dir='ltr'>side</span> <span class='ocrx_word' id='word_1_421' title='bbox 2296 3656 2365 3719; x_wconf 81' lang='lat' dir='ltr'>by</span> <span class='ocrx_word' id='word_1_422' title='bbox 2399 3655 2506 3706; x_wconf 85' lang='lat' dir='ltr'>side</span> <span class='ocrx_word' id='word_1_423' title='bbox 2549 3654 2672 3704; x_wconf 80' lang='lat' dir='ltr'>with</span> <span class='ocrx_word' id='word_1_424' title='bbox 2711 3655 2797 3704; x_wconf 87' lang='lat' dir='ltr'>the</span> <span class='ocrx_word' id='word_1_425' title='bbox 2831 3662 2939 3705; x_wconf 90' lang='lat' dir='ltr'>true</span> 
     </span>
     <span class='ocr_line' id='line_1_63' title="bbox 1783 3735 2941 3802; baseline -0.001 -16"><span class='ocrx_word' id='word_1_426' title='bbox 1783 3737 2005 3802; x_wconf 84' lang='lat' dir='ltr'>reading,</span> <span class='ocrx_word' id='word_1_427' title='bbox 2037 3737 2137 3787; x_wconf 87' lang='lat' dir='ltr'>and</span> <span class='ocrx_word' id='word_1_428' title='bbox 2161 3735 2334 3801; x_wconf 81' lang='lat' dir='ltr'>finally</span> <span class='ocrx_word' id='word_1_429' title='bbox 2353 3736 2629 3787; x_wconf 88' lang='lat' dir='ltr'>connected</span> <span class='ocrx_word' id='word_1_430' title='bbox 2652 3735 2773 3785; x_wconf 81' lang='lat' dir='ltr'>with</span> <span class='ocrx_word' id='word_1_431' title='bbox 2802 3735 2841 3785; x_wconf 85' lang='lat' dir='ltr'>it</span> <span class='ocrx_word' id='word_1_432' title='bbox 2872 3736 2941 3800; x_wconf 86' lang='lat' dir='ltr'>by</span> 
     </span>
     <span class='ocr_line' id='line_1_64' title="bbox 1782 3816 2940 3884; baseline 0 -16"><span class='ocrx_word' id='word_1_433' title='bbox 1782 3834 1815 3868; x_wconf 88' lang='lat' dir='ltr'>a</span> <span class='ocrx_word' id='word_1_434' title='bbox 1835 3819 2033 3883; x_wconf 83' lang='lat' dir='ltr'>copula.</span> <span class='ocrx_word' id='word_1_435' title='bbox 2087 3817 2268 3884; x_wconf 85' lang='lat' dir='ltr'>Jacobi</span> <span class='ocrx_word' id='word_1_436' title='bbox 2289 3818 2449 3883; x_wconf 84' lang='lat' dir='ltr'>prints</span> <span class='ocrx_word' id='word_1_437' title='bbox 2472 3819 2899 3883; x_wconf 83' lang='lat' dir='ltr'>“praecedentem</span> <span class='ocrx_word' id='word_1_438' title='bbox 2909 3816 2940 3839; x_wconf 90' lang='lat'><strong>”</strong></span> 
     </span>
     <span class='ocr_line' id='line_1_65' title="bbox 1781 3897 2905 3964; baseline -0.003 -14"><span class='ocrx_word' id='word_1_439' title='bbox 1781 3899 2107 3964; x_wconf 57' lang='lat' dir='ltr'>forpraectp„</span> <span class='ocrx_word' id='word_1_440' title='bbox 2130 3898 2388 3963; x_wconf 78' lang='lat' dir='ltr'>following</span> <span class='ocrx_word' id='word_1_441' title='bbox 2411 3898 2542 3947; x_wconf 79' lang='lat' dir='ltr'>Rab-</span> <span class='ocrx_word' id='word_1_442' title='bbox 2568 3897 2667 3964; x_wconf 89' lang='lat' dir='ltr'>(ed.</span> <span class='ocrx_word' id='word_1_443' title='bbox 2693 3898 2905 3963; x_wconf 77' lang='lat' dir='ltr'>Migne).</span> 
     </span>
    </p>

    <p class='ocr_par' dir='ltr' id='par_1_20' title="bbox 1781 3979 2941 4211">
     <span class='ocr_line' id='line_1_66' title="bbox 1854 3979 2938 4044; baseline -0.001 -12"><span class='ocrx_word' id='word_1_444' title='bbox 1854 3995 1930 4044; x_wconf 86' lang='lat'>15.</span> <span class='ocrx_word' id='word_1_445' title='bbox 2007 3980 2259 4039; x_wconf 54' lang='lat' dir='ltr'>‘iuss-um?</span> <span class='ocrx_word' id='word_1_446' title='bbox 2289 3979 2408 4042; x_wconf 66' lang='grc' dir='ltr'>δια]</span> <span class='ocrx_word' id='word_1_447' title='bbox 2458 3981 2750 4032; x_wconf 65' lang='lat' dir='ltr'>Lanfianez</span> <span class='ocrx_word' id='word_1_448' title='bbox 2788 3983 2938 4032; x_wconf 85' lang='lat' dir='ltr'>“ius-</span> 
     </span>
     <span class='ocr_line' id='line_1_67' title="bbox 1782 4061 2941 4128; baseline 0.002 -17"><span class='ocrx_word' id='word_1_449' title='bbox 1782 4077 1894 4112; x_wconf 82' lang='lat' dir='ltr'>sum</span> <span class='ocrx_word' id='word_1_450' title='bbox 1927 4061 2009 4112; x_wconf 88' lang='lat' dir='ltr'>uel</span> <span class='ocrx_word' id='word_1_451' title='bbox 2041 4061 2216 4111; x_wconf 88' lang='lat' dir='ltr'>tubam</span> <span class='ocrx_word' id='word_1_452' title='bbox 2254 4069 2401 4112; x_wconf 87' lang='lat' dir='ltr'>uocat</span> <span class='ocrx_word' id='word_1_453' title='bbox 2439 4077 2618 4113; x_wconf 88' lang='lat' dir='ltr'>uocem</span> <span class='ocrx_word' id='word_1_454' title='bbox 2655 4062 2941 4128; x_wconf 83' lang='lat' dir='ltr'>archangeli</span> 
     </span>
     <span class='ocr_line' id='line_1_68' title="bbox 1781 4143 2345 4211; baseline -0.002 -16"><span class='ocrx_word' id='word_1_455' title='bbox 1781 4145 1869 4211; x_wconf 89' lang='lat' dir='ltr'>qui</span> <span class='ocrx_word' id='word_1_456' title='bbox 1891 4146 2024 4196; x_wconf 88' lang='lat' dir='ltr'>dicet</span> <span class='ocrx_word' id='word_1_457' title='bbox 2050 4145 2298 4211; x_wconf 60' lang='lat' dir='ltr'>‘surgite’</span> <span class='ocrx_word' id='word_1_458' title='bbox 2314 4143 2345 4168; x_wconf 89' lang='lat'>&#39;&#39;</span> 
     </span>
    </p>

    <p class='ocr_par' dir='ltr' id='par_1_21' title="bbox 1780 4225 2942 4535">
     <span class='ocr_line' id='line_1_69' title="bbox 1852 4225 2940 4293; baseline 0 -17"><span class='ocrx_word' id='word_1_459' title='bbox 1852 4239 1927 4290; x_wconf 81' lang='lat'>17.</span> <span class='ocrx_word' id='word_1_460' title='bbox 1978 4226 2279 4293; x_wconf 76' lang='lat' dir='ltr'>quiprofide</span> <span class='ocrx_word' id='word_1_461' title='bbox 2295 4242 2362 4276; x_wconf 84' lang='lat' dir='ltr'>m.</span> <span class='ocrx_word' id='word_1_462' title='bbox 2379 4225 2447 4289; x_wconf 85' lang='lat' dir='ltr'>s.]</span> <span class='ocrx_word' id='word_1_463' title='bbox 2471 4225 2551 4276; x_wconf 84' lang='lat' dir='ltr'>Cf.</span> <span class='ocrx_word' id='word_1_464' title='bbox 2565 4234 2722 4291; x_wconf 83' lang='lat' dir='ltr'>supra</span> <span class='ocrx_word' id='word_1_465' title='bbox 2742 4227 2775 4276; x_wconf 91' lang='lat' dir='ltr'>l.</span> <span class='ocrx_word' id='word_1_466' title='bbox 2792 4245 2824 4290; x_wconf 82' lang='lat'>4</span> <span class='ocrx_word' id='word_1_467' title='bbox 2841 4241 2940 4288; x_wconf 82' lang='lat' dir='ltr'>sq.:</span> 
     </span>
     <span class='ocr_line' id='line_1_70' title="bbox 1780 4307 2942 4372; baseline 0.003 -16"><span class='ocrx_word' id='word_1_468' title='bbox 1780 4307 2023 4372; x_wconf 66' lang='grc' dir='ltr'><strong><em>φοί...μο</em></strong></span> <span class='ocrx_word' id='word_1_469' title='bbox 2048 4307 2247 4358; x_wconf 65' lang='lat' dir='ltr'>Christo</span> <span class='ocrx_word' id='word_1_470' title='bbox 2268 4308 2462 4358; x_wconf 80' lang='lat' dir='ltr'>mortui</span> <span class='ocrx_word' id='word_1_471' title='bbox 2488 4314 2624 4358; x_wconf 78' lang='lat' dir='ltr'>sunt.</span> <span class='ocrx_word' id='word_1_472' title='bbox 2705 4308 2860 4358; x_wconf 86' lang='lat' dir='ltr'>Thdt.</span> <span class='ocrx_word' id='word_1_473' title='bbox 2897 4310 2942 4359; x_wconf 84' lang='lat' dir='ltr'>is</span> 
     </span>
     <span class='ocr_line' id='line_1_71' title="bbox 1782 4388 2939 4452; baseline 0.001 -14"><span class='ocrx_word' id='word_1_474' title='bbox 1782 4404 1922 4438; x_wconf 89' lang='lat' dir='ltr'>more</span> <span class='ocrx_word' id='word_1_475' title='bbox 1938 4388 2207 4440; x_wconf 80' lang='lat' dir='ltr'>inclusive:</span> <span class='ocrx_word' id='word_1_476' title='bbox 2236 4389 2281 4439; x_wconf 69' lang='grc' dir='ltr'>οἱ</span> <span class='ocrx_word' id='word_1_477' title='bbox 2305 4390 2526 4452; x_wconf 76' lang='grc' dir='ltr'>εὐσεβείᾳ</span> <span class='ocrx_word' id='word_1_478' title='bbox 2555 4390 2939 4452; x_wconf 71' lang='grc' dir='ltr'>λαμπρυνόμενοι</span> 
     </span>
     <span class='ocr_line' id='line_1_72' title="bbox 1782 4468 2801 4535; baseline 0.003 -15"><span class='ocrx_word' id='word_1_479' title='bbox 1782 4468 1963 4535; x_wconf 71' lang='grc' dir='ltr'>πρῶτοι</span> <span class='ocrx_word' id='word_1_480' title='bbox 1984 4473 2070 4532; x_wconf 69' lang='grc' dir='ltr'>τῆς</span> <span class='ocrx_word' id='word_1_481' title='bbox 2092 4471 2401 4522; x_wconf 70' lang='grc' dir='ltr'>ἀναστάσεως</span> <span class='ocrx_word' id='word_1_482' title='bbox 2423 4473 2801 4523; x_wconf 70' lang='grc' dir='ltr'>ἀπολαύσονται.</span> 
     </span>
    </p>
   </div>
   <div class='ocr_carea' id='block_1_17' title="bbox 3192 2060 3198 2932">
    <p class='ocr_par' dir='ltr' id='par_1_22' title="bbox 3192 2060 3198 2932">
     <span class='ocr_line' id='line_1_73' title="bbox 3192 2060 3198 2932; baseline 0 0"><span class='ocrx_word' id='word_1_483' title='bbox 3192 2060 3198 2932; x_wconf 95' lang='lat' dir='ltr'> </span> 
     </span>
    </p>
   </div>
  </div>
 </body>
</html>
