3221 5116
480 371 605 434 140
1146 347 1604 419 THEonoRuS
1655 365 2241 418 MOPSUESTENUS
2512 354 2660 439 [IV.
2704 372 2818 417 1—-
2833 369 2887 435 3.

469 540 722 604 haeresi
769 551 835 605 et
882 562 1116 605 omnes
1156 542 1269 624 qui
1317 541 1645 622 eiusmodi
1687 551 1861 615 sunt,
1896 542 2199 606 similiter
2234 542 2383 626 quis
2429 542 2779 626 perspiciet
2821 552 2890 607 et

471 646 739 726 nuptias
769 645 1135 726 dampnare
1166 654 1233 708 et
1264 665 1562 708 escarum
1595 666 1790 709 usum
1822 647 2011 729 quasi
2045 646 2468 710 inhonestum
2500 647 2847 710 criminare
2872 668 2887 724 ;

468 754 537 809 et
568 746 747 829 quod
790 748 1179 811 adnitantur
1215 748 1566 811 ostendere
1607 768 1875 811 carnem
1919 770 1958 811 a
1999 748 2298 812 Domino
2333 769 2463 811 non
2507 748 2708 812 fuisse
2748 751 2890 810 sus-

468 857 755 930 ceptam.
848 850 1329 914 intendendum
1375 871 1535 914 uero
1579 850 2149 933 quemadmodum
2191 852 2602 914 amarissime
2641 869 2892 912 memo-

403 961 434 1029 5
472 958 654 1013 ratus
695 971 940 1027 eorum,
975 961 1043 1015 et
1089 963 1162 1016 ut
1208 952 1639 1016 uehementer
1684 954 1988 1016 instituat
2035 954 2119 1016 de
2166 953 2294 1016 illis
2331 954 2442 1037 qui
2488 955 2615 1015 ista
2651 952 2890 1016 docere

474 1058 537 1120 in
587 1059 965 1122 nouissimis
1003 1058 1414 1140 temporibus
1452 1058 1788 1140 incipient,
1837 1059 2187 1139 spirituum
2237 1058 2603 1120 alienorum
2658 1056 2889 1122 seduc-

472 1161 689 1225 tiones
734 1183 847 1225 eas
892 1182 1036 1225 esse
1066 1162 1310 1238 dicem„
1344 1171 1411 1225 et
1445 1162 1817 1225 ‘doctrinas
1848 1163 2351 1226 daemoniorum
2373 1162 2387 1187 ’
2420 1182 2668 1225 uocans
2701 1160 2889 1238 illas;
2954 1233 2961 1239 .

378 1301 381 1304 ι
473 1263 566 1325 sic
611 1283 885 1345 grauem
917 1263 1152 1327 horum
1200 1262 1676 1345 professionem
1728 1284 1871 1327 esse
1919 1265 2368 1329 existimabat.
2456 1265 2626 1328 bene
2668 1273 2892 1327 autem

471 1368 790 1451 quoniam
857 1368 1035 1431 dixit
1094 1366 1453 1450 hypocrisin
1501 1368 1944 1434 mendacium.
2032 1390 2267 1433 omnes
2313 1369 2436 1432 ·isti
2478 1368 2893 1434 Christianos

371 1486 449 1532 10
474 1492 547 1535 se
613 1492 758 1535 esse
818 1471 1135 1537 simulant
1209 1483 1278 1536 et
1351 1473 1656 1536 doctrina
1723 1493 1843 1536 sua
1910 1474 2229 1537 maiorem
2300 1494 2370 1537 se
2438 1481 2664 1536 tenere
2741 1493 2893 1556 pro-

476 1578 751 1642 mittunt
788 1578 1185 1656 castitatem,
1228 1576 1510 1641 multum
1563 1598 1723 1641 uero
1775 1576 2043 1659 pietatis
2080 1577 2410 1640 contraria
2447 1598 2561 1640 eos
2605 1576 2716 1658 qui
2769 1576 2892 1639 sibi

476 1681 944 1765 obtemperant
1009 1681 1095 1744 de
1157 1680 1425 1746 Christo
1483 1682 1724 1745 docere
1783 1681 2214 1759 adnituntur;
2276 1682 2504 1745 omnia
2557 1702 2717 1745 uero
2779 1681 2893 1744 illa
2970 1702 2974 1707 ·

474 1803 648 1865 quae
679 1784 983 1849 luxuriae
1013 1794 1168 1848 sunt
1210 1783 1427 1867 plena,
1458 1803 1631 1866 quae
1661 1793 1728 1847 et
1770 1803 2039 1847 omnem
2073 1786 2139 1847 in
2183 1805 2254 1847 se
2299 1784 2645 1847 continent
2675 1783 2895 1864 praui-

477 1896 707 1964 tatem‚
738 1886 863 1967 ipsi
891 1886 1061 1949 inter
1092 1906 1161 1949 se
1194 1905 1390 1968 agere
1420 1906 1572 1951 cum
1607 1886 1790 1949 omni
1822 1895 2181 1968 properant
2212 1884 2672 1949 sollicitudine.
2722 1904 2894 1967 quae

372 1995 442 2061 15
479 1990 780 2074 inprimis
826 1990 911 2053 ad
952 1987 1224 2071 plenum
1275 1988 1466 2052 silere
1514 1990 1828 2053 uidentur
1851 2010 1867 2066 3
1915 1989 2100 2052 atubi
2133 2009 2292 2052 uero
2327 2008 2445 2070 per
2474 1985 2656 2049 illam
2689 2005 2893 2068 quam

478 2090 710 2156 ineunt
756 2091 1248 2155 simulationem
1296 2090 1584 2176 aliquem
1636 2093 1961 2156 instanter
2006 2091 2266 2155 suaderi
2313 2090 2435 2154 sibi
2492 2109 2610 2170 per
2667 2088 2895 2151 omnia

477 2193 788 2269 fecerunt,
822 2203 982 2257 tunc
1015 2192 1127 2257 illa
1168 2195 1582 2258 sermonibus
1626 2194 2027 2277 quibusdam
2070 2194 2413 2257 adducunt
2456 2191 2540 2255 ad
2582 2190 2895 2263 medium,

477 2297 836 2360 suadentes
867 2306 941 2360 ut
973 2295 1088 2360 illa
1118 2305 1444 2380 peragant
1474 2298 1665 2379 quasi
1713 2296 1981 2380 pietatis
2024 2315 2227 2379 opera
2266 2292 2684 2376 perficientes
2721 2310 2898 2374 quae

477 2399 698 2464 omnis
743 2408 900 2463 sunt
941 2400 1295 2482 spurcitiae
1334 2398 1550 2484 plena.
1641 2408 1710 2463 et
1739 2399 1866 2462 hoc
1907 2400 2200 2462 inueniet
2241 2398 2390 2480 quis
2429 2396 2482 2458 si
2522 2394 2634 2458 illa
2671 2393 2899 2458 omnia

584 2607 604 2641 1
653 2605 780 2656 quos
802 2589 1039 2654 perspicit
1068 2590 1114 2640 C
1132 2588 1280 2654 (corr)
1512 2606 1543 2640 a
1577 2588 1832 2639 criminari
1861 2588 1904 2638 C
1919 2589 2067 2649 (corr)
2084 2604 2116 2636 r
2363 2585 2396 2636 6
2428 2585 2759 2650 malignorum
2786 2583 2903 2649 (sor

477 2671 649 2733 alien.)
673 2688 707 2721 r
822 2685 855 2736 9
886 2671 941 2722 in
962 2671 1216 2736 hypocrisi
1248 2670 1628 2721 mendaciorum
1656 2671 1700 2723 C
1719 2672 1868 2732 (corr)
1893 2670 1946 2719 in
1977 2668 2229 2737 hypocrisi
2252 2668 2560 2734 loquentium
2582 2666 2898 2716 mendacium

477 2770 512 2802 r
535 2751 544 2818 Ι
573 2769 693 2803 nam
716 2751 823 2820 (bes
830 2752 1021 2817 omnes)
1045 2753 1151 2802 add
1166 2770 1200 2803 r
1409 2769 1429 2804 1
1444 2768 1461 2802 1
1501 2752 1678 2821 pietati
1706 2753 1750 2802 C
1772 2752 1917 2817 (corr)
2120 2767 2176 2801 η
2212 2751 2453 2800 adnititur
2488 2750 2535 2799 C
2547 2748 2575 2773 ⁴*
2590 2750 2658 2799 H
2839 2763 2899 2813 14

476 2850 625 2899 agere
650 2834 745 2900 (ast
764 2835 893 2885 inter
924 2834 997 2899 se)
1021 2851 1099 2884 om
1128 2835 1172 2884 C
1198 2832 1207 2899 Ι
1234 2835 1405 2884 omnia
1427 2835 1487 2884 H
1686 2846 1740 2896 15
1777 2832 1931 2883 adubi
1959 2833 2003 2882 C
2013 2831 2125 2881 *H
2144 2830 2153 2897 Ι
2180 2833 2245 2880 ad
2279 2830 2419 2881 illam
2440 2847 2570 2897 quae
2591 2831 2661 2880 H
2841 2844 2897 2895 17

476 2916 685 2967 fecerint
714 2916 758 2967 C
778 2916 927 2978 (corr)
956 2913 965 2981 Ι
996 2917 1048 2966 in
1084 2915 1197 2981 (for
1215 2915 1301 2980 ad)
1327 2932 1361 2965 r
1526 2929 1584 2980 19
1621 2915 1760 2965 omni
1779 2914 1897 2979 (sor
1916 2912 2100 2974 omnis)
2128 2911 2339 2963 6¹11,-

1739 3076 1989 3126 Ambrstr.
2017 3076 2090 3124 ad
2103 3076 2154 3124 le.
2184 3075 2236 3135 l.,
2268 3074 2401 3124 cited
2429 3074 2481 3124 in
2511 3073 2597 3129 the
2630 3073 2726 3123 last
2759 3080 2894 3122 note.

1740 3158 1817 3207 As
1851 3167 1903 3207 to
1928 3158 2175 3218 Marcion,
2206 3173 2372 3223 comp.
2406 3158 2544 3212 Tert.
2577 3159 2696 3208 adu.
2727 3159 2894 3211 Marc.

477 3080 559 3128 καὶ
572 3075 905 3140 Ἐ’γκρατιτῶν
921 3079 1002 3127 καὶ
1016 3077 1397 3140 Μαρκιωνιστῶν
1417 3079 1495 3128 καὶ
1514 3096 1635 3128 παν-

476 3162 557 3211 τὸς
594 3162 751 3209 αὐτῶν
788 3163 873 3209 τοῦ
908 3162 1231 3224 ἐργαστηρίου
1270 3163 1424 3211 ταῦτά
1464 3169 1635 3223 φησιν.

479 3243 756 3292 Ambrstr.:
826 3243 1100 3292 “doctrina
1106 3281 1223 3292 ......
1231 3258 1359 3307 quae
1403 3258 1536 3292 nunc
1582 3243 1636 3293 in
1743 3254 1791 3291 ιε
1817 3240 2067 3304 “nuptias
2090 3238 2365 3299 abstulit;’'
2395 3240 2453 3290 dc
2474 3242 2626 3289 ieiun.
2658 3255 2737 3309 15:
2773 3242 2896 3303 “[a-

480 3323 810 3381 Marcionitis,
837 3323 1067 3389 quamuis
1093 3339 1254 3389 paene
1280 3323 1629 3382 defecerint,...

479 3413 565 3456 aut
595 3407 810 3457 maxime
837 3408 890 3456 in
921 3406 1232 3456 Manichaeis
1254 3407 1543 3465 denotatur;
1578 3406 1631 3456 hi

479 3489 614 3539 enim
637 3495 687 3539 et
711 3489 963 3539 Christum
998 3498 1171 3539 natum
1209 3496 1395 3553 negant
1428 3496 1477 3539 et
1507 3505 1634 3554 nup·

479 3572 576 3624 tias
626 3572 892 3638 prohibent
945 3582 994 3622 et
1039 3572 1391 3622 abstinendum
1437 3587 1467 3621 a
1510 3572 1637 3622 cibis

478 3654 695 3706 tradunt.
706 3653 736 3676 '’

546 3735 920 3797 Marcionistas]
997 3733 1421 3785 “'Marcionitae’'
1461 3735 1503 3784 is
1552 3735 1637 3786 the

479 3817 607 3868 form
645 3818 767 3867 used
800 3817 867 3880 by
897 3816 1173 3866 Tertullian
1205 3817 1282 3877 (de
1308 3822 1525 3880 praescr.
1553 3831 1631 3884 29,

478 3900 600 3949 adu.
645 3901 811 3948 Marc.
861 3899 928 3960 8),
976 3898 1196 3963 Cyprian
1242 3902 1328 3962 (ep.
1384 3910 1445 3961 73
1489 3900 1516 3959 5
1561 3899 1633 3962 4),

480 3982 727 4032 Ambrstr.
749 3980 801 4043 (1.
812 3979 880 4044 c.)
894 3998 907 4040 ς
933 3985 964 4009 “
977 3980 1329 4031 Marcionistae
1340 3978 1369 4001 '’
1390 3980 1636 4044 (Μαρκιω-

482 4060 668 4122 νιστής,
700 4062 915 4126 Hippol.
947 4063 1076 4126 phil.
1112 4062 1196 4112 vii.
1228 4064 1308 4126 31)
1342 4063 1384 4112 is
1406 4061 1560 4114 found
1585 4063 1638 4113 in

481 4145 567 4196 the
596 4144 780 4208 jurists.
849 4144 1223 4200 Marcianistas‚
1270 4146 1636 4202 Valentiniani,

480 4242 567 4276 are
593 4224 718 4274 both
748 4224 965 4290 perhaps
994 4242 1153 4276 errors
1175 4225 1235 4276 of
1257 4227 1605 4293 transcription
1621 4246 1637 4290 ς

484 4307 854 4367 Μαρκιανιστῶν
911 4322 1138 4371 appears,
1198 4307 1444 4368 however,
1507 4325 1562 4359 as
1606 4327 1638 4360 a

480 4389 633 4440 varia
655 4389 789 4438 latio
809 4387 861 4437 in
885 4387 1059 4454 Chrys.
1089 4390 1125 4439 l.
1139 4406 1180 4438 c.

553 4488 596 4525 ι.
662 4478 711 4521 et
754 4470 956 4534 nuptias
1005 4471 1295 4536 dampnare,
1347 4472 1465 4533 δια]
1550 4474 1634 4524 Cf.

1737 3323 1983 3389 postolus]
2011 3324 2243 3392 reprobat
2275 3324 2387 3373 illos
2417 3324 2502 3389 qui
2534 3324 2738 3375 iubeant
2768 3325 2896 3380 cibis

1738 3407 2003 3465 abstinere,
2052 3406 2141 3455 sed
2190 3405 2255 3456 de
2310 3406 2626 3469 prouidentia
2682 3406 2897 3472 Spiritus

1737 3490 1896 3541 sancti
1933 3490 2296 3554 praedamnans
2336 3488 2435 3538 iam
2474 3488 2748 3539 haereticos
2786 3506 2896 3555 per-

1740 3580 1942 3636 petuam
2006 3570 2358 3620 abstinentiam
2427 3582 2778 3636 praecepturos
2831 3575 2898 3623 ad

1738 3652 2040 3703 destruenda
2056 3661 2106 3702 et
2121 3653 2444 3718 despicienda
2462 3670 2614 3717 opera
2629 3655 2895 3713 Creatoris,

1738 3736 1911 3800 quales
1951 3735 2203 3785 inueniam
2241 3735 2374 3799 apud
2416 3736 2722 3786 Marcionem
2739 3734 2796 3798 ;”
2839 3739 2897 3787 de

1736 3832 1888 3868 carne
1926 3817 2047 3866 Chr.
2090 3830 2140 3865 1:
2206 3817 2544 3879 “[Marcion],
2595 3826 2649 3866 ut
2694 3833 2895 3868 carnem

1739 3899 1925 3949 Christi
1971 3906 2191 3963 negaret,
2231 3898 2431 3962 negauit
2470 3899 2622 3947 etiam
2662 3900 2894 3950 natiuita-

1740 3967 1896 4032 iem.”
1963 3981 2177 4045 Hippol.
2192 3981 2323 4044 phil.
2350 3979 2433 4031 vii.
2461 3995 2556 4043 30:
2589 3982 2708 4043 φερε
2743 3984 2838 4044 zm,-
2861 3980 2900 4032 ὦ

1742 4063 2242 4126 Μαρκίων...κωλύεις
2282 4064 2475 4125 γαμεῖν,
2522 4062 2740 4123 τεκνοῦν,
2780 4062 2896 4115 dr&-

1740 4145 1918 4204 χεσθαι
1940 4140 2222 4205 βρωμάτων.

1805 4239 1854 4290 9.
1920 4240 2087 4274 omnes
2108 4224 2194 4273 isti
2213 4224 2542 4288 Christianos,
2563 4226 2678 4288 δια]
2713 4229 2899 4279 Thdt.:

1738 4308 1796 4356 τὸ
1836 4309 1887 4357 δὲ
1930 4308 2004 4356 ’ἐν
2049 4306 2295 4369 ὑποκρίσει
2340 4307 2412 4372 tp)
2443 4309 2679 4368 τέθεικεν,
2729 4310 2898 4369 ἐπειδὴ

1738 4392 1829 4449 τὴν
1859 4394 2195 4453 χριστιανικὴν
2223 4391 2409 4441 ἑαυτοῖς
2436 4393 2684 4442 ἐπιθέντες
2713 4410 2894 4455 προση-

1737 4474 1908 4535 γορίαν
1929 4471 2144 4535 ἄντικρυς
2166 4473 2358 4522 ἐναντία
2382 4473 2700 4523 διδάσκουσιν.
