3221 5116
248 391 298 456 I.
340 410 432 467 11,
475 391 592 475 12.]
771 403 855 453 IN
904 403 1008 454 ΕΡ.
1054 404 1157 454 AD
1203 402 1954 456 THESSALONICENSES
2001 405 2075 454 11.

2571 397 2658 463 47

242 583 306 637 et
332 572 684 658 mirzficari
711 574 781 636 in
826 572 1121 637 omnibus
1161 572 1280 655 qui
1312 573 1738 653 crediderunt,
1772 584 1845 639 ut
1885 575 1972 639 sit
2003 575 2070 638 in
2108 571 2331 637 medio
2367 569 2660 654 positum

244 676 550 759 quoniam
595 667 910 740 credit'um
948 686 1044 739 est
1083 678 1492 761 euangelium
1526 688 1828 745 nostrum,
1859 680 1928 742 in
1969 679 2166 755 uobis,
2199 675 2378 761 et[si]
2432 695 2662 739 secun·

246 778 409 840 dum
471 798 738 842 Sensum
800 779 1239 842 nouissimum
1300 781 1512 844 iacere
1571 782 1894 846 uideatur.
1988 781 2133 846 uult
2200 781 2378 845 enim
2443 780 2663 842 dicere

246 881 564 961 quoniam
588 887 603 912 ‘
622 883 990 945 secundum
1016 880 1205 945 illum
1231 881 1408 946 diem
1439 884 1766 966 gloriosus
1799 894 1867 948 et
1893 883 2213 947 mirabilis
2239 881 2570 946 uidebitur
2595 880 2661 942 in

246 981 349 1043 his
380 983 497 1065 qui
528 983 653 1047 sibi
686 986 1123 1061 crediderunt,
1157 1004 1276 1066 per
1304 984 1418 1049 illa
1455 986 1633 1049 bona
1664 1007 1837 1069 quae
1873 1006 2030 1069 erga
2062 985 2208 1048 illos
2246 985 2458 1057 faciet,
2492 1000 2664 1065 quae

248 1086 453 1147 etiam
479 1096 547 1150 et
572 1107 692 1149 uos
717 1087 875 1151 estis
908 1086 1181 1161 fruituri,
1207 1107 1288 1150 eo
1312 1087 1490 1170 quod
1517 1088 1890 1151 doctrinam
1916 1097 2212 1151 nostram
2231 1080 2663 1168 ·recepistiS.*'

245 1188 338 1250 sic
369 1208 490 1271 per
520 1190 745 1253 omnia
777 1190 1139 1254 adhortans
1170 1191 1576 1256 reuelatione
1608 1213 1837 1256 eorum
1884 1214 2056 1275 quae
2093 1201 2552 1274 expectantur,
2583 1209 2665 1252 eo

247 1292 427 1371 quod
461 1291 854 1356 aduersariis
887 1313 1130 1376 magna
1173 1294 1534 1358 inferentur
1575 1305 1925 1371 tormenta,
1959 1305 2026 1359 et
2055 1295 2236 1378 quod
2268 1311 2664 1375 magnorum

246 1397 578 1460 bonorum
611 1396 987 1461 fruitionem
1021 1408 1384 1480 expectent
1415 1400 1629 1480 potire
1661 1400 2025 1477 credenteS,
2059 1400 2303 1464 adicit:

379 1572 451 1635 in
503 1572 681 1654 quod
714 1580 776 1635 et
818 1592 926 1635 oro
966 1583 1209 1655 semper
1233 1584 1359 1655 pro
1402 1572 1598 1649 uobis,
1631 1584 1707 1636 ut
1748 1594 1861 1636 uos
1905 1573 2136 1656 dzgrnos
2179 1571 2502 1636 uacatione
2543 1592 2665 1634 sua

246 1676 431 1739 Deus
478 1675 725 1751 habeat,
767 1684 831 1738 et
882 1674 1143 1757 impleat
1174 1696 1356 1737 omne
1386 1674 1706 1758 placitum
1753 1676 2060 1740 bonitatis
2100 1684 2164 1739 et
2204 1686 2357 1757 opus
2382 1673 2556 1757 fidei
2597 1672 2668 1735 in

247 1779 494 1842 uirtute
510 1802 541 1853 ,·
606 1787 684 1841 ut
728 1765 1136 1860 glorificetur
1173 1799 1399 1841 nomen
1442 1778 1698 1842 domini
1739 1779 1949 1842 nostri
1990 1779 2058 1842 in
2105 1778 2286 1842 uobis
2326 1788 2392 1843 et
2431 1799 2545 1842 uos
2599 1777 2668 1841 in

250 1881 394 1963 ipsa,
424 1879 775 1944 secundum
794 1881 1096 1962 gratiam
1126 1879 1260 1943 Dei
1285 1882 1494 1944 nostri
1517 1891 1582 1945 et
1605 1881 1861 1944 domini
1884 1879 2034 1944 Iesu
2073 1879 2333 1945 Christi.

380 2023 397 2052 ‘
419 2039 545 2101 pro
577 2017 680 2081 his
711 2038 884 2100 quae
927 2018 1089 2081 talia
1130 2029 1285 2082 sunt
1322 2040 1824 2101 perseueramus
1867 2040 1986 2102 pro
2024 2019 2215 2083 uobis
2260 2026 2543 2092 oranteS,
2578 2016 2672 2079 ita

243 2133 316 2187 ut
362 2123 610 2207 dignos
658 2142 778 2185 uos
828 2121 1154 2186 bonorum
1204 2123 1467 2186 illorum
1517 2123 1837 2188 exhibeat
1889 2126 2091 2203 Deus,
2142 2126 2211 2188 in
2264 2144 2547 2208 quorum
2599 2134 2670 2190 et

252 2333 627 2404 menica-cm
676 2325 1045 2393 ἀποδοτέον·
1097 2326 1202 2394 ἵνα
1243 2327 1287 2413 ᾔ
1334 2326 1440 2393 διὰ
1484 2326 1693 2410 μέσου
1737 2327 2034 2410 κείμενον
2083 2325 2158 2390 τὸ
2205 2327 2293 2391 ὅτι
2349 2326 2671 2403 ἐπιετεΫθΗ

251 2432 323 2496 τό
381 2434 712 2518 ΜαΡτῨριοΝ
777 2432 962 2495 &imbrs
1026 2430 1123 2509 ἐφ’
1177 2432 1348 2507 Ῠιυιᾶο,
1401 2433 1770 2496 τελευταῖον
1824 2429 1895 2494 ὂν
1940 2432 2022 2514 τῇ
2068 2430 2181 2507 τῆς
2234 2427 2473 2496 ἐννοίας
2522 2425 2674 2493 ἀκο-

251 2534 506 2626 λουθίᾳ.
600 2530 922 2613 βούλεται
950 2532 1078 2621 ογὰρ
1111 2531 1312 2600 εἰπεῖν
1343 2528 1444 2598 ὅτι
1473 2539 1488 2565 ‘
1507 2531 1652 2598 κατ’
1686 2531 1933 2612 ἐκείνην
1962 2529 2081 2610 τὴν
2109 2529 2352 2617 ἡμέραν
2381 2527 2676 2612 ἐπίδοξος

253 2635 359 2700 καὶ
421 2632 798 2715 θαυμαστὸς
856 2634 925 2698 ἐν
981 2638 1115 2703 τοῖς
1173 2633 1695 2699 πεπιστευκόσιν
1753 2631 2124 2732 φανήσεται
2177 2629 2284 2695 διὰ
2337 2633 2467 2696 τῶν
2525 2631 2677 2718 περὶ

2703 1588 2781 1635 10

254 2737 465 2805 αὐτῶν
494 2738 784 2821 ἀγαθῶν
829 2735 915 2802 ὧν
945 2736 1022 2821 δὴ
1053 2737 1163 2803 καὶ
1205 2735 1385 2819 ὑμεῖς
1433 2735 1872 2811 ἀπελαύσατε,
1918 2732 2036 2801 ἅτε
2080 2732 2155 2816 δὴ
2202 2733 2322 2815 τὴν
2368 2733 2674 2800 &Bao-lca·
2706 2746 2790 2794 20

255 2840 407 2908 λίαν
434 2840 624 2926 ἡμῶν
653 2839 1208 2925 παραδεξάμενοι.’

358 3048 384 3081 2
420 3032 462 3082 si
484 3047 566 3081 om
597 3031 641 3079 C
651 3031 718 3079 Η
721 3047 753 3079 r
945 3049 976 3093 4
1010 3031 1247 3096 quoniam
1267 3046 1345 3079 om
1369 3047 1401 3078 r

259 3129 290 3180 9
321 3115 471 3179 potiri
501 3113 549 3163 C
569 3111 715 3176 (corr)
742 3128 774 3160 r
993 3128 1052 3162 10
1085 3113 1136 3162 in
1160 3128 1261 3178 quo
1278 3128 1311 3162 r

260 3195 347 3245 illo
370 3195 467 3260 (ast
489 3195 698 3255 Christi)
722 3193 826 3243 add
848 3193 891 3243 C
902 3194 969 3243 H
975 3208 1030 3244 r:
1065 3211 1135 3244 see
1155 3202 1263 3244 note

1596 3040 1624 3090 5
1661 3044 1746 3078 eos
1771 3027 1887 3091 (jbr
1906 3028 2040 3088 illos)
2065 3044 2096 3076 r

1529 3127 1582 3161 11
1623 3126 1825 3160 ornnem
1847 3110 1914 3158 H

2288 3026 2319 3077 6
2353 3027 2637 3092 suscepistis
2659 3029 2684 3076 Ι

2116 3123 2172 3172 13
2199 3108 2250 3157 in
2271 3108 2417 3158 uobis
2439 3117 2491 3159 et
2513 3125 2603 3159 uos
2626 3110 2678 3159 in

262 3359 317 3393 as
350 3342 395 3392 if
414 3343 453 3392 it
481 3343 586 3392 had
618 3343 743 3392 been
777 3358 808 3391 a
840 3342 1017 3392 future.
1085 3343 1226 3392 Thus
1255 3343 1408 3392 Dam.

1521 3343 1727 3405 χόμεθα..
1778 3343 1842 3394 Ο.
1875 3344 1934 3392 L.
1961 3344 2062 3393 and
2086 3343 2237 3408 Vulg.
2273 3345 2377 3394 “in
2400 3361 2500 3410 quo
2523 3347 2676 3396 etiam

265 3440 397 3487 says:
433 3425 465 3483 ἡ
504 3420 714 3482 ἀλήθεια
749 3422 941 3483 (φησὶν)
981 3419 1105 3483 αὕτη
1146 3422 1210 3484 ἦν
1238 3441 1418 3483 μαρτυ-

1521 3425 1772 3475 oramus.”
1851 3426 1962 3475 The
2012 3426 2232 3488 singular
2281 3425 2324 3474 is
2374 3426 2674 3476 abandoned

264 3505 431 3565 ροῦμεν
452 3506 548 3564 νῦν,
580 3498 647 3564 τῆ
674 3504 837 3552 πίστει
871 3501 997 3561 ὑμῶν
1019 3506 1099 3551 καὶ
1131 3500 1347 3564 ὑπομονῇ
1368 3506 1420 3552 ἐν

266 3588 421 3647 ἐκείνῃ
441 3587 510 3650 τῇ
533 3586 686 3649 ἡμέρᾳ
723 3604 899 3634 πιστε
918 3586 1213 3644 υθήσεται.
1259 3586 1419 3636 Oec.:

266 3669 316 3715 ἐν
334 3668 431 3731 γὰρ
452 3663 520 3729 τῇ
542 3667 655 3716 τότε
676 3665 830 3728 ἡμέρᾳ
855 3667 1172 3726 ’γενήσεται
1212 3667 1421 3729 φανερὸν

267 3751 338 3798 ὅτι
356 3748 689 3800 ἐπιστεύσατε.
731 3749 843 3798 The
862 3748 1007 3798 Pesh.
1024 3748 1124 3797 had
1142 3756 1216 3798 set
1234 3748 1321 3797 the
1338 3765 1421 3797 ex-

268 3862 431 3927 ample
458 3843 901 3944 (Qum
951 3840 1416 3953 ρωωὸιὸιπ).

335 3993 381 4044 6.
438 3995 547 4044 (πίε
562 3995 814 4059 finitum]
859 3998 955 4047 See
989 3996 1090 4045 Gk.
1138 3996 1246 4046 Our
1268 4002 1423 4044 trans·

269 4076 396 4126 lator
438 4077 597 4128 either
640 4079 758 4129 read
803 4077 1125 4139 ἀπολαύσετε,
1178 4094 1235 4127 or
1278 4078 1425 4127 made

272 4160 403 4209 what
435 4162 502 4211 he
532 4162 801 4212 conceived
825 4170 877 4211 to
900 4164 963 4212 be
985 4179 1014 4212 a
1036 4178 1295 4225 necessary
1318 4178 1423 4211 cor·

274 4242 474 4292 rection.
543 4243 652 4293 The
692 4259 794 4293 aor.
832 4243 873 4293 is
905 4244 1136 4292 however
1170 4243 1306 4307 quite
1339 4244 1425 4291 de·

275 4322 478 4373 sensible
500 4324 624 4375 from
648 4325 787 4374 Th.‘s
810 4325 950 4391 point
974 4324 1032 4373 of
1059 4324 1186 4374 view
1206 4340 1219 4382 3
1255 4340 1338 4374 see
1360 4341 1427 4373 on

278 4406 390 4456 Gal.
415 4424 460 4457 v.
492 4422 570 4470 24.

349 4504 421 4538 ιο.
488 4489 543 4538 in
574 4490 708 4554 quod
738 4497 785 4539 et
814 4489 918 4552 oro]
952 4492 1018 4541 εἰς
1054 4489 1082 4539 ὅ
1110 4491 1189 4539 καὶ
1225 4506 1427 4550 προσευ·

1522 3509 1573 3555 in
1615 3506 1700 3555 the
1743 3514 2116 3569 commentary3
2160 3522 2242 3556 see
2281 3505 2461 3565 below,
2510 3506 2541 3555 l.
2595 3521 2668 3569 ¹4·

1521 3589 1718 3652 ngmos
1763 3589 1950 3648 habeat,
1991 3588 2255 3651 plectrum,
2293 3602 2350 3636 so
2397 3588 2644 3636 Ambrstr.
2659 3604 2674 3645 ς

1524 3673 1587 3722 Ο.
1607 3673 1669 3721 L.
1692 3671 1961 3736 generally,
1992 3672 2091 3720 and
2120 3671 2291 3733 Vulg„
2339 3671 2373 3695 “
2391 3668 2675 3732 dignetur‚”

1529 3749 1940 3801 “uoluntatem’'
2006 3750 2109 3798 For
2154 3749 2342 3798 εὐδοκία
2385 3763 2476 3797 our
2519 3755 2675 3797 trans-

1524 3833 1654 3883 lator
1698 3832 1892 3896 usually
1946 3831 2112 3880 writes
2165 3831 2344 3879 bonum
2398 3829 2675 3893 placitum3

1525 3931 1607 3965 see
1635 3916 1766 3981 Eph.
1795 3916 1827 3965 i.
1857 3932 1903 3977 5,
1928 3933 1975 3983 9,
1998 3915 2127 3965 Phil.
2163 3916 2196 3963 i.
2219 3929 2295 3979 15,
2320 3916 2370 3965 ii.
2405 3929 2461 3976 13
2500 3914 2674 3978 (note).

1526 3998 1593 4045 In
1626 3996 1763 4045 uobis
1784 4004 1830 4044 et
1857 4013 1944 4045 uos
1978 3997 2037 4045 in
2068 3997 2153 4045 illo
2190 3997 2286 4056 (vv.
2313 3997 2391 4056 11.)
2415 3996 2458 4046 is
2491 3997 2677 4062 simply

1526 4094 1556 4126 a
1590 4078 1854 4141 repetition
1888 4076 1947 4126 of
1978 4094 2009 4127 a
2044 4083 2156 4142 part
2196 4077 2255 4126 os
2288 4079 2372 4129 the
2405 4079 2677 4142 preceding

1526 4159 1646 4214 line,
1693 4159 1813 4208 with
1860 4159 1963 4223 tpso
2007 4159 2238 4223 replaced
2283 4160 2352 4223 by
2389 4159 2476 4208 the
2521 4159 2673 4224 Vulg.

1532 4240 1724 4291 “illo.‘’
1791 4243 1887 4292 But
1923 4244 1987 4291 its
2009 4258 2302 4291 occurrence
2339 4242 2391 4290 in
2426 4242 2550 4291 both
2586 4258 2678 4291 our

1528 4325 1684 4375 MSS.
1720 4325 1818 4373 and
1856 4325 1905 4375 in
1945 4326 2183 4374 Rabanus
2211 4324 2254 4375 is
2281 4324 2593 4389 noteworthy
2623 4341 2678 4375 as

1528 4406 1761 4471 pointing
1806 4414 1859 4457 to
1903 4424 1966 4457 an
2007 4424 2143 4457 error
2187 4407 2239 4457 in
2279 4405 2408 4456 their
2444 4422 2680 4457 common

1528 4487 1812 4552 archetype.
