3221 5116
517 405 552 471 3
570 407 645 469 14
674 442 679 449 .
1491 403 1874 454 APPENDIX
1920 403 1984 452 A.

513 571 741 649 Μαρίας
771 571 1122 654 γεγέννηται,
1150 571 1485 654 γεγέννηται
1520 571 1581 631 δὲ
1621 575 1684 632 ἐκ
1779 583 1955 633 natus
2014 581 2118 632 est.
2214 581 2389 631 natus
2447 579 2650 631 autem
2712 578 2802 628 est
2867 582 2944 626 ex

514 670 741 746 Μαρίας
766 669 800 731 ὁ
827 672 1239 751 ἕκατι-ἕρματος
1267 669 1482 747 Δαβίδ·
1515 672 1622 751 οὔχ
1649 668 1684 730 ὅ
1782 666 1977 728 Maria
2023 663 2128 744 qui
2174 686 2247 728 ex
2295 664 2524 726 semine
2579 675 2669 725 est
2719 662 2940 722 Dauid.

515 768 643 834 θεὰς
660 770 837 853 λόγος
852 775 916 831 ἐκ
935 768 1200 853 γυναικός
1215 770 1566 852 γεγέννηται·
1593 793 1681 849 γε·
1779 785 1903 826 non
1977 767 2143 825 Deus
2206 765 2475 824 Verbum
2548 783 2624 824 ex
2693 760 2944 821 muliere

513 868 782 947 γέννηται
800 868 862 928 δὲ
890 874 951 930 ἐκ
967 866 1231 950 γυναικὸς
1249 866 1283 927 ὅ
1304 870 1493 948 τῇτοῦ
1513 865 1682 950 ἁγίου
1779 875 1954 924 natus
1981 874 2089 935 est,
2112 863 2221 923 sed
2251 873 2429 923 natus
2456 880 2532 921 ex
2561 858 2806 920 muliere
2836 855 2943 934 qui

450 990 482 1050 5
515 968 830 1045 πνεύματος
857 966 1086 1046 δυνάμει
1114 967 1488 1030 διαπλασθεὶς
1508 970 1568 1026 ἐν
1583 964 1679 1025 αὖ·
1779 959 1997 1022 uirtute
2059 957 2247 1020 sancti
2310 959 2561 1036 Spiritus
2617 959 2946 1036 plasmatus

515 1064 609 1140 τῇ·
630 1063 731 1121 οὐκ
747 1066 810 1122 ἔκ
825 1060 1043 1142 μήτρας
1058 1059 1362 1123 τέτεκταιό
1378 1060 1683 1138 ὄμοούσιος
1782 1067 1872 1118 est
1897 1057 1961 1117 in
1991 1075 2079 1118 ea.
2150 1076 2274 1117 non
2309 1076 2383 1118 ex
2425 1068 2611 1116 matre
2647 1064 2825 1114 natus
2853 1062 2945 1113 est

514 1171 593 1247 τῷ
630 1168 819 1246 πατρί,
864 1160 1127 1247 ἀμήτωρ
1170 1163 1283 1247 γὰρ
1325 1162 1490 1228 οὗτος
1536 1162 1681 1224 κατὰ
1778 1161 2302 1224 consubstantialis
2360 1160 2539 1235 Patri,
2583 1163 2706 1220 sine
2760 1166 2950 1218 matre

518 1261 625 1340 *ἦν
667 1266 770 1323 Τοῖ’
809 1263 1088 1340 μακαρίου
1131 1262 1372 1321 Παύλου
1415 1258 1677 1336 φωνῆνῧ,
1780 1270 1943 1331 enim
2002 1280 2094 1331 est
2156 1270 2490 1331 secundum
2552 1266 2713 1328 beati
2773 1263 2947 1326 Pauli

515 1359 674 1420 ἀλλὰ
718 1358 752 1421 ὅ
798 1364 859 1420 ἓν
908 1357 1170 1437 ὖστὲρῦις
1224 1361 1438 1436 καιροῖς
1492 1361 1553 1418 ἓν
1605 1364 1681 1436 Τᾒ
1779 1386 2012 1440 uocem,
2064 1368 2174 1427 sed
2234 1366 2336 1444 qui
2392 1363 2457 1425 in
2517 1363 2945 1443 posterioribus

414 1479 487 1517 10
513 1456 745 1538 μητρῷᾳ
796 1458 1009 1539 yae-tp).
1049 1458 1124 1535 *fi
1164 1462 1267 1516 *οὓ
1309 1453 1474 1538 &stov
1519 1453 1681 1515 πνεῦ·
1778 1464 2150 1542 temporibus
2238 1463 2303 1524 in
2383 1475 2656 1524 materno
2736 1474 2948 1522 uentre

513 1582 690 1635 ματος
733 1554 961 1634 δυνάμει
1008 1554 1398 1628 διαπλασθείς,
1443 1552 1544 1615 ὅτι
1587 1552 1682 1614 καὶ
1778 1560 1969 1621 sancti
1987 1559 2238 1637 Spiritus
2259 1559 2475 1621 uirtute
2491 1561 2816 1638 plasmatus
2833 1569 2943 1632 est,

515 1659 771 1743 ἀπάτωρ
815 1659 907 1723 διαὶ
946 1663 1115 1721 τοῦτο
1156 1656 1476 1740 λεγόμενος.
1778 1669 1987 1736 utpote
2013 1659 2136 1719 sine
2145 1665 2327 1736 patre
2347 1668 2665 1735 propterea
2691 1653 2910 1733 dictus·

790 1878 839 1918 2.
931 1855 1087 1939 [Act.
1125 1859 1316 1920 Cone.
1350 1860 1471 1921 CP.
1504 1858 1559 1918 ii.
1595 1876 1676 1918 ιν.
1713 1879 1743 1918 2
1779 1859 1846 1937 (“
1866 1869 1925 1920 et
1954 1870 2090 1937 post
2119 1858 2236 1919 alia
2254 1857 2328 1936 '').
2411 1857 2543 1937 Vig.
2582 1854 2661 1939 2].

643 1991 800 2049 Mox
839 1999 1042 2050 autem
1071 1988 1130 2048 in
1160 1989 1294 2066 ipso
1322 1990 1620 2066 plasmato
1650 1992 1818 2050 Deus
1845 1991 2112 2050 Verbum
2142 1990 2336 2050 factus
2362 1999 2454 2050 est
2471 2008 2490 2062 ;
2530 2007 2645 2048 nec
2687 1987 2848 2049 enim
2875 1986 2943 2049 in

517 2090 753 2148 caelum
780 2086 1132 2148 ascendenti
1160 2088 1356 2148 solum
1384 2085 1590 2161 inerat,
1622 2086 1730 2147 sed
1760 2086 1940 2147 etiam
1969 2106 2044 2149 ex
2074 2086 2321 2148 mortuis
2356 2087 2698 2166 resurgenti,
2729 2099 2942 2165 utpote

418 2206 486 2266 15
522 2190 580 2246 et
625 2184 982 2246 resuscitans
1029 2203 1168 2244 eum
1210 2184 1543 2244 secundum
1585 2203 1757 2244 suam
1798 2182 2273 2261 promissionem.
2345 2178 2827 2261 nee'resurgenti
2868 2204 2943 2245 ex

519 2280 768 2340 mortuis
809 2282 1005 2340 solum
1044 2278 1252 2352 inerat,
1297 2278 1403 2339 sed
1445 2278 1627 2339 etiam
1660 2279 1942 2345 crucifixo
1982 2290 2042 2341 et
2082 2279 2388 2358 baptizato
2432 2291 2491 2342 et
2531 2281 2943 2358 euangelicam

518 2387 656 2453 post
683 2374 980 2453 baptisma
1006 2375 1526 2435 conuersationem
1555 2362 1880 2452 peragenti,
1910 2393 2152 2435 necnon
2180 2374 2361 2435 etiam
2389 2385 2448 2435 et
2475 2386 2617 2435 ante
2645 2373 2943 2451 baptisma

519 2473 771 2551 legalem
801 2471 1154 2551 adimplenti
1190 2471 1699 2548 constitutionem,
1748 2483 1807 2533 et
1845 2483 2227 2550 praesentato
2270 2473 2601 2533 secundum
2639 2474 2849 2558 legem,
2881 2483 2943 2533 et

520 2571 889 2645 circumciSO,
935 2582 995 2632 et
1044 2582 1247 2649 partus
1294 2570 1511 2648 pannis
1565 2570 1877 2630 obuoluto.
1968 2581 2094 2632 erat
2150 2582 2352 2631 autem
2388 2570 2540 2631 sorte
2588 2570 2650 2629 in
2699 2570 2831 2648 ipso
2880 2581 2943 2631 et

418 2693 493 2733 πο
522 2681 823 2743 nascente,
853 2679 914 2729 et
946 2688 1084 2728 cum
1126 2668 1188 2728 in
1229 2679 1504 2728 materno
1544 2679 1714 2728 utero
1751 2678 1909 2728 esset
1950 2687 1987 2727 a
2026 2668 2224 2746 prima
2266 2668 2465 2729 statim
2507 2667 2944 2745 plasmatione3

521 2764 959 2844 dispensationi
999 2763 1160 2825 enim
1215 2783 1372 2842 quae
1419 2763 1577 2824 circa
1632 2783 1771 2824 eum
1826 2775 1953 2824 erat
2006 2763 2280 2826 ordinem
2338 2764 2686 2842 inponebat,
2732 2775 2944 2842 utpote

522 2878 582 2927 et
609 2863 1005 2945 particulatim
1034 2863 1231 2942 ipsum
1259 2864 1339 2924 ad
1368 2860 1798 2940 perfectionem
1827 2863 2182 2939 perducens.

795 3076 848 3133 3.
936 3052 1096 3137 [Act.
1131 3057 1318 3118 Cone.
1355 3057 1477 3119 CP.
1509 3055 1567 3117 ii.
1599 3074 1681 3118 ιν.
1715 3076 1750 3134 3
1774 3057 1837 3136 (“
1855 3067 1916 3118 et
1943 3068 2086 3135 post
2111 3057 2230 3120 alia
2245 3057 2318 3139 '’).
2405 3057 2535 3138 Vig.
2571 3056 2651 3141 3].

642 3188 724 3246 Et
763 3206 871 3264 per
911 3197 1151 3263 tempus
1193 3187 1437 3264 quidem
1477 3188 1559 3247 ad
1603 3186 1904 3265 baptisma
1947 3190 2193 3264 ducens,
2236 3202 2374 3268 post
2421 3189 2568 3253 illud
2613 3203 2817 3253 autem
2860 3192 2939 3253 ad

522 3274 811 3359 mortem3
859 3283 1079 3345 deinde
1121 3284 1450 3345 secundum
1490 3304 1659 3346 suam
1702 3286 2249 3364 pronuntiationem
2292 3289 2669 3364 resuscitans,
2713 3290 2941 3350 ducens

420 3406 491 3466 25
523 3382 585 3443 in
626 3383 877 3457 caelum,
915 3383 1239 3443 conlocans
1279 3401 1419 3443 eum
1456 3385 1535 3445 ad
1577 3385 1881 3446 dexteram
1924 3383 2042 3447 Dei
2078 3406 2187 3465 per
2223 3407 2392 3448 suam
2434 3387 2939 3462 coniunctionem,

522 3503 599 3544 ex
652 3502 774 3560 qua
828 3482 997 3542 sedet
1050 3491 1112 3540 et
1159 3481 1438 3541 adoratur
1482 3482 1561 3543 ab
1605 3482 1885 3544 omnibus
1932 3495 1995 3545 et
2041 3503 2254 3547 omnes
2299 3485 2603 3549 iudicabit.
2689 3487 2938 3549 istorum

520 3592 723 3642 autem
767 3580 1035 3641 omnium
1069 3580 1250 3640 finem
1293 3580 1457 3657 apud
1501 3599 1565 3641 se
1603 3582 1865 3643 habebat
1904 3585 2071 3643 Deus
2106 3586 2563 3659 Verbum„cum
2601 3585 2663 3646 in
2701 3605 2777 3647 eo
2816 3597 2942 3648 erat

524 3693 583 3741 et
612 3679 816 3740 omnia
841 3699 950 3757 per
976 3677 1250 3738 ordinem
1277 3679 1623 3755 complebat
1632 3699 1651 3753 5
1692 3698 1874 3756 quem
1903 3679 2177 3740 ordinem
2205 3680 2335 3758 ipse
2362 3681 2757 3743 arbitrabatur
2783 3684 2942 3745 bene

523 3780 759 3852 habere,
805 3775 1216 3855 praefinitione
1259 3774 1504 3852 quidem
1547 3786 1607 3835 et
1650 3777 1961 3837 uoluntate
2005 3795 2184 3853 quam
2233 3788 2415 3839 antea
2456 3780 2660 3841 statuit
2699 3800 2808 3859 pro
2845 3781 2939 3842 his

418 3901 495 3958 30
524 3895 678 3952 quae
719 3885 1006 3935 euentura
1037 3882 1216 3933 erant.
1305 3883 1363 3932 et
1409 3872 1572 3933 bona
1615 3874 1925 3933 uoluntate
1964 3893 2146 3949 quam
2180 3873 2339 3935 circa
2380 3895 2518 3937 eum
2563 3878 2825 3939 habebat
2859 3881 2940 3941 ab

410 4001 415 4006 «
522 3970 693 4032 initio
729 3968 997 4030 similiter
1031 3967 1220 4029 inerat
1260 3967 1334 4042 ei,
1384 3987 1492 4046 per
1533 3968 1807 4031 ordinem
1853 3981 2056 4030 autem
2101 3969 2214 4032 sibi
2261 3971 2550 4049 placitum
2593 3976 2675 4036 ad
2721 3976 2943 4053 perfec·

523 4070 750 4131 tionem
795 4068 1056 4129 ducebat
1097 4066 1313 4144 ipsum.

628 4231 647 4264 1
685 4220 760 4263 est
782 4221 950 4264 autem
985 4211 1037 4262 V
1246 4225 1305 4261 12
1339 4220 1546 4278 propter
1565 4212 1664 4262 hoc
1698 4211 1750 4262 V
1955 4228 2011 4277 ¹5
2047 4229 2108 4263 ex
2131 4215 2340 4265 mortuis
2361 4232 2438 4264 om
2473 4215 2526 4264 V
2729 4231 2784 4281 17
2820 4233 2939 4268 con·

523 4295 802 4345 uersionem
838 4295 889 4343 V
904 4292 914 4360 Ι
943 4294 1008 4344 de
1028 4292 1280 4358 baptismo
1302 4293 1419 4357 <fir
1437 4302 1487 4345 et
1508 4303 1626 4344 ante
1648 4295 1721 4356 b.)
1756 4295 1808 4343 V
2019 4312 2077 4365 19
2112 4297 2232 4348 fetui
2256 4298 2376 4362 (jbr
2391 4297 2584 4365 panus)
2617 4300 2668 4349 V
2877 4317 2932 4351 ἰι

524 4383 699 4442 utpote
718 4391 797 4426 om
831 4375 881 4425 V
1066 4389 1129 4441 29
1163 4390 1254 4439 per
1276 4374 1551 4426 finitionem
1587 4377 1638 4426 V
1655 4374 1664 4440 Ι
1695 4375 2004 4428 uoluntatem
2039 4379 2090 4427 V

1533 4490 1560 4515 ¹*
1599 4490 1736 4539 Heb.
1762 4490 1846 4540 vii.
1874 4506 1920 4554 3.
